2379 2948
212 131 284 166 585

210 214 317 248 Deus.
370 211 415 245 Et
435 210 500 245 hoc
518 212 632 255 ipsum
652 208 722 251 agit
740 206 797 241 hic
820 209 988 252 scriptor,
1013 215 1052 241 ut
1075 209 1197 240 doceat

213 265 291 309 quis
311 263 356 297 sit
380 260 495 309 λόγος.
549 260 643 292 Haec
669 265 750 292 sunt
778 258 1036 297 Grammatica‚
1072 260 1129 291 sed
1159 258 1196 289 in

214 314 437 348 enarratione
452 312 502 344 rei
517 310 742 353 gravissimae
760 310 966 343 necessaria.
1009 309 1097 343 Nam
1116 310 1197 353 qui—
1220 308 1222 319 ³

213 367 293 398 dam
322 365 358 396 in
384 375 422 395 eo
448 362 524 394 loco
551 361 774 394 tradiderunt
799 361 1048 404 explicationes
1072 361 1197 392 incon-

215 416 349 448 cinnas.
402 411 455 445 De
475 412 623 445 articulo
642 411 774 456 ubique
799 419 880 445 sunt
902 412 1005 444 obvia
1029 410 1197 454 exempla,

212 472 250 498 ut
275 466 327 509 τῷ
349 460 423 510 γὰρ
453 461 557 508 ἔρωτι
589 459 634 495 τὰ
666 460 716 506 μὴ
742 460 854 503 καλὰ,
883 460 976 496 καλὰ
1000 460 1197 507 πέφανται,
1221 484 1222 489 ,

212 515 409 548 subiectum
435 521 503 551 est,
537 510 582 546 τὰ
605 510 655 557 μὴ
680 512 787 547 καλά.
841 514 909 545 Sed
936 513 1197 545 consideremus

215 563 282 598 hoc
304 564 446 606 vulgare
464 564 612 597 dictum:
641 560 691 601 εἷς
707 561 781 596 ἐστὶ
798 560 931 601 δοῦλος
956 561 1072 601 οἰκίας
1095 560 1113 596 ὁ
1139 560 1196 595 δε-

212 612 358 660 σπότης.
410 613 478 647 Hic
495 615 563 646 nisi
577 613 744 646 articulus
761 620 972 647 monstraret
987 614 1196 650 subiectum,

212 665 424 708 ambiguitas
455 671 542 698 esset
574 670 691 696 utrum
727 664 875 703 diceret,
917 665 960 696 ab
993 676 1064 696 uno
1095 675 1195 696 servo

211 728 334 750 omnes
355 716 445 759 regi,
481 727 525 748 au
555 726 636 746 vero
669 714 782 746 solum
812 715 997 747 dominum
1031 714 1196 746 omnibus

212 767 352 800 servire.
407 765 587 799 Articulus
604 764 712 807 igitur
731 765 883 797 ostendit
905 765 1102 799 subiectum
1125 776 1197 797 esse

211 814 398 861 δεσπότης.
452 816 556 849 Solus
575 815 741 847 dominus
760 815 797 847 in
815 815 964 856 familia,
991 815 1196 860 praesertim

212 868 241 900 si
259 875 309 900 est
325 867 480 910 sapiens,
507 866 584 909 plus
603 866 751 898 sustinet
769 878 953 907 curarum,
981 867 1098 909 plures
1120 878 1198 899 mo·-

210 918 327 950 lestias
356 917 495 955 tolerat,
537 917 639 960 plura
670 916 832 960 inspicit,
868 912 974 962 quam
1008 918 1196 962 quisquam
1222 929 1223 932 ¹

211 980 410 1001 servorum.
463 966 502 1000 Si
522 974 571 1000 est
586 967 713 1000 stultus
729 967 915 1007 dominus,
941 967 1068 1001 misere
1092 967 1198 1000 servit

210 1019 248 1051 in
266 1016 439 1064 ἀναρχίᾳ.

210 1105 379 1148 Spiritus
413 1107 470 1137 est
498 1104 621 1145 Deus,
659 1100 784 1137 Iohan.
812 1102 847 1136 4.

619 1152 791 1198 quauta?

901 1105 1005 1144 Quae
1014 1128 1029 1145 ,
1065 1104 1197 1148 qualis,

311 1220 533 1263 Categorica,
561 1221 788 1258 affirmativa,
817 1227 849 1254 et
865 1221 1063 1264 singularis.
1106 1221 1196 1255 Nam

210 1271 405 1306 subiectum
423 1278 472 1304 est
482 1270 588 1312 Deus,
616 1272 710 1315 quod
728 1271 898 1305 articulus
918 1272 1072 1305 ostendit
1087 1269 1196 1307 πιέύ-
1222 1293 1224 1302 ==

209 1334 262 1366 μα
278 1319 296 1356 ὁ
316 1318 414 1360 θεός.
466 1319 512 1355 Et
529 1319 595 1354 hoc
613 1322 746 1355 dictum
764 1322 801 1354 in
820 1322 892 1366 ipsa
919 1323 1122 1356 narratione
1139 1322 1197 1356 lo-

210 1371 338 1405 hannis
356 1373 435 1405 ideo
454 1372 638 1412 recitatur,
666 1379 705 1405 ut
719 1373 860 1412 doceat,
888 1372 1001 1406 Deum
1025 1384 1098 1406 esse
1124 1375 1196 1417 spi-

211 1423 373 1456 ritualem
393 1422 600 1463 essentiam,
627 1434 699 1454 non
718 1423 846 1455 molem
865 1435 905 1455 ex
930 1424 1018 1456 coeli
1041 1432 1102 1458 aut
1126 1424 1197 1457 ele-

211 1480 411 1507 mentorum
429 1473 574 1506 materia
596 1473 794 1506 conflatam.

215 1561 375 1593 Tantum
403 1562 483 1592 octo
510 1556 678 1592 homines
703 1556 865 1602 fuerunt
890 1561 929 1592 in
945 1570 1035 1593 arca
1052 1559 1195 1594 Nohae.

468 1610 590 1650 Quae,
619 1610 757 1653 qualis,
785 1608 957 1653 quanta?

311 1673 535 1717 Categorica‚
563 1675 790 1715 affirmativa,
820 1681 852 1708 et
868 1676 1088 1712 universalis.
1125 1675 1198 1710 Ex-

211 1726 364 1759 clusivae
381 1725 473 1757 enim
503 1726 572 1757 vim
600 1723 730 1758 habent
754 1726 1031 1760 universalium:
1061 1726 1196 1761 Omnes

211 1774 372 1809 homines
387 1777 448 1820 qui
465 1776 606 1809 fuerunt
623 1776 661 1808 in
676 1788 766 1816 arca,
792 1776 936 1811 fuerunt
955 1784 1043 1812 octo.
1079 1779 1197 1824 Syllo-

212 1826 313 1869 gismi
337 1827 507 1859 secundae
535 1827 664 1869 figurae
693 1828 885 1861 ostendunt
913 1829 1106 1862 exclusivas
1131 1828 1196 1863 hoc

211 1878 318 1909 modo
336 1878 560 1919 exponendas
579 1889 664 1912 esse.

366 1927 443 1960 Soli
464 1928 643 1961 credentes
657 1926 853 1971 Evangelio
870 1929 1062 1970 salvantur,

366 1976 544 2010 Traianus
559 1989 632 2010 non
654 1979 764 2012 credit
782 1978 994 2023 Evangelio,

363 2026 459 2070 Ergo
476 2040 549 2060 non
568 2028 733 2062 salvatur.
1220 2049 1223 2067 ι

315 2077 433 2111 Maior
449 2078 617 2122 explicata
641 2079 690 2112 sic
706 2079 938 2113 convertitur:
965 2078 1102 2114 Omnes
1128 2083 1195 2115 sal-
1221 2079 1223 2121 ff

214 2129 348 2162 vandos
363 2140 500 2162 necesse
522 2136 571 2162 est
586 2130 739 2163 credere.
774 2128 824 2163 lta
843 2132 1024 2164 conversio
1043 2132 1197 2168 illustrat
1221 2124 1223 2165 Ι,

215 2180 417 2213 exclusivas.
471 2178 518 2213 Et
531 2180 620 2213 ratio
637 2178 742 2214 huius
757 2182 997 2214 conversionis
1015 2185 1197 2226 apparebit
1221 2180 1223 2216 ἶ

215 2242 255 2263 ex
273 2228 327 2264 his
338 2255 347 2268 ,
374 2242 463 2275 quae
479 2230 572 2263 infra
588 2231 631 2263 de
648 2231 877 2265 conversione
894 2232 1066 2268 dicentur.

291 2318 356 2350 Rei
381 2327 454 2350 non
480 2315 594 2351 bonae
614 2316 840 2352 consuetudo
857 2320 1023 2362 pessima
1047 2324 1114 2353 est.
1221 2298 1223 2379 j

462 2369 586 2411 Quae,
615 2369 754 2414 qualis,
781 2367 951 2414 quanta?

316 2432 533 2477 Categorica,
549 2435 775 2478 affirmativa,
792 2436 987 2470 indefinita.
1013 2435 1091 2471 Etsi
1103 2437 1196 2471 enim
1222 2432 1223 2449 ¹

218 2483 354 2524 negatio
374 2484 504 2518 inserta
529 2493 595 2526 est,
621 2492 738 2520 tamen
764 2488 808 2520 ad
825 2487 1096 2532 descriptionem
1113 2488 1198 2521 sub-
1221 2478 1223 2509 Ῑ

218 2532 299 2565 iecti
322 2534 490 2577 pertinet,
517 2548 590 2569 non
614 2537 779 2571 adiuncta
805 2545 856 2572 est
881 2538 1040 2582 copulae.
1094 2538 1198 2572 Tunc
1222 2530 1223 2560 3

219 2588 334 2615 autem
351 2585 544 2628 propositio
563 2587 692 2621 dicitur
713 2589 889 2631 negativa,
915 2590 1056 2635 quando
1076 2601 1095 2623 a
1112 2590 1196 2623 sub·
1222 2587 1223 2638 ᾗ

218 2633 307 2667 iecto
325 2641 480 2668 removet
497 2635 643 2669 alterum
661 2639 855 2684 principale
873 2641 1083 2685 membrum,
1101 2641 1195 2686 quod
1221 2649 1223 2690 j

219 2695 298 2717 vere
315 2685 521 2719 nominatur
534 2688 780 2730 praedicatum.

480 124 688 162 SCRIPTA
716 123 791 158 PH.
816 120 930 156 MEL.
957 122 1025 158 AD
1051 122 1178 159 HIST.
1206 121 1349 160 PROF.
1376 121 1442 157 ET
1470 120 1660 156 PHILOS.
1683 120 2001 159 SPECTANTIA.

1222 1508 1224 1545 s
1249 1512 1336 1545 quae
1352 1500 1389 1532 fit
1407 1499 1665 1543 permutatione
1691 1506 1937 1532 extremorum.

1248 2235 1481 2270 tradictoriae.

1222 2463 1223 2472 ἢ
1247 2438 1346 2472 Nulli
1363 2439 1436 2471 dies
1460 2437 1657 2470 artificiales
1681 2446 1762 2472 sunt
1785 2439 1957 2484 aequales,

2158 122 2233 157 584

1297 207 1550 256 Siynificatne
1573 208 1705 252 copula
1731 218 1880 252 semper
1898 208 2029 243 eodem
2047 207 2180 243 modo?

1351 285 1498 318 Videtur
1516 284 1700 317 diversitas
1715 295 1804 324 esse,
1831 295 1910 316 cum
1928 283 2093 317 dicimus:
2129 283 2229 318 Plato

1247 342 1298 368 est
1317 343 1494 376 mortuus,
1521 334 1599 369 Rex
1616 342 1665 368 est
1690 341 1832 379 potens,
1860 332 2035 367 Iohannes
2058 341 2108 368 est
2120 333 2230 369 Elias.

1246 383 1323 419 Etsi
1347 393 1462 420 autem
1488 394 1608 429 argute
1636 386 1706 418 dici
1738 392 1869 429 potest,
1903 385 2064 429 copulam
2095 396 2231 429 semper

1221 448 1222 451 ¹
1246 448 1375 470 nexum
1401 448 1491 477 esse,
1516 437 1550 470 id
1566 443 1636 475 est,
1664 436 1807 479 alligare
1824 435 2069 480 qualecunque
2090 437 2230 479 praedi-

1246 494 1361 520 catum
1377 488 1551 527 subiecto,
1579 494 1697 531 postea
1716 487 1752 519 in
1769 486 1977 531 praedicatis
1994 486 2231 520 diversitatem

1220 563 1222 566 Α
1247 549 1339 577 esse,
1366 538 1451 570 alias
1469 538 1611 571 additur
1632 538 1849 582 privativum
1874 549 2022 577 nomen,
2051 537 2135 570 alias
2157 549 2231 569 rem

1246 588 1432 632 positivam
1457 588 1675 631 significans,
1710 589 1795 621 alias
1818 588 1952 628 simile,
1979 595 2096 620 tamen
2117 588 2231 631 fugia-

1246 651 1324 672 mus
1341 639 1447 671 nimis
1464 639 1569 671 exiles
1588 639 1852 682 explicationes,
1880 639 2037 671 dicamus
2062 644 2101 671 ut
2124 639 2230 681 vulgo

1248 690 1387 723 dicunt:
1424 687 1524 722 Alias
1548 689 1693 732 ponitur
1715 690 1839 733 copula
1867 687 2117 735 ὑπαρκτικῶς,
2146 689 2232 722 alias

1246 747 1286 774 ut
1310 752 1437 780 nexus,
1463 740 1663 783 significans
1690 740 1761 772 dici
1786 741 2023 783 praedicatum
2049 740 2091 772 de
2112 740 2230 773 subie-

1221 797 1322 829 ;c[O‚
1358 791 1431 824 sive
1466 791 1635 824 vocabula
1667 791 1739 823 sint
1771 791 1961 834 privativa,
1999 790 2072 823 sive
2103 790 2231 836 typica.

1222 859 1223 862 =
1249 840 1361 874 Vinea
1384 848 1432 875 est
1460 840 1629 874 Ecclesia.

1682 840 1751 874 Hic
1773 841 1891 874 aiunt:
1915 839 1979 874 Est
2004 841 2149 885 ponitur
2168 853 2231 885 pro

1247 892 1429 935 significat.
1491 890 1698 936 Expeditius
1732 898 1783 925 est
1814 893 1999 924 decurrere
2027 892 2070 924 ad
2107 892 2231 925 modos

1222 948 1223 971 ἱ
1248 943 1540 986 praedicationis,
1567 954 1654 987 quos
1670 954 1774 986 supra
1791 943 1960 975 recensui.
2005 941 2057 975 De
2074 942 2232 986 figuratis

1248 994 1356 1037 igitur
1376 994 1531 1027 breviter
1552 993 1759 1037 responderi
1775 999 1907 1037 potest,
1933 993 2231 1037 praedicationem

1249 1045 1430 1088 figuratam
1455 1056 1538 1079 esse.
1592 1043 1717 1077 Postea
1749 1056 1828 1076 curn
1859 1055 1947 1087 opus
1971 1050 2037 1083 est,
2080 1046 2231 1078 addatur

1247 1096 1444 1136 enarratio,
1480 1095 1595 1140 qualis
1618 1095 1727 1138 figura
1753 1094 1810 1127 sit.
1869 1092 1918 1128 Et
1951 1094 2092 1138 quando
2115 1096 2231 1127 valeat

1248 1147 1513 1190 consequentia:
1541 1145 1618 1180 Rex
1636 1152 1685 1178 est
1700 1151 1845 1189 potens,
1873 1145 1981 1188 igitur
1999 1156 2059 1177 rex
2079 1152 2148 1186 est,
2173 1145 2231 1177 in-

1222 1226 1223 1232 ,
1248 1197 1299 1230 fra
1321 1198 1468 1232 dicetur.

1318 1316 1385 1356 De
1412 1316 1686 1369 Oppositione
1712 1320 1752 1356 et
1776 1315 1827 1355 de
1852 1314 2158 1356 Conversione.

1350 1398 1528 1431 Accidunt
1558 1398 1863 1441 propositionibus
1893 1398 1981 1430 duae
2014 1397 2232 1437 collationes,

1249 1449 1355 1482 altera
1387 1461 1466 1482 cum
1501 1449 1688 1492 oppositis,
1726 1449 1835 1482 altera
1866 1461 1944 1481 cum
1977 1448 2232 1493 aequivalente,

1992 1498 2096 1532 Nunc
2122 1498 2231 1541 igitur

1249 1552 1291 1583 de
1313 1550 1536 1593 oppositione
1560 1550 1749 1582 dicendum
1773 1556 1840 1590 est,
1876 1550 1938 1582 ubi
1968 1549 2122 1594 primum
2154 1560 2232 1581 mo-

1223 1608 1224 1611 ’
1249 1601 1358 1633 nendi
1381 1607 1462 1633 sunt
1487 1600 1678 1640 discentes,
1710 1599 1814 1632 aliam
1840 1611 1911 1632 esse
1932 1600 2146 1644 simplicium
2170 1611 2231 1632 seu

1249 1663 1365 1684 rerum
1386 1650 1664 1695 oppositionem,
1688 1657 1745 1691 ut,
1769 1650 1896 1683 caloris
1912 1658 1944 1684 et
1960 1651 2119 1694 frigoris,
2142 1650 2230 1683 lucis

1249 1710 1281 1736 et
1298 1703 1541 1741 tenebrarum,
1567 1701 1610 1733 de
1626 1713 1693 1745 qua
1719 1702 1941 1745 oppositione
1963 1699 2021 1734 hic
2043 1714 2116 1734 non
2142 1701 2230 1734 dici-

1223 1760 1225 1783 ῐ
1249 1760 1324 1794 tur,
1351 1754 1410 1785 sed
1436 1753 1472 1785 in
1498 1752 1582 1785 locis
1599 1759 1780 1796 praecepta
1801 1753 1844 1784 de
1862 1764 1899 1785 ea
1915 1753 2121 1786 traduntur:
2149 1752 2231 1785 Alia

1222 1824 1223 1841 2
1249 1811 1298 1837 est
1317 1803 1600 1848 propositionum
1621 1803 1808 1846 oppositio,
1836 1815 1925 1848 quae
1945 1810 1994 1837 est
2013 1802 2230 1836 dissonantia

1222 1885 1223 1896 ζ
1248 1856 1398 1888 duarum
1423 1854 1723 1898 propositionum,
1753 1865 1900 1899 quarum
1926 1855 2034 1888 altera
2060 1861 2110 1887 est
2134 1853 2229 1886 affir-

1248 1906 1398 1945 mativa,
1426 1905 1534 1938 altera
1559 1904 1739 1948 negativa,
1772 1905 1965 1937 eorundem
1992 1912 2227 1938 extremorum

1247 1957 1323 1989 sine
1340 1957 1411 1989 ulla
1430 1955 1657 1998 ambiguitate
1675 1955 1953 1995 intellectorum,
1977 1961 2030 1988 ut:
2058 1954 2156 1987 Paris
2171 1966 2228 1988 ra-

1220 2021 1222 2039 2
1249 2007 1324 2051 puit
1339 2006 1530 2047 Helenam,
1555 2006 1654 2040 Paris
1671 2018 1744 2039 non
1762 2005 1879 2050 rapuit
1896 2005 2080 2040 Helenam.

1274 2110 1366 2149 Quot
1381 2111 1467 2141 sunt
1482 2110 1622 2152 species
1635 2109 1877 2152 oppositionis
1889 2105 2209 2151 propositionum?

1324 2184 1413 2217 Tres
1427 2191 1521 2217 sunt:
1544 2183 1759 2224 Contrariae,
1775 2183 2060 2225 subcontrariae,
2078 2190 2113 2217 et
2129 2181 2228 2217 Con-

1534 2233 1741 2269 Contrariae
1767 2242 1849 2268 sunt
1879 2236 1968 2268 duae
2000 2235 2228 2274 universales,

1248 2298 1399 2332 quarum
1433 2285 1540 2319 altera
1561 2282 1622 2319 'est
1652 2285 1877 2326 affirmativa,
1919 2286 2025 2319 altera
2055 2285 2227 2329 negativa,

1249 2339 1442 2371 eorundem
1478 2343 1713 2369 extremorum
1737 2337 1813 2370 sine
1837 2337 2066 2380 ambiguitate
2086 2335 2226 2369 intelle·

1221 2385 1223 2423 ἶ
1248 2395 1395 2427 etenim,
1420 2393 1474 2421 ut:
1502 2384 1638 2420 Omnes
1654 2387 1728 2420 dies
1745 2387 1942 2421 artificiales
1959 2394 2039 2420 sunt
2055 2386 2226 2430 aequales,

2008 2437 2225 2471 subcontra-

1248 2489 1319 2522 riae
1337 2495 1418 2522 sunt
1434 2489 1521 2521 duae
1539 2488 1764 2532 particulares
1776 2516 1784 2529 ‚
1812 2501 1958 2534 quarum
1973 2488 2080 2521 altera
2100 2494 2149 2521 est
2171 2488 2226 2522 af-

1247 2540 1441 2580 firmativa,
1468 2539 1576 2572 altera
1603 2540 1782 2582 negativa,
1808 2547 1862 2573 ut:
1890 2539 2043 2582 Quidam
2071 2539 2145 2572 dies
2168 2551 2225 2573 ar-

1247 2590 1404 2624 tificiales
1429 2596 1510 2623 sunt
1531 2591 1713 2635 aequales,
1748 2590 1901 2633 Quidam
1928 2589 2003 2622 dies
2027 2589 2223 2623 artificiales

1248 2653 1321 2674 non
1339 2647 1420 2675 sunt
1437 2641 1610 2686 aequales.
1664 2640 1964 2675 Contradictoriae
1979 2646 2062 2673 sunt
2078 2640 2223 2674 univer-

1220 2692 1347 2734 ³salis,
1379 2692 1605 2734 affirmativa,
1638 2698 1670 2726 et
1699 2691 1919 2736 particularis
1954 2691 2132 2734 negativa,
2166 2698 2222 2726 ut:
