2379 2948
81 93 153 130 109

77 178 223 220 figuras,
255 187 461 217 numerum,
488 174 637 218 [motum
664 171 704 208 vet
734 173 841 207 situm
871 183 1059 216 corporum

77 234 245 273 tanquam
265 226 465 260 communia
489 225 634 259 obiecta.

179 284 351 319 Utilitatis
365 284 569 327 magnitudo
584 293 657 314 non
674 287 786 324 potest
803 281 885 315 satis
903 280 1058 313 declara-

76 336 119 369 ri.
170 334 240 369 Sed
255 334 423 368 monendi
440 339 523 366 sunt
546 331 723 370 iuniores,
750 339 789 366 ut
805 329 933 364 horum
950 331 1058 364 mira-
1082 345 1085 401 Ι

75 386 203 420 bilium
235 396 380 429 operum
408 383 612 415 divinorum
636 388 764 423 artem,
797 382 993 415 bonitatem
1024 388 1058 415 et
1082 402 1084 409 x

76 448 159 470 usus
178 436 296 480 aliquo
320 433 425 466 modo
448 432 679 466 considerent.
734 431 859 475 Qualis
875 439 961 465 esset
976 432 1057 473 vita,
1081 423 1084 452 ¹

76 487 104 520 si
120 492 304 531 perpetuae
320 483 483 517 tenebrae
500 489 631 523 essent,
652 489 711 516 aut
729 483 759 516 si
779 483 838 516 lux
854 494 927 515 non
943 489 1056 526 posset
1080 524 1081 532 ἵ

75 533 315 581 adprehendi?
357 531 528 567 Condidit
556 532 652 566 Deus
672 533 805 573 lucem,
833 540 865 566 et
888 533 964 567 vult
989 545 1055 566 no-
1080 533 1082 543 '

74 593 145 620 tam
168 596 258 622 esse,
284 590 317 618 et
340 583 501 617 distinxit
522 595 598 616 eam
623 595 642 616 a
668 583 832 618 tenebris.

75 649 150 671 ram
166 633 321 668 hominis
338 633 441 667 talem
459 633 635 674 condidit,
661 640 699 667 ut
715 631 980 678 adprehendere
998 634 1054 667 lu-

74 698 166 726 cem,
192 692 226 718 et
250 684 447 717 discernere
472 696 548 717 eam
572 684 684 718 oculis
707 685 829 728 possit.
880 684 951 717 Nec
968 684 1052 729 quid

75 737 118 771 sit
149 733 235 768 haec
265 731 502 778 pulcherrima
534 746 608 775 res,
654 735 713 767 lux
746 735 926 775 videlicet,
966 727 1080 779 quaes

73 786 227 820 ostendit
249 796 303 818 res
325 791 495 823 coeteras,
523 785 636 818 verbis
661 785 787 828 exponi
806 791 931 830 potest.
983 783 1051 818 Sed
1078 793 1079 808 ³

73 836 168 870 oculi
196 847 271 869 eam
302 842 516 877 agnoscunt,
550 841 582 869 et
606 847 625 868 a
657 835 811 868 tenebris
839 835 1052 870 discernunt.

72 886 160 920 Vult
181 893 295 920 autem
311 884 414 929 3Deus
441 883 504 918 hac
524 886 696 930 corporali
722 886 798 918 luce
824 886 1053 926 considerata,
1077 893 1080 910 ·

72 936 234 980 intelligi,
259 943 291 970 et
305 947 377 969 sese
391 947 462 969 esse
479 936 592 969 lucem
609 936 786 980 quandam
798 936 1053 977 admirandam,

72 993 110 1020 ut
124 984 284 1020 homines
303 986 415 1020 sancti
433 986 623 1031 aliquando
640 986 877 1031 experiuntur.

885 584 936 616 Ac
952 591 1055 616 natu-
1079 582 1081 639 J

353 1093 455 1135 Quod
482 1098 537 1128 est
564 1091 774 1140 organum?

174 1173 311 1209 Oculus
334 1182 368 1209 et
391 1176 430 1208 in
457 1175 559 1209 oculo
575 1175 799 1220 crystallinus
822 1173 966 1214 humor,
991 1174 1051 1219 qui
1077 1180 1079 1213 ζ

72 1232 105 1260 et
121 1237 183 1259 sua
205 1232 332 1258 natura
356 1225 466 1266 lucet,
492 1232 524 1259 et
539 1226 703 1259 adserunt
719 1225 750 1258 ei
773 1226 934 1269 spiritum
952 1224 1052 1257 nervi

72 1276 191 1320 optici.
244 1274 311 1307 Hic
336 1275 480 1318 spiritus
502 1276 610 1308 vitam
639 1276 795 1319 impertit
823 1275 949 1315 oculis,
983 1281 1052 1308 est-

72 1337 139 1370 que
162 1325 259 1358 velut
280 1324 457 1356 flammula
471 1349 480 1364 ,
507 1329 669 1357 naturam
692 1326 846 1357 referens
869 1325 957 1358 lucis
973 1336 1051 1357 coe-

72 1375 183 1416 lestis,
215 1374 374 1407 tribuens
397 1373 468 1405 vim
501 1373 659 1408 videndi.
710 1373 786 1406 Hac
809 1374 949 1406 flamma
974 1381 1052 1406 tan-

71 1437 176 1471 quam
201 1424 291 1465 vita,
318 1424 354 1456 in
378 1420 562 1456 humorem
586 1423 828 1468 crystallinum
852 1434 988 1466 sparsa,
1014 1423 1053 1456 fit

70 1474 138 1509 hoc
161 1475 267 1508 modo
292 1474 399 1514 visio,
426 1473 507 1518 quia
533 1473 756 1519 crystallinus
775 1471 904 1507 humor
928 1474 1052 1517 recipit

70 1526 186 1559 illatas
205 1526 248 1558 ab
264 1524 400 1557 obiecto
417 1524 567 1567 species,
593 1535 682 1569 quae
705 1524 755 1558 ihi
772 1523 961 1566 imaginem
978 1524 1050 1557 effi-

71 1577 186 1617 ciunt,
212 1582 253 1609 ut
268 1575 410 1618 illapsae
426 1574 464 1607 in
480 1574 679 1618 speculum,
706 1586 766 1608 seu
782 1581 821 1608 ut
838 1575 875 1609 fit
890 1574 928 1608 in
946 1575 1052 1618 sigilli

70 1626 310 1671 impressione.

350 1732 454 1775 Quod
482 1737 539 1767 est
565 1733 747 1768 obiectum
755 1733 772 1767 ?

173 1816 322 1860 Propria
351 1816 487 1849 obiecta
516 1822 613 1849 sunt:
646 1815 725 1849 Lux
749 1822 781 1850 et
805 1814 920 1851 Color.
982 1814 1054 1848 Nec

71 1867 220 1903 dubium
238 1874 305 1905 est,
334 1866 488 1900 colorem
505 1876 577 1898 esse
592 1867 796 1911 qualitatem
811 1866 912 1900 mixti
929 1877 1054 1909 corpo-

71 1920 136 1960 ris,
170 1924 282 1951 ortam
314 1929 334 1951 a
363 1917 612 1950 commixtione
643 1917 844 1950 lucidorum
866 1927 1052 1960 corporum

71 1982 149 2004 cum
167 1967 335 2002 obscuris,
386 1966 481 2000 Haec
497 1967 685 2011 descriptio
702 1974 880 2013 utcunque
904 1966 1054 2009 intelligi

71 2026 202 2064 potest,
232 2018 350 2061 agnita
373 2017 461 2051 lucis
486 2024 633 2059 natura,
666 2029 772 2063 quam
803 2017 914 2051 oculis
940 2017 1054 2051 cerni-

71 2081 161 2106 mus.
213 2069 283 2104 Sed
307 2068 518 2102 constituere
541 2068 630 2102 lucis
651 2068 892 2103 definitionem
913 2068 1054 2101 difficile

72 2127 133 2154 est.
183 2119 258 2153 Nos
283 2119 451 2159 dicimus,
478 2118 680 2163 qualitatem
704 2130 776 2152 esse
791 2119 829 2152 in
847 2119 1055 2163 corporibus

73 2170 298 2211 coelestibus,
325 2176 358 2203 et
375 2170 419 2214 'in
451 2169 545 2213 igni,
578 2170 659 2203 ae're
686 2176 720 2203 et
753 2181 843 2215 aqua
866 2170 1054 2205 ostenden-

72 2229 161 2262 tem,
188 2227 222 2254 et
237 2232 307 2253 sese
324 2227 357 2254 et
378 2220 445 2253 alia
463 2231 622 2264 corpora.

171 2278 333 2312 Narratio
359 2285 474 2313 antem
498 2276 704 2323 prophetica
734 2279 845 2322 magis
872 2279 1054 2323 perspicua

72 2337 140 2371 est,
167 2341 255 2374 quae
279 2328 392 2361 lucem
417 2329 598 2369 nominat,
625 2329 701 2373 ipsa
719 2341 865 2373 corpora
884 2329 1055 2370 coelestia,

72 2392 161 2426 quae
175 2386 257 2414 sunt
273 2379 352 2412 fons
366 2378 513 2412 luminis
529 2391 727 2423 corporum.
778 2379 869 2415 Cum
887 2379 980 2413 enim
999 2379 1054 2413 di-

72 2431 177 2464 citur:
204 2430 283 2471 Fiat
306 2429 383 2468 lux,
410 2425 504 2461 haud
525 2430 633 2463 dubie
649 2430 891 2474 significantur
906 2442 1052 2474 corpora

71 2481 252 2522 coelestia,
285 2479 323 2512 in
348 2478 476 2523 quibus
500 2479 670 2522 singulari
691 2481 841 2514 consilio
865 2480 960 2515 Deus
986 2478 1053 2513 hoc

71 2532 205 2564 bonum
229 2529 372 2574 sparsit,
398 2529 492 2573 quod
516 2527 646 2564 Lucem
672 2531 909 2565 nominamus.
963 2530 1052 2565 Cum

72 2581 180 2625 igitur
203 2582 247 2614 de
270 2581 347 2613 luce
370 2578 588 2623 quaerimus,
614 2580 707 2612 oculi
729 2582 864 2615 coelum
888 2582 1053 2616 intuean-

73 2638 149 2671 tur,
176 2642 240 2665 nec
260 2635 429 2676 quaerant
444 2629 529 2662 alias
553 2629 786 2664 definitiones.

822 87 867 123 II.
901 85 1050 122 LIBER
1075 84 1142 122 DE
1168 86 1342 126 ANIMA.

1080 568 1082 577 i
1107 548 1163 581 nis
1177 548 1385 584 actionibus.

2027 97 2099 131 110

1408 175 1465 209 De
1490 174 1592 211 modo
1619 178 1785 211 visionis.

1215 245 1335 280 Toties
1355 248 1423 282 iam
1439 251 1597 293 dicimus,
1623 264 1696 286 non
1715 252 1855 296 penitus
1872 255 2020 298 perspici
2038 267 2091 288 re-

1110 307 1189 329 rum
1208 302 1388 336 naturam,
1414 301 1473 332 sed
1491 308 1667 347 utcunque
1692 303 1777 337 soris
1795 304 1912 347 aspici.
1966 303 2091 338 Consi-

1111 347 1272 379 deremus
1289 347 1396 390 igitur
1410 360 1484 381 eam
1504 359 1672 394 quantum
1690 354 1906 395 conceditur,
1934 361 1967 388 et
1983 366 2091 398 agno—

1110 408 1245 430 scamus
1269 395 1385 431 Deum
1411 399 1587 443 opificem,
1614 403 1673 446 qui
1690 400 1773 437 haec
1800 404 1960 438 miranda
1983 417 2089 449 opera

1081 467 1083 484 ,
1109 447 1223 481 voluit
1240 459 1312 481 esse
1328 449 1527 483 testimonia
1546 451 1588 483 de
1612 461 1672 484 sua
1689 454 1856 495 sapientia
1873 462 1905 489 et
1920 456 2088 499 potentia,

1108 498 1220 531 voluit
1248 498 1351 532 etiam
1376 511 1448 533 esse
1472 502 1822 536 commonefactiones
1838 505 1880 537 de
1899 506 1977 539 aliis
1993 518 2090 539 arca-

1440 550 1487 584 Ut
1502 551 1537 583 in
1555 551 1656 584 oculo
1674 552 1762 585 fiunt
1779 553 1965 596 imagines,
1992 557 2088 589 velut

1079 616 1080 620 =
1106 599 1144 631 in
1178 600 1335 643 speculo,
1371 600 1418 634 sic
1451 601 1524 645 ipse
1552 602 1683 635 nostris
1713 602 1889 636 mentibus
1915 605 2086 649 imprimit

1079 669 1080 676 κ
1106 649 1274 693 imagines
1290 651 1333 684 de
1350 662 1441 692 sese,
1470 652 1567 685 velut
1590 652 1743 696 speculo.

1207 706 1285 742 Etsi
1314 715 1430 743 autem
1461 709 1503 742 de
1526 710 1632 743 modo
1658 710 1803 744 visionis
1826 712 1958 745 multae
1981 724 2086 757 quae-

1078 775 1080 785 ³
1106 757 1236 791 stiones
1258 759 1455 801 agitantur,
1491 766 1609 793 tamen
1633 772 1717 801 nos,
1744 768 1782 794 ut
1800 761 1843 803 ¹in
1862 773 1898 795 re
1916 774 1989 795 non
2006 775 2086 806 per—

1105 809 1320 851 vestigabili‚
1361 810 1585 843 recitabimus
1617 810 1691 844 sine
1714 811 1818 854 longa
1850 812 2086 856 disputatione

1078 877 1079 883 κ
1104 859 1291 901 opiniones
1312 872 1385 893 non
1408 868 1642 901 monstrosas,
1671 873 1756 906 quas
1779 870 1986 906 receperunt
2009 875 2087 897 eru-

1105 909 1189 950 diti,
1217 910 1277 954 qui
1294 907 1376 944 haec
1390 911 1595 954 diligentius
1613 912 1935 948 consideraverunt.

1205 974 1380 1010 Nonnulli
1402 976 1664 1018 existimarunt,
1692 978 1864 1011 visionem
1882 979 1958 1012 fieri
1979 979 2086 1011 radiis

1105 1036 1145 1057 ex
1169 1026 1271 1059 oculo
1297 1027 1450 1070 emissis,
1486 1034 1518 1061 et
1541 1027 1751 1061 ferientibus
1772 1040 1832 1061 seu
1855 1026 2086 1072 comprehen-

1105 1076 1271 1109 dentibus
1294 1077 1441 1110 obiecta.
1501 1076 1571 1110 Sed
1593 1078 1799 1112 Aristoteles
1828 1079 2002 1122 sapienter
2031 1091 2087 1111 re-

1077 1155 1079 1173 ;
1103 1125 1276 1168 fragatur,
1312 1127 1393 1171 quia
1418 1127 1455 1159 in
1479 1128 1600 1168 oculo,
1634 1140 1707 1161 non
1734 1134 1828 1161 extra
1849 1129 1989 1162 oculum
2011 1129 2087 1161 fieri

1105 1176 1274 1208 visionem
1297 1183 1443 1219 oportet.
1498 1176 1570 1210 Iam
1588 1178 1617 1210 si
1638 1178 1729 1211 radii
1747 1185 1990 1222 procurrentes
2013 1190 2086 1212 non

1104 1226 1280 1266 redirent,
1306 1227 1400 1260 fieret
1419 1227 1506 1260 visio
1527 1234 1621 1261 extra
1639 1229 1791 1262 oculum.

1205 1283 1347 1316 Deinde
1363 1284 1453 1317 radii
1471 1296 1541 1316 non
1561 1291 1642 1318 sunt
1660 1292 1729 1319 tam
1747 1286 1863 1329 longi,
1889 1293 1927 1320 ut
1949 1285 2088 1319 Lunam

1104 1339 1162 1366 aut
1174 1332 1292 1367 Solem
1310 1334 1494 1377 attingant.
1534 1333 1652 1376 Quare
1670 1341 1703 1368 et
1713 1335 1919 1369 Aristoteles
1937 1342 1970 1370 et
1980 1334 2087 1379 Opti-

1105 1384 1135 1415 ci
1153 1383 1296 1423 dicunt,
1324 1383 1362 1416 in
1385 1384 1501 1416 medio
1520 1384 1702 1427 perspicuo
1729 1385 1771 1417 ad
1787 1385 1948 1426 oculum,
1976 1386 2036 1429 qui
2056 1392 2088 1418 et

1104 1433 1177 1476 ipse
1204 1433 1342 1466 lucidus
1367 1440 1436 1474 est,
1469 1434 1553 1466 ferri
1579 1434 1737 1467 colorum
1761 1435 1909 1478 species,
1938 1447 2023 1479 quas
2048 1442 2088 1469 ut

1104 1491 1182 1526 fler,
1214 1485 1262 1516 ita
1287 1484 1409 1517 oculus
1434 1484 1572 1518 lucidus
1597 1484 1732 1530 recipit.
1783 1483 1859 1518 Hac
1889 1485 2087 1529 receptione

1106 1534 1181 1567 fieri
1200 1534 1372 1567 visionem
1392 1534 1527 1568 dicunt.

1210 1599 1283 1633 lam
1298 1601 1405 1634 altera
1424 1601 1579 1646 quaestio
1596 1607 1661 1634 est:
1686 1601 1743 1634 An
1761 1613 1779 1635 a
1798 1602 2003 1646 corporibus
2022 1603 2088 1635 ali-

1106 1651 1200 1696 quod
1228 1651 1348 1684 lumen
1373 1659 1573 1695 spargatur,
1605 1653 1700 1696 quod
1725 1652 1911 1686 nominant
1939 1654 2086 1697 speciem

1106 1701 1294 1740 visibilem,
1322 1708 1360 1735 ut
1376 1714 1453 1735 cum
1474 1702 1676 1744 in'speculis
1694 1703 1892 1736 redduntur
1908 1703 2088 1746 imagineS,

1106 1752 1343 1785 existimamus
1362 1752 1406 1784 ab
1427 1752 1571 1784 obiectis
1595 1751 1713 1784 lumen
1736 1752 1976 1786 transmissum
2002 1765 2087 1792 esse,

1107 1802 1202 1846 quod
1239 1814 1316 1835 cum
1351 1802 1541 1836 reflectitur
1577 1808 1609 1834 et
1643 1801 1732 1842 coit,
1772 1801 1941 1845 integram
1983 1804 2087 1836 efficit

1106 1851 1304 1895 imaginem.

1208 1915 1340 1950 Occam
1360 1923 1462 1959 negat
1477 1916 1609 1960 aliquid
1625 1927 1696 1949 esse
1712 1913 1774 1949 has
1792 1916 1940 1960 species,
1966 1923 1999 1951 et
2015 1918 2087 1950 exi-

1107 1969 1234 2007 stimat,
1261 1978 1407 2011 corpora
1424 1968 1591 2010 adparere
1608 1966 1645 1998 in
1662 1966 1779 1999 lucida
1794 1967 1985 2011 superficie,
2004 1969 2087 2012 quia

1108 2019 1155 2052 sic
1172 2018 1314 2051 condita
1337 2017 1381 2050 sit
1398 2023 1540 2056 natura,
1566 2023 1605 2050 ut
1623 2017 1660 2049 in
1679 2017 1806 2050 lucidis
1823 2028 1877 2050 res
1895 2018 1990 2050 cerni
2006 2029 2088 2060 pos-

1106 2069 1189 2104 sint.
1243 2066 1349 2110 Quod
1361 2079 1440 2100 vero
1452 2065 1575 2111 Optici
1591 2067 1778 2101 nominant
1796 2067 1963 2111 speciem,
1991 2068 2087 2100 arbi-

1107 2126 1220 2153 tratur
1248 2129 1306 2151 eos
1333 2118 1430 2163 loqui
1455 2118 1498 2150 de
1524 2117 1626 2151 lineis
1652 2115 1925 2156 mathematicis,
1959 2118 2088 2161 quibus

1107 2170 1242 2203 obiecta
1257 2175 1448 2202 occurrunt
1469 2168 1596 2209 oculis,
1621 2180 1693 2201 non
1715 2168 1808 2212 quod
1826 2168 1938 2211 reipsa
1955 2167 2088 2200 colores

1107 2221 1250 2265 gignant
1267 2219 1387 2252 lumen
1404 2230 1464 2252 seu
1485 2218 1613 2253 radios.

1208 2278 1276 2312 Sed
1306 2278 1374 2310 alia
1398 2276 1595 2310 communis
1626 2282 1676 2309 est
1701 2275 1890 2315 sententia,
1923 2276 2039 2319 spargi
2069 2288 2088 2309 a

1106 2331 1184 2364 luce
1201 2336 1233 2363 et
1248 2340 1266 2361 a
1284 2328 1400 2361 colore
1416 2327 1547 2366 lumen,
1573 2333 1611 2359 ut
1628 2338 1647 2359 a
1663 2326 1733 2358 sole
1749 2326 1864 2369 spargi
1880 2327 1996 2359 radios
2014 2339 2089 2359 ma-

1108 2381 1273 2414 nifestum
1299 2384 1362 2412 est.
1415 2376 1504 2411 Cum
1530 2376 1623 2408 enim
1649 2375 1740 2408 radii
1764 2376 1846 2409 solis
1867 2376 1906 2408 in
1930 2377 2088 2410 obscuris

1107 2431 1192 2464 locis
1213 2441 1275 2474 per
1297 2429 1454 2462 foramen
1486 2425 1628 2468 inserti,
1665 2426 1710 2459 ab
1735 2426 1845 2459 altero
1869 2426 2001 2470 pariete
2033 2439 2089 2460 rc-

1106 2482 1312 2520 flectuntur,
1348 2478 1417 2511 coit
1449 2478 1588 2516 lumen,
1621 2477 1716 2521 quod
1749 2476 1795 2510 ita
1836 2478 2086 2510 condensatum

1107 2529 1331 2575 conspicitur.
1392 2525 1579 2560 Cernimus
1607 2533 1639 2560 et
1665 2527 1831 2560 resractos
1853 2527 1990 2565 radios,
2027 2528 2087 2571 qui

1106 2582 1154 2615 sic
1172 2585 1361 2618 vocantur,
1388 2588 1466 2610 cum
1483 2576 1520 2608 in
1537 2577 1653 2610 medio
1670 2577 1853 2615 densiore,
1881 2584 1918 2610 ut
1935 2577 1971 2609 in
1988 2589 2088 2621 aqua,

1106 2639 1167 2666 aut
1187 2631 1226 2666 in
1253 2629 1362 2668 vitro,
1387 2627 1508 2661 lumen
1530 2627 1610 2662 coit.
1661 2625 1747 2661 Esse
1770 2627 1878 2671 igitur
1894 2628 2049 2671 aliquam
2066 2638 2085 2660 a
