2379 2948
252 125 347 160 1035

836 117 963 155 PHIL.
991 117 1108 153 MEL.
1143 113 1354 152 SCRIPTA
1388 112 1689 150 EXEGETICA.

2175 115 2272 152 1036

246 218 283 245 ut
323 210 487 253 reprimat
519 207 652 240 Turcas
688 212 722 239 et
755 204 842 238 alios
881 201 998 237 hostes
1033 201 1234 245 Evangelii,
1255 199 1260 227 l
1283 212 1375 241 mus,
1401 208 1433 234 et
1449 211 1514 234 nos
1531 205 1766 233 sustentemus
1784 199 1950 233 adversus
1967 198 2101 233 diaboli
2115 206 2149 235 et
2166 212 2273 235 mun-

246 262 431 305 praecipue
448 260 493 292 ob
510 256 601 291 hanc
625 268 783 296 causam,
810 262 849 289 nt
873 252 1112 298 blasphemiae
1138 253 1233 285 resu-

248 320 384 349 tentur,
413 317 444 342 et
461 320 582 342 omnes
599 313 786 350 agnoscant
807 304 902 339 hunc
920 317 1000 338 vere
1016 304 1130 338 Deum
1149 314 1234 342 esse,

248 375 349 407 quem
370 361 520 393 Ecclesia
538 357 670 392 Christi
689 359 849 397 invocat,
876 363 909 390 et
929 357 971 390 ad
989 368 1068 389 eum
1087 365 1235 387 conver-

248 420 367 446 tantur
383 419 415 444 et
431 410 662 452 EvangeIIum
680 409 946 452 amplectantur.

349 470 544 504 Adduntur
586 468 716 501 rationi
761 467 943 511 petitionis
976 465 1235 511 promissiones,

249 534 336 566 quae
355 527 585 566 opponuntur
601 518 786 563 Epicureis
807 518 966 558 iudiciis,
992 524 1025 550 et
1049 516 1235 548 adfirmant

248 573 362 607 Deum
397 573 635 605 iudicaturum
670 581 758 609 esse,
792 569 1001 613 puniturum
1028 567 1176 610 impios,
1204 571 1235 598 et

250 631 469 657 servaturum
494 629 526 655 et
544 622 773 654 liberaturum
792 620 886 664 pios,
913 618 1048 652 etiamsi
1074 617 1236 661 aliquan—

250 677 358 718 tisper
389 675 555 707 videntur
580 672 705 705 deserti
732 679 763 703 et
786 668 948 714 orphani.
1001 668 1118 700 Verba
1155 679 1237 710 pro-

249 725 428 759 missionis
462 721 547 756 haec
583 729 680 756 sunt:
717 719 807 754 Tibi
833 731 974 766 pauper
1005 717 1237 765 relinquitur,

252 773 420 822 orphano
443 779 479 807 111
500 785 534 807 rs
558 771 720 805 adiutor.
775 772 831 805 Tu
857 784 936 803 vere
961 771 1102 803 exaudis
1129 769 1238 813 gemi-

251 835 307 862 tus
322 834 353 860 et
372 825 546 858 desideria
562 825 785 857 adflictorum
805 823 841 854 in
856 821 1011 855 Ecclesia
1028 828 1099 855 tua.

354 883 394 916 ln
424 884 492 915 tine
529 882 673 926 repetita
706 888 755 913 est
787 879 894 919 ratio,
930 891 991 912 seu
1015 874 1238 924 αἷτιολογιάῑ

251 936 303 969 Ne
319 935 470 977 amplius
486 930 592 965 homo
612 933 655 965 sit
672 939 843 976 tyrannus
867 930 903 962 in
929 936 1040 968 terra,
1067 940 1127 961 seu
1155 939 1240 960 con-

252 987 356 1020 tritor
383 986 575 1023 iustorum,
606 995 666 1015 seu
696 981 933 1014 formidabilis
966 980 1085 1017 iustis,
1120 980 1154 1011 id
1180 985 1240 1017 est,

253 1049 297 1069 ne
321 1036 437 1069 ausint
463 1033 642 1073 homines,
670 1039 708 1065 ut
726 1032 898 1074 gigantes,
927 1038 964 1064 ut
982 1029 1140 1071 Pharao,
1167 1028 1240 1063 Ra-

255 1098 393 1132 psaces‚
433 1082 631 1118 Antiochus
662 1090 693 1116 et
718 1083 867 1123 similes,
901 1082 997 1115 coelo
1023 1081 1154 1113 bellum
1184 1080 1240 1112 in-

252 1139 363 1177 ferre,
392 1143 423 1169 ct
449 1134 640 1168 Ecclesiam
667 1134 888 1166 conculcare:
925 1132 1050 1177 punito
1077 1129 1238 1174 blasphe-

252 1200 345 1227 mos,
380 1194 417 1220 ut
441 1197 562 1219 omnes
589 1183 751 1217 homines
773 1185 874 1216 fateri
900 1189 1086 1226 cogantur,
1122 1193 1238 1213 veram

253 1251 324 1271 esse
350 1238 565 1278 doctrinam,
593 1247 681 1280 quae
706 1235 741 1267 in
766 1232 921 1268 Ecclesia
939 1231 1072 1268 Christi
1097 1233 1140 1266 de
1167 1231 1241 1265 Deo

254 1290 412 1323 traditur=

398 1391 740 1434 Aryumentum
768 1397 819 1420 ac
846 1385 1106 1429 dispositio

624 1452 783 1493 Psalmi
813 1452 890 1491 XI.

306 1535 348 1565 In
369 1532 528 1564 Domino
549 1526 711 1575 confido,
740 1524 918 1571 quomodo
936 1523 1062 1558 dicitis
1088 1524 1242 1556 animae

305 1592 433 1622 meae,
488 1581 716 1624 transmigra
750 1579 788 1610 in
827 1581 989 1610 montem
1024 1576 1121 1608 sicut
1155 1585 1243 1617 pas-

306 1630 391 1666 ser?
418 1635 488 1665 etc.

358 1706 564 1743 Consolatio
590 1713 661 1745 est,
696 1704 876 1748 pertinens
909 1702 952 1735 ad
986 1712 1094 1744 genus
1123 1712 1242 1733 suaso-

257 1762 369 1801 rium,
396 1759 590 1792 recitantur
614 1756 706 1789 enim
724 1755 886 1800 querela,
912 1753 1062 1785 iniuriae
1088 1759 1121 1785 et
1145 1752 1242 1784 furo-

259 1823 311 1845 res
339 1809 634 1843 adversariorum.
695 1804 742 1839 Et
779 1811 1009 1848 opponuntur
1038 1802 1242 1847 promissio-

257 1874 337 1901 nes,
364 1872 451 1905 quae
475 1858 714 1892 defensionem
737 1856 804 1900 piis
822 1855 1053 1899 pollicentur,
1082 1860 1114 1886 et
1137 1853 1242 1885 mini-

259 1920 379 1946 tantur
396 1921 524 1954 poenas
542 1909 669 1952 impiis.
717 1906 793 1939 Hae
809 1903 1000 1938 antitheses
1018 1904 1242 1937 consideren—

260 1971 318 1996 tur
337 1963 372 1993 in
390 1959 445 1993 his
463 1959 657 1991 versiculis:
687 1953 797 1991 Oculi
814 1955 889 1988 elus
914 1955 950 1988 in
972 1966 1167 2001 pauperem
1191 1966 1243 1987 re—

260 2011 430 2058 spiciant.
469 2007 575 2042 Pluel
592 2019 698 2054 snper
715 2011 912 2053 peccatores
932 2004 1093 2052 laqueos.

363 2070 432 2104 Sed
451 2069 634 2102 exordium
653 2068 767 2110 ipsum
785 2067 886 2099 docet
909 2077 990 2105 nos,
1012 2077 1055 2097 ne
1073 2065 1155 2098 satis
1174 2075 1245 2096 esse

262 2129 441 2167 putemus,
469 2120 563 2165 quod
580 2116 1028 2162 promissiones-audinum,
1057 2117 1115 2148 sed
1140 2127 1245 2158 opor-

260 2180 309 2206 tet
333 2183 388 2205 eas
414 2172 481 2204 fide
508 2169 628 2213 accipi.
683 2166 779 2201 Addi
798 2168 903 2199 fidem
930 2173 962 2199 et
987 2166 1244 2199 invocationem

262 2234 398 2256 necesse
423 2229 489 2261 est,
517 2232 586 2265 qua
612 2230 709 2251 mens
733 2230 812 2250 vere
837 2223 965 2251 statuat
991 2228 1054 2248 nos
1077 2216 1244 2253 exaudiri,

263 2274 406 2317 respici,
433 2271 524 2314 regi,
553 2270 667 2303 iuvari
685 2276 717 2302 et
733 2269 885 2302 defendi.
938 2266 1027 2300 Nam
1054 2265 1137 2300 haec
1160 2266 1245 2305 fides

263 2332 313 2357 est
339 2323 471 2365 agnitio
497 2323 638 2355 intuens
654 2319 790 2360 Deum,
816 2326 849 2352 et
863 2318 946 2351 facit
965 2325 1004 2351 ut
1018 2318 1127 2350 nostri
1147 2318 1243 2350 labo-

264 2387 318 2407 res
331 2381 561 2407 etaerumnae
578 2372 662 2404 fiant
678 2371 792 2404 cultus
801 2370 880 2409 Dei,
897 2375 930 2402 et
944 2366 1069 2415 ioyzxis
1084 2366 1244 2413 λατρεία.

264 2425 429 2457 Miseriae
454 2424 548 2467 ipsae
574 2423 647 2454 sinc
675 2422 741 2454 fide
763 2428 795 2454 et
820 2420 1042 2453 invocatione
1066 2431 1138 2451 non
1166 2427 1246 2452 sunt

265 2475 378 2507 cultus
414 2473 490 2508 Dei.
550 2472 669 2515 Quare
707 2472 894 2514 diligenter
932 2470 1075 2504 initium
1116 2468 1244 2502 Psalmi

267 2524 544 2563 consideremus,
572 2531 604 2556 et
626 2523 799 2556 discamus
822 2521 1018 2563 exemplum
1047 2520 1149 2553 nobis
1175 2531 1246 2553 esse

266 2575 506 2620 propositum,
541 2574 630 2607 sicut
652 2574 725 2617 ipse
750 2573 881 2617 inquit:
910 2569 960 2605 In
978 2569 1142 2605 Domine
1165 2582 1246 2603 con-

256 2622 359 2670 fido,
388 2625 435 2657 sic
458 2635 520 2655 nos
543 2624 672 2666 singuli
697 2624 887 2657 excitemus
911 2623 1073 2656 fiduciam
1099 2629 1131 2655 et
1154 2622 1247 2665 cogi—

266 2677 397 2710 tatione
422 2674 712 2719 promissionum,
737 2681 770 2708 et
786 2686 866 2707 vera
891 2674 957 2707 fide
973 2672 1087 2708 Deum
1106 2673 1247 2707 invoce-

1257 232 1260 300 ἱ
1283 251 1319 283 di
1340 251 1485 285 insidias
1502 259 1533 285 et
1551 258 1711 284 terrores.

1423 361 1764 406 Aryumentum
1792 371 1846 394 ac
1875 359 2139 404 dispositio

1638 426 1798 467 Psalmi
1827 426 1923 466 ΧΠ.

1335 508 1492 542 Salvum
1511 506 1578 552 fac
1602 509 1784 552 Domine,
1810 510 1985 553 qnoniam
2015 505 2161 553 defecit
2186 519 2275 543 san-

1336 563 1440 601 ctus,
1469 563 1538 593 etc.

1387 631 1541 674 Querela
1569 639 1619 666 est
1640 633 1848 677 corruptelis
1867 633 2067 670 doctrinae,
2097 639 2128 666 et
2155 644 2276 676 preca-

1287 684 1355 724 tio,
1382 689 1420 716 ut
1436 682 1531 716 Deus
1560 685 1727 727 repressis
1754 685 2002 728 imposteribus
2028 691 2060 717 et
2082 684 2277 717 adulatori-

1288 737 1351 768 bus
1384 735 1544 767 restituat
1576 735 1757 768 doctrinae
1796 735 2002 778 puritatem,
2037 735 2208 777 gubernet
2243 741 2277 768 et
2324 751 2328 755 ·

1287 792 1398 818 servet
1416 792 1508 819 recte
1522 785 1728 819 sentientes:
1756 793 1789 820 et
1806 785 1926 819 miscet
1943 781 2085 826 πάθος,
2119 783 2276 820 Verbum

1288 836 1353 870 Dei
1380 836 1453 869 fieri
1478 836 1596 870 notius
1613 837 1649 868 in
1668 836 1909 877 confessione,
1936 848 2014 869 cum
2039 836 2139 880 impii
2163 848 2277 880 oppu-

1288 894 1415 930 gnant,
1443 894 1476 920 et
1496 886 1650 930 conspici
1673 888 1821 930 gloriam
1841 886 1926 930 Dei,
1953 898 2040 931 quae
2057 887 2185 925 vincit,
2212 898 2277 920 nec

1289 939 1371 971 sinit
1390 938 1545 980 extingui
1562 938 1744 972 veritatem
1757 966 1765 977 ,
1785 939 1843 970 sed
1862 937 1986 970 deletis
2002 937 2181 970 erroribus
2199 938 2277 981 opi-

1290 990 1422 1022 tulatur
1441 989 1597 1029 veritati,
1624 1001 1662 1021 ac
1684 989 1817 1032 perficit
1837 986 2039 1021 utEcclesia
2063 999 2163 1028 vera,
2188 999 2278 1033 quae

1290 1040 1471 1084 profitetur
1489 1046 1522 1072 et
1540 1040 1763 1083 amplectitur
1777 1038 2030 1082 Evangdium,
2055 1038 2203 1071 retineat
2219 1050 2278 1071 ve-

1290 1103 1363 1123 ram
1385 1090 1593 1122 sententiam
1613 1092 1654 1123 ad
1674 1102 1814 1124 omnem
1838 1090 2090 1124 aeternitatem.
2144 1088 2201 1123 Sic
2218 1090 2279 1122 de-

1291 1141 1367 1174 letis
1386 1139 1582 1178 Ebionitis‚
1610 1139 1793 1181 Arrianis,
1820 1138 2059 1180 Manichaeis,
2089 1139 2173 1173 vicit
2196 1151 2279 1173 vera

1291 1192 1461 1225 sententia
1482 1198 1618 1225 tantum
1637 1191 1702 1224 Dei
1729 1205 1815 1237 ope,
1843 1191 1931 1224 sicut
1958 1188 2015 1223 hic
2031 1189 2193 1224 Psalmus
2214 1192 2279 1224 do-

1292 1249 1342 1276 cet
1362 1254 1426 1275 nos
1444 1250 1575 1286 petere:
1604 1239 1663 1276 Ta
1682 1241 1844 1276 Domine
1861 1238 2039 1275 custodies
2055 1253 2131 1274 eos:
2159 1248 2280 1286 estque

1291 1305 1391 1336 saepe
1416 1293 1634 1334 recitandus,
1662 1307 1740 1328 cum
1766 1294 1937 1339 petimus,
1972 1298 2010 1325 ut
2031 1291 2126 1325 Deus
2152 1292 2279 1336 impios

1291 1346 1450 1376 doctores
1467 1352 1682 1387 compescat,
1710 1352 1743 1379 et
1760 1355 1861 1378 verae
1876 1343 2059 1376 doctrinae
2082 1342 2195 1376 lucem
2221 1354 2278 1376 ac-

1291 1395 1415 1427 cendat
1434 1406 1472 1427 ac
1486 1400 1611 1430 servet.

1429 1513 1766 1558 Argumentum
1795 1522 1847 1544 ac
1876 1509 2148 1554 dispositio

1634 1578 1792 1619 Psalmi
1820 1578 1938 1619 XIII.

1343 1655 1535 1697 Usqueqno
1565 1653 1726 1686 Domine
1751 1651 1983 1686 oblivisceris
2017 1654 2091 1686 mei
2124 1654 2164 1686 in
2194 1663 2280 1696 per-

1339 1701 1518 1747 petuum?
1556 1706 1747 1749 Usqccequo
1774 1702 1971 1737 abscondis
1995 1701 2154 1748 facilem
2171 1707 2280 1737 tuam

1345 1766 1367 1787 α
1385 1753 1471 1788 nie?
1500 1758 1572 1788 etc.

1396 1828 1556 1861 Precatio
1583 1835 1633 1861 est
1656 1828 1794 1871 generis
1822 1829 1991 1869 suasorii,
2025 1829 2144 1873 quales
2167 1829 2281 1872 pluri-

1292 1891 1368 1912 mae
1387 1886 1467 1913 sunt
1485 1879 1704 1923 precationes
1723 1880 1760 1912 in
1778 1876 1846 1913 hoc
1869 1886 1942 1913 toto
1962 1891 2083 1923 opere:
2112 1891 2176 1911 nec
2198 1887 2280 1913 sunt

1293 1931 1462 1963 obscurae
1480 1931 1690 1971 sententiae,
1718 1931 1920 1974 praesertim
1939 1931 1965 1962 si
1985 1932 2025 1963 ad
2047 1941 2148 1963 usum
2166 1937 2281 1963 trans-

1294 1982 1461 2015 ferantur.
1516 1980 1552 2014 Si
1572 1993 1635 2014 nos
1653 1981 1745 2024 ipsos
1764 1981 1998 2021 intuebimur,
2023 1987 2054 2013 et
2076 1986 2195 2013 nostra
2219 1992 2281 2025 pe-

1294 2032 1403 2065 ricula
1438 2032 1760 2070 considerabimus,
1794 2043 2022 2074 agnoscemus
2051 2031 2183 2064 similes
2208 2042 2280 2065 esse

1297 2084 1448 2126 gemitus
1466 2083 1626 2115 omnium
1644 2083 1783 2126 piorum
1804 2089 1836 2115 et
1853 2082 1983 2116 similia
2001 2088 2092 2116 vota.

1400 2148 1596 2182 Exordium
1622 2156 1671 2181 est
1687 2149 1827 2193 querela
1847 2149 1949 2181 valde
1975 2149 2104 2186 tristis,
2132 2160 2200 2193 qua
2218 2149 2281 2182 de-

1296 2201 1409 2244 plorat
1436 2199 1574 2232 differri
1599 2199 1769 2232 auxilium
1796 2206 1829 2232 et
1861 2199 2120 2233 liberationem.
2181 2198 2281 2233 Sicut

1296 2263 1416 2283 omnes
1444 2250 1643 2293 experimur
1668 2250 1704 2282 in
1720 2260 1846 2296 magno
1871 2251 1995 2284 dolore
2018 2257 2050 2284 et
2069 2250 2160 2283 veris
2177 2262 2280 2283 aeru-

1296 2302 1405 2339 mnis,
1435 2300 1639 2343 languefieri
1662 2301 1800 2334 animos
1816 2313 1934 2340 mora,
1960 2313 2040 2335 cum
2067 2313 2140 2334 non
2163 2301 2279 2335 statim

1296 2353 1490 2396 opitulatur
1507 2350 1615 2385 Deus.

1396 2419 1448 2453 De
1466 2416 1529 2451 hac
1555 2431 1652 2451 mora
1675 2431 1777 2463 saepe
1801 2420 2057 2453 concionantur
2073 2416 2281 2462 Prophetae,

1299 2478 1331 2504 et
1364 2470 1486 2503 iubent
1515 2481 1589 2502 eam
1622 2470 1786 2514 perferri,
1819 2478 1857 2504 ut
1887 2469 2029 2503 Abacuc
2051 2470 2086 2504 2.
2111 2481 2206 2514 cap.:
2240 2469 2280 2504 Si

1296 2533 1430 2553 moram
1447 2520 1566 2560 faciet,
1593 2529 1732 2565 expecta
1751 2533 1850 2561 eum,
1877 2521 1958 2566 quia
1982 2520 2127 2554 veniens
2150 2519 2280 2560 veniet,

1297 2579 1329 2605 et
1349 2583 1420 2603 non
1437 2571 1602 2607 tardabit.
1656 2571 1736 2605 Huc
1752 2572 1902 2624 p'tinet
1920 2577 1953 2604 et
1968 2572 2134 2614 parabola
2159 2571 2203 2603 de
2224 2571 2279 2603 vi-

1270 2622 1272 2655 ἶ
1297 2624 1364 2655 dua
1382 2633 1483 2665 saepe
1500 2622 1746 2668 interpellante
1762 2622 1912 2656 iudicem
1925 2648 1934 2661 ‚
1958 2620 2073 2656 Lucae
2088 2622 2200 2668 capite
2215 2621 2278 2655 de-

1297 2673 1387 2707 cimo
1405 2679 1540 2708 octavo.

2366 1256 2370 1264 ³
2368 1213 2377 1234 ἰ
2368 1128 2379 1202 ἰτ-εει
