2379 2948
85 113 177 148 1101

216 198 556 242 Aryumentum
591 207 640 231 ac
674 195 934 240 dispositio

372 258 531 298 Psalmi
572 257 777 298 XLVIII.

131 335 294 379 Magnus
310 334 497 367 Dominus
519 336 557 366 et
573 330 782 365 laudabilis
800 330 931 373 valde,
958 334 999 366 in
1018 334 1070 366 ci-

129 386 250 419 vitate
266 386 338 419 Dei
354 385 475 418 nostri
491 385 531 417 in
548 387 673 417 monte
689 387 823 416 sancto
841 385 935 416 eius.

183 449 330 483 Initium
353 448 484 482 Psalmi
515 447 707 491 gratiarum
738 448 827 481 actio
854 455 903 481 est
927 461 990 492 pro
1015 446 1070 482 his

82 501 283 543 ingentibus
308 499 504 539 beneficiis,
541 499 634 543 quod
661 497 757 532 Deus
784 499 887 532 certis
912 500 1070 533 testimo-

81 552 151 583 niis
180 562 215 583 se
245 549 463 591 patefecerit,
499 550 636 582 dederit
660 550 931 593 promissiones,
968 551 1070 584 insti-

79 601 185 635 tuerit
203 601 336 634 cultum
349 627 358 641 ,
385 600 553 643 delegerit
569 600 684 633 locum
704 600 810 640 Sion,
836 608 875 635 ut
890 601 971 634 sciri
989 613 1070 645 pos-

81 658 132 685 set
153 652 196 684 ad
221 652 482 696 posteritatem,
516 651 579 684 ubi
602 652 665 692 sit,
693 657 726 684 et
748 652 811 685 ubi
835 664 1000 686 mansura
1025 653 1071 686 sit

79 701 248 737 Ecclesia.
288 701 384 735 Haec
401 702 495 735 bona
514 709 596 735 sunt
612 702 772 736 omnium
790 715 927 737 summa
947 710 980 736 et
994 715 1068 736 ma-

79 754 171 786 xima
185 780 193 793 ,
220 760 253 787 et
271 753 424 786 incoatio
443 760 602 786 aeternae
621 753 723 788 vitae.

183 803 226 836 In
263 801 328 837 hac
368 804 476 847 igitur
512 804 702 847 gratiarum
734 805 872 838 actione
907 804 1069 838 doctrina
1095 827 1097 846 ζ

80 854 230 887 maxime
253 855 445 888 necessaria
463 854 639 888 Ecclesiae
660 861 693 888 et
710 857 753 888 ad
774 856 891 888 omnia
910 862 1069 899 tempora
1095 847 1098 926 ὗ

78 905 259 950 pertinens
277 906 480 939 continetur
492 933 500 946 ‚
527 918 616 951 quae
634 913 807 940 monstrat
824 919 945 940 verum
954 905 1068 939 Deum
1095 928 1097 938 .

79 963 113 989 et
136 968 254 989 veram
278 957 558 997 invocationem,
582 964 615 990 et
639 957 807 991 discernit
830 970 905 990 eam
931 970 948 990 a
973 957 1069 990 salsa.
1095 942 1097 978 Ι

79 1007 254 1040 Adfirmat
277 1008 371 1040 enim
397 1005 493 1041 hunc
516 1008 630 1041 solum
656 1019 728 1041 esse
746 1008 858 1042 Deum
877 1008 937 1053 qui
957 1020 991 1041 se
1009 1019 1070 1051 pa-
1094 982 1099 1049 l

79 1058 199 1092 tefecit
223 1059 261 1091 in
287 1057 393 1099 Sion,
426 1065 459 1091 et
483 1058 533 1091 ibi
557 1058 704 1092 tradidit
728 1059 1000 1102 promissiones,
1036 1065 1070 1091 et
1095 1064 1097 1103 1

78 1109 174 1143 iuxta
203 1106 265 1142 has
294 1109 543 1153 promissiones
567 1109 634 1142 fide
659 1110 849 1143 colendum
875 1122 965 1147 esse,
1001 1109 1067 1142 alia
1095 1105 1097 1150 ᾖ

78 1160 227 1192 numina
261 1160 503 1194 commentitia
535 1171 628 1203 esse,
662 1161 751 1194 alios
775 1161 889 1194 cultus
913 1161 1070 1194 reiectos.
1096 1173 1097 1201 ς

78 1209 123 1244 Et
150 1211 241 1244 sicut
263 1218 347 1244 tunc
364 1211 400 1243 in
419 1210 507 1244 Sion
528 1222 608 1244 vere
627 1211 740 1245 adsuit
755 1210 851 1244 Deus
870 1218 903 1244 et
920 1223 1000 1243 vere
1019 1210 1069 1243 ibi
1094 1202 1099 1264 ὲ

79 1261 147 1295 suit
171 1260 349 1302 Ecclesia,
383 1262 430 1294 ita
456 1262 586 1294 scimus
609 1261 660 1294 ibi
684 1270 777 1295 certo
800 1263 919 1294 adesse
944 1261 1071 1301 Deum,
1096 1272 1098 1283 *

79 1312 131 1345 ibi
154 1324 234 1345 vere
257 1325 336 1345 eum
363 1312 450 1350 coli,
478 1312 682 1356 ubicunque
702 1319 774 1346 toto
793 1313 877 1345 orbe
894 1319 1068 1345 terrarum

77 1363 168 1396 illud
186 1363 279 1396 idem
299 1363 445 1395 verbum
459 1389 467 1401 ,
496 1363 591 1407 quod
611 1363 647 1394 in
665 1361 751 1395 Sion
770 1363 992 1406 propositum
1011 1369 1070 1402 est,

78 1420 196 1454 sonat,
221 1413 312 1447 sicut
334 1413 426 1457 apud
447 1411 588 1445 Esaiam
614 1412 759 1446 dicitur:
788 1412 840 1445 Ex
859 1412 946 1446 Sion
972 1423 1070 1454 egre-

77 1464 206 1498 dietur.
256 1462 303 1497 Et
324 1464 437 1497 fluent
462 1465 505 1496 ad
524 1470 680 1496 montem
696 1463 784 1498 Sion
801 1476 924 1496 omnes
939 1469 1071 1506 gentes,

77 1516 114 1549 id
139 1522 211 1556 est,
237 1512 459 1558 Evangelion
486 1515 579 1547 inter
602 1521 719 1557 gentes
742 1521 946 1560 spargetur,
974 1514 1068 1558 quod

77 1567 115 1599 in
145 1565 233 1599 Sion
264 1565 476 1609 promissum
508 1571 568 1598 est.
621 1564 741 1607 Quare
773 1566 823 1598 ibi
857 1572 950 1598 certo
974 1563 1070 1597 Deus

76 1617 207 1656 aderit,
235 1616 413 1656 exaudiet,
441 1616 612 1654 servabit,
640 1622 674 1648 et
699 1616 748 1648 ibi
767 1628 847 1648 vere
865 1616 931 1649 erit
946 1614 1068 1648 Eccle-

78 1668 127 1702 sia
145 1665 231 1709 Dei,
257 1667 322 1701 uhi
345 1667 485 1700 sonabit
503 1679 570 1698 vox
585 1665 791 1709 Evangelii,
820 1678 909 1711 qnae
925 1678 964 1699 ex
982 1664 1069 1698 Sion

76 1726 217 1763 accepta
233 1725 305 1758 est,
331 1718 420 1750 sicut
437 1724 469 1750 et
489 1716 600 1750 Filius
611 1715 676 1749 Dei
695 1717 857 1750 adfirmat
877 1715 975 1751 Ioan.
995 1714 1070 1750 14‚:

78 1769 118 1804 Si
142 1770 222 1814 quis
243 1769 358 1811 diligit
381 1780 455 1806 me,
483 1780 680 1801 sermonem
700 1780 818 1801 meum
837 1768 1009 1808 servabit,
1038 1774 1070 1800 et

76 1827 176 1865 pater
198 1828 297 1853 meus
320 1819 442 1862 diliget
467 1831 566 1857 eum,
595 1825 628 1852 et
648 1819 830 1851 veniemus
849 1819 891 1851 ad
911 1831 1008 1859 eum,
1037 1825 1071 1851 et

76 1872 296 1905 mansionem
316 1871 408 1914 apud
427 1881 506 1904 eum
523 1870 702 1904 faciemus-

180 1921 232 1957 Ita
250 1919 344 1955 hunc
361 1920 540 1954 Psalmum
559 1921 601 1953 ad
622 1920 741 1953 omnia
762 1926 917 1964 tempora
935 1931 1070 1952 accom-

77 1973 279 2011 modemus,
307 1979 340 2006 et
361 1983 457 2005 nunc
477 1983 618 2016 quoque
637 1971 720 2004 inde
739 1971 932 2011 discamus,
960 1971 1021 2003 ubi
1040 1977 1072 2004 et

79 2025 257 2068 quomodo
275 2023 497 2068 quaerendus
515 2024 559 2056 sit
571 2021 683 2063 Deus,
705 2022 767 2055 ubi
781 2022 825 2054 sit
837 2019 1010 2054 Ecclesia:
1039 2029 1072 2054 et

80 2085 160 2107 cum
177 2074 403 2107 didicerimus
420 2071 478 2106 hic
492 2085 572 2106 vere
587 2074 705 2106 adesse
715 2071 841 2113 Deum,
870 2079 903 2106 et
918 2069 976 2105 hic
992 2084 1072 2105 vere

78 2136 151 2158 esse
161 2123 367 2165 Ecclesiam,
388 2124 451 2158 ubi
464 2137 528 2157 vox
540 2123 850 2167 Evangeliisonat‚
873 2123 1070 2168 acquiesca-

80 2187 158 2209 mus
180 2175 217 2207 in
243 2173 317 2208 Deo
341 2181 535 2209 monstrato
560 2187 621 2219 per
645 2173 899 2217 [evangelium
929 2175 1072 2207 invoce-

80 2238 159 2259 mus
175 2238 266 2266 eum,
283 2232 441 2270 petamus
457 2226 499 2259 ab
517 2239 557 2259 eo
575 2227 679 2265 bona,
708 2238 792 2259 voce
808 2222 912 2258 huius
923 2224 1070 2258 Psalmi:

82 2275 336 2323 Expeclamus
351 2273 458 2309 Deus
473 2274 762 2310 misericordiam
781 2280 881 2309 tuam
899 2274 937 2308 in
954 2273 1073 2308 medio

81 2327 210 2375 templi
231 2326 298 2362 tui.
350 2325 507 2369 Agamus
529 2335 561 2361 et
585 2328 714 2371 gratias
740 2340 825 2360 voce
850 2325 956 2360 huius
972 2327 1072 2360 Psal-

80 2380 146 2413 mi:
182 2376 354 2424 IlIagnns
376 2376 566 2411 Dominus
589 2383 619 2411 et
647 2376 827 2411 laudatus
855 2376 971 2411 valde.
1030 2377 1071 2411 In

81 2431 141 2464 tali
161 2429 487 2463 accommodatione
504 2430 675 2463 sententia
692 2428 751 2463 fiet
768 2430 951 2465 illustrior.

187 2481 384 2514 Miscentur
406 2480 597 2522 gratiarum
623 2481 755 2513 actioni
779 2488 812 2514 et
831 2481 989 2514 laudatio
1004 2479 1073 2513 Ec-

83 2531 206 2565 clesiae
227 2539 260 2565 et
278 2531 483 2565 consolatio

183 2581 436 2616 Dulcissimum
476 2582 702 2625 praeconium
743 2589 793 2615 est
825 2581 1001 2616 Ecclesiae
1036 2582 1073 2614 in
1098 2587 1101 2619 1

83 2645 184 2666 versu
215 2635 387 2666 secundo:
423 2630 539 2666 Illons
563 2630 654 2665 Sion
682 2637 731 2665 est
754 2631 878 2679 pulcer
903 2632 1074 2666 surculus
1098 2625 1101 2678 l

85 2681 287 2727 laetificans
326 2688 470 2719 terram.
533 2683 631 2727 Quid
664 2690 779 2727 potest
809 2684 878 2716 dici
913 2679 1102 2718 dulciuffl

676 109 737 144 lx.
791 107 1156 145 COMMENTARII
1184 108 1235 143 IN
1262 107 1507 146 PSALMOS.

1095 804 1096 809 ,
1123 778 1289 811 militudo
1316 784 1376 810 est.

2012 113 2108 147 1102

1126 193 1223 239 Opes
1241 201 1273 228 et
1285 206 1389 237 regna
1407 196 1652 230 existimantur
1664 207 1735 229 esse
1751 207 1886 229 summa
1902 205 2109 232 ornamenta

1125 246 1327 285 civitatum,
1355 247 1414 278 sed
1439 243 1505 279 hoc
1527 247 1660 280 bonum
1679 253 1859 280 aeternum
1875 247 1978 291 longe
1997 249 2109 282 maius

1125 304 1190 337 est,
1217 296 1380 329 videlicet
1397 298 1591 340 praesentia
1609 297 1675 332 Dei
1691 298 1930 342 promittentis
1949 299 2110 339 salutem,

1125 347 1342 381 exaudientis
1359 354 1391 380 et
1407 348 1577 381 servantis
1593 346 1768 383 homines.

1227 412 1324 447 Talis
1347 413 1469 446 civitas
1493 421 1615 448 ornata
1638 413 1705 448 hoc
1723 416 1816 449 hono
1836 428 1917 448 vere
1933 417 2111 450 antecellit

1124 465 1306 502 omnibus,
1335 471 1367 497 et
1382 476 1462 497 vere
1481 472 1530 498 est
1547 466 1816 499 amoenissimus
1829 464 1971 508 hortus,
1998 479 2111 500 reme-

1124 516 1180 549 dia
1199 516 1344 559 gignens
1365 515 1524 548 omnium
1543 516 1777 550 miseriarum.

1227 573 1265 607 Si
1300 574 1530 607 conferantur
1560 577 1603 606 ad
1634 575 1702 607 tale
1737 576 1927 618 templum-
1943 583 1975 608 et
2006 576 2111 609 talem

1124 623 1299 666 scholam,
1336 631 1376 658 ut
1400 625 1466 657 suit
1489 625 1524 656 in
1551 624 1638 658 Sion
1664 632 1783 658 coetus
1807 623 1967 666 Nathan,
1993 627 2112 659 David

1124 683 1156 710 et
1183 676 1333 709 aliorum
1355 676 1515 719 piorum,
1543 676 1714 708 maximae
1733 682 1765 708 et
1783 677 2047 719 potentissimae
2062 677 2113 709 ci-

1123 728 1265 767 vitates,
1292 725 1473 772 Babylon,
1497 723 1678 766 Athenae,
1705 725 1841 766 Roma,
1868 727 1991 770 ingens
2010 727 2113 759 dissi-

1428 776 1519 810 Nam
1542 777 1624 810 illae
1642 777 1717 810 sine
1732 774 1918 819 Evangelii
1936 789 2020 810 voce
2038 785 2114 810 tan—

1122 836 1196 863 tum
1215 829 1401 872 speluncae
1420 828 1619 867 latronum,
1649 835 1680 861 et
1698 828 1978 861 miserrimorum
1998 826 2115 861 homi-

1124 892 1208 913 num
1231 877 1385 922 hospitia
1402 879 1557 913 fuerunt.
1611 878 1698 912 Sion
1717 885 1831 911 antem
1849 886 1899 911 est
1914 891 1973 911 arx
1993 879 2029 911 in
2047 891 2114 923 qua

1122 930 1218 964 Deus
1236 941 1399 974 praesens
1417 930 1559 963 exaudit
1576 936 1608 962 et
1625 936 1738 962 servat
1756 929 1959 962 invocantes
1972 957 1980 970 ‚
2006 936 2039 962 et
2056 930 2115 963 dat

1124 981 1171 1014 eis
1195 988 1333 1014 aeterna
1358 981 1463 1015 bona.
1519 979 1568 1013 lta
1595 980 1770 1012 discamus
1788 991 1975 1022 agnoscere
1994 978 2116 1014 Eccle-

1124 1033 1228 1073 siam,
1254 1038 1288 1064 et
1305 1043 1380 1064 eam
1399 1031 1572 1064 anteferre
1590 1031 1667 1063 aliis
1686 1031 1854 1066 coetibus.

1226 1090 1430 1124 Consolatio
1453 1096 1502 1123 est
1527 1091 1619 1135 quod
1648 1090 1810 1124 adfirmat
1833 1102 1929 1133 reges
1956 1103 2030 1124 eam
2054 1093 2116 1124 ad-

1123 1143 1244 1175 mirari
1276 1149 1309 1175 et
1338 1153 1411 1173 non
1442 1153 1540 1184 posse
1572 1141 1698 1174 delere.
1753 1139 1832 1173 Huc
1865 1142 2117 1184 promissiones

1123 1193 1435 1226 accommodentur
1460 1192 1568 1232 aliae,
1595 1204 1683 1235 quae
1708 1192 1921 1234 pollicentur
1939 1191 2117 1225 Ecclesiae

1124 1244 1386 1283 defensionem,
1419 1240 1549 1276 Matth.
1569 1242 1642 1276 16.:
1669 1241 1795 1275 Portae
1822 1242 2017 1275 inferorum
2044 1256 2115 1276 non

1124 1294 1377 1338 praevalebunt
1396 1294 1563 1325 adversus
1582 1305 1670 1327 eam.

1227 1353 1350 1385 Postea
1378 1352 1414 1384 in
1433 1364 1534 1384 versu
1556 1365 1650 1385 nono
1672 1352 1817 1394 ponitur
1833 1352 2002 1395 precatio:
2031 1350 2118 1385 Ea·-

1123 1407 1308 1449 peclamus
1338 1404 1438 1436 Deus
1471 1399 1763 1435 misericordiam
1797 1406 1898 1434 luam
1933 1401 1971 1434 in
2000 1401 2118 1435 medio

1125 1452 1252 1500 templi
1274 1452 1338 1486 tui.
1392 1452 1515 1485 Brevis
1540 1453 1662 1497 petitio
1689 1460 1756 1494 est,
1791 1455 1849 1486 sed
1874 1453 2120 1497 complectitur

1125 1516 1296 1537 summam
1321 1504 1481 1537 omnium
1506 1504 1794 1547 promissionum.
1848 1502 1894 1537 Et
1919 1505 1962 1537 ad
1986 1505 2120 1549 praeci-

1125 1567 1230 1599 puam
1255 1555 1405 1588 maxime
1427 1555 1608 1588 referenda
1634 1561 1701 1594 est,
1737 1555 1772 1587 id
1798 1562 1868 1598 est,
1900 1556 1943 1588 ad
1967 1555 2120 1599 promis—

1126 1607 1260 1639 sionem
1280 1605 1488 1638 Mediatoris
1511 1613 1542 1638 et
1560 1605 1778 1638 remissionis
1795 1612 2036 1649 peccatorum,
2064 1606 2120 1639 iu-

1125 1657 1244 1689 sticiae
1267 1662 1300 1688 et
1324 1657 1415 1689 vitae
1439 1663 1610 1690 aeternae.
1665 1655 1900 1699 Expectamus
1918 1657 2120 1689 misericor-

1125 1707 1219 1741 diam
1244 1714 1359 1747 tuam,
1394 1707 1429 1739 id
1453 1713 1520 1745 est,
1554 1706 1773 1739 remissionis
1795 1713 2036 1750 peccatorum,
2064 1719 2120 1740 re-

1124 1758 1409 1791 conciliationem
1427 1764 1460 1790 et
1476 1758 1583 1790 vitam
1600 1764 1789 1797 aeternam,
1814 1758 2119 1791 conservationem

1124 1808 1303 1842 Ecclesiae
1328 1816 1359 1842 et
1386 1806 1493 1841 huius
1515 1815 1657 1841 nostrae
1681 1808 1844 1851 politiae,
1872 1815 2016 1852 propter
2038 1807 2119 1841 Me-

1126 1860 1296 1893 diatorem
1322 1871 1425 1904 quem
1452 1859 1555 1892 nobis
1581 1859 1787 1902 promisisti.
1851 1858 2000 1902 Propter
2023 1857 2120 1892 hunc

1126 1911 1230 1944 etiam
1254 1910 1510 1953 mitigationem
1531 1909 1773 1942 communium
1791 1921 2042 1943 aerumnarum
2060 1922 2119 1953 pe-

1126 1962 1232 1995 timus
1251 1968 1284 1994 et
1302 1968 1533 2005 expectamus.

1229 2019 1297 2054 Sed
1324 2020 1417 2053 dicat
1443 2019 1592 2064 aliqniS‚
1620 2018 1693 2053 Cur
1718 2020 1826 2052 audes
1853 2019 1997 2064 petere?
2024 2021 2119 2053 unde

1126 2072 1192 2105 scis
1215 2078 1246 2104 te
1265 2071 1423 2104 exaudiri
1441 2083 1479 2103 ac
1499 2070 1623 2114 respici
1643 2082 1660 2102 a
1680 2068 1773 2110 Deo,
1802 2077 1834 2103 te
1851 2070 1984 2114 recipi?
2037 2069 2120 2102 Ideo

1126 2123 1240 2155 addit:
1276 2119 1439 2154 Petimus
1461 2118 1551 2154 haec
1578 2120 1616 2153 in
1643 2118 1761 2154 medio
1784 2120 1909 2167 templi
1932 2120 1997 2153 tui.
2050 2119 2119 2153 Hic

1126 2180 1208 2207 sunt
1240 2173 1494 2217 promissiones
1525 2173 1659 2212 editae,
1701 2184 1790 2217 quae
1819 2172 2008 2205 adfirmant
2039 2183 2120 2204 vere

1126 2226 1245 2258 adesse
1261 2224 1376 2257 Deum
1391 2251 1399 2264 ,
1428 2224 1593 2256 exaudire
1611 2231 1642 2256 et
1659 2235 1798 2255 servare
1817 2229 1961 2266 propter
1978 2221 2119 2255 Media-

1127 2283 1251 2310 torem.
1306 2274 1356 2308 lta
1381 2287 1477 2307 nunc
1503 2285 1643 2319 quoque
1665 2274 1703 2306 in
1721 2274 1850 2307 nostris
1869 2273 2032 2316 periculis
2050 2272 2120 2304 cla-

1126 2338 1262 2359 memus
1295 2328 1337 2358 ad
1364 2325 1499 2364 Deum,
1535 2325 1593 2369 qui
1629 2325 1736 2356 misso
1762 2323 1855 2356 Filio
1877 2335 1940 2356 suo
1963 2322 2119 2356 Domino

1127 2385 1248 2411 nostro
1278 2376 1357 2410 lesu
1383 2374 1525 2410 Christo
1557 2375 1721 2407 crucifixo
1752 2386 1814 2418 pro
1841 2374 1944 2406 nobis
1968 2374 2005 2407 in
2033 2373 2120 2407 Sion

1127 2436 1159 2463 et
1176 2428 1380 2462 resuscitato
1393 2453 1403 2466 ,
1432 2439 1466 2459 se
1486 2425 1662 2469 patefecit:
1692 2423 1925 2468 Expectamus
1943 2423 2038 2458 Deus
2054 2425 2121 2457 mi-

1127 2479 1352 2513 sericordiam
1378 2485 1493 2517 tuam,
1528 2477 1565 2508 in
1589 2476 1706 2508 medio
1732 2474 1909 2508 Ecclesiae
1932 2482 2030 2509 tuae:
2068 2475 2120 2508 Ne

1127 2531 1221 2564 sinas
1245 2529 1402 2571 extingui
1419 2529 1530 2561 lucem
1547 2525 1733 2569 Evangelii
1750 2526 1822 2567 tui,
1851 2533 1884 2559 et
1903 2526 2120 2569 agnitionem

1128 2594 1167 2615 ac
1192 2579 1452 2613 invocationem
1468 2577 1631 2611 Nominis
1655 2577 1723 2611 tui:
1752 2589 1795 2610 ne
1818 2577 1911 2610 sinas
1930 2577 2038 2610 deleri
2058 2579 2122 2610 (lo-

1129 2633 1277 2666 ctrinam
1303 2632 1346 2662 de
1372 2629 1580 2672 disciplina,
1610 2640 1647 2661 ac
1672 2629 1775 2671 plena
1795 2628 1913 2661 omnia
1933 2628 2007 2660 fieri
2027 2627 2123 2660 Tur-

1129 2684 1221 2716 cicae
1244 2689 1277 2715 et
1293 2680 1505 2724 Hispanicae
1533 2679 1724 2724 impietatis
1750 2687 1781 2713 et
1800 2679 1998 2723 spurcitiae.
2052 2677 2123 2711 Ex-
