2379 2948
151 99 224 135 263
384 90 590 128 SCRIPTA
618 87 693 123 P11.
720 82 834 120 MEL.
863 78 933 116 AD
959 79 1086 116 HIST.
1112 76 1257 117 PROF.
1282 76 1349 113 ET
1375 75 1566 112 PHILOS.
1595 75 1918 117 SPECTANTIA.
2088 81 2166 117 264

155 184 210 216 nis
232 180 296 214 hac
321 178 542 213 festinatione
568 168 846 215 compensaturi,
881 179 951 214 quo
977 175 1134 211 tempore

158 228 400 268 ὑπολειῖιτικοῐ
426 227 657 271 appellantur.
1016 268 1024 274 .

258 282 329 314 Has
353 281 443 312 vices
463 275 638 318 accipiunt
660 283 679 305 a
705 277 804 304 motu
826 281 889 304 suo
914 268 952 301 in
970 267 1135 313 eplcyclo,

156 346 217 378 per
241 333 339 365 cuius
365 327 577 372 superiorem
601 328 736 367 partem
752 322 837 354 dum
852 321 1034 359 feruntur,
1064 318 1135 351 duo
1162 355 1164 367 τ

155 390 272 416 motus
297 381 511 414 concurrunt
536 375 575 407 in
598 373 744 407 eandem
762 371 889 405 mundi
904 376 1037 414 partem
1059 374 1137 401 ten-

156 436 294 471 dentes,
320 428 481 461 videlicet
495 431 611 459 motus
628 423 739 457 centri
754 421 900 467 epicycli
916 421 952 453 in
967 418 1138 453 eccentri-

157 496 214 522 co,
244 488 276 513 et
298 479 462 512 Planetae
489 476 527 508 in
545 475 719 521 epicyclo,
746 473 807 519 qui
825 479 942 506 motus
958 468 1138 504 coniuncti

158 532 330 570 efficiunt,
358 535 396 561 ut
414 527 560 561 Planeta
589 524 754 570 progredi
777 523 923 557 celerius
946 520 1138 554 secundum

157 583 338 625 signorum
355 578 517 612 ordinem
535 576 706 610 videatur.

258 631 327 664 Sed
344 642 422 663 cum
439 639 502 673 per
520 627 690 660 orientale
714 626 805 659 latus
823 624 877 658 sui
895 620 1040 667 epicycli
1056 619 1138 652 Pla—

157 690 238 717 neta
255 680 435 715 descendit
451 679 494 712 ad
513 677 715 710 inferiorem
732 682 886 720 partem,
912 674 959 707 ita
983 678 1021 705 ut
1044 671 1138 703 linea

156 733 232 766 veri
256 739 370 766 motus
395 729 577 769 planetae,
610 739 697 772 quae
721 739 761 760 ex
782 731 901 759 centro
928 721 1053 756 mundi
1077 732 1139 765 per

158 790 318 817 centrum
335 781 500 815 Planetae
522 780 565 812 ad
583 778 774 811 Zodiacum
792 777 895 809 ducta
918 773 1140 815 intelligitur,

159 834 304 878 incipiat
328 831 411 865 ferri
430 837 549 863 contra
577 829 758 871 signorum
780 826 957 860 ordinem:
986 824 1036 857 ibi
1054 834 1139 856 con-

159 890 306 919 currunt
320 883 389 915 duo
409 880 578 914 contrarii
595 886 722 918 motus,
748 889 840 911 unus
856 874 1051 913 eccentrici‚
1078 873 1138 917 qui

158 941 318 968 centrum
341 930 630 976 epicycli,'atque
652 929 698 962 ita
723 929 837 972 ipsum
855 937 995 971 quoque
1012 923 1140 956 Plane—

158 993 250 1022 tam‚
278 990 445 1027 perpetuo
469 982 506 1013 in
529 979 703 1013 anteriora
723 989 842 1011 versus
866 977 1036 1010 orientem
1057 985 1139 1017 pro-

159 1035 282 1074 trudit,
299 1034 387 1066 alter
401 1038 516 1064 autem
532 1036 647 1062 motus
664 1029 773 1072 ipsius
786 1027 952 1060 Planetae
971 1025 1006 1057 in
1024 1024 1140 1068 epicy—

159 1087 232 1123 clo,
260 1084 320 1128 qui
337 1084 380 1116 ab
397 1082 531 1114 oriente
555 1080 592 1112 in
608 1079 823 1111 occidentem
844 1084 964 1110 contra
986 1075 1139 1118 priorem

157 1142 294 1168 motum
322 1133 457 1165 nititur.
511 1129 628 1174 Atque
647 1129 693 1161 ita
718 1128 773 1168 fit,
800 1134 838 1161 ut
856 1125 1064 1171 aliquandiu
1084 1137 1140 1157 ae-

158 1191 311 1230 quentur
327 1181 493 1215 contrarii
510 1186 642 1219 motuS‚
669 1186 702 1212 et
717 1190 789 1211 sese
806 1184 929 1211 mutuo
948 1176 1047 1221 quasi
1072 1175 1140 1208 tol—

158 1238 244 1269 lant.
298 1233 479 1275 Quantum
496 1230 589 1264 enim
606 1229 751 1274 epicycli
771 1236 930 1261 centrum
946 1227 1138 1260 secundum

158 1287 338 1328 signorum
370 1281 530 1315 ordinem
555 1286 740 1324 promovet
765 1278 967 1318 Planetam,
1002 1283 1139 1309 tantum

158 1338 230 1379 ipse
242 1334 385 1367 Planeta
403 1338 522 1365 contra
540 1331 576 1363 in
595 1331 768 1363 diversam
783 1336 915 1371 partem
932 1327 1140 1369 regreditur,

157 1394 197 1420 ut
215 1384 323 1428 siquis
344 1389 460 1414 vectus
476 1381 513 1411 in
535 1379 688 1422 longiori
708 1389 796 1410 nave
816 1377 968 1409 secundo
994 1377 1141 1407 flumine

159 1436 290 1473 delata,
325 1433 490 1465 adversus
522 1430 652 1461 ssumen
683 1427 945 1472 progrediatur,
977 1425 1007 1457 is
1036 1424 1140 1458 alicui

160 1485 264 1519 stanti
282 1485 318 1516 in
338 1484 412 1526 ripa
428 1480 607 1513 videbitur
625 1491 664 1511 ex
682 1479 802 1512 eodem
828 1475 1035 1515 intervallo,
1061 1482 1139 1508 tan-

160 1547 264 1581 quam
283 1535 319 1566 in
338 1545 409 1566 uuo
426 1532 500 1564 loco
519 1530 721 1564 consistens.
769 1527 865 1561 Haec
882 1526 1139 1561 contrariorum

158 1593 319 1619 motuum
338 1582 528 1627 aequalitas
545 1581 648 1613 efficit
661 1607 668 1620 ,
696 1587 734 1613 ut
751 1578 896 1612 Planeta
914 1577 1049 1622 aliquot
1067 1577 1140 1610 dies

160 1635 354 1669 immobilis
372 1641 461 1666 stare
479 1632 651 1663 videatur.

262 1684 418 1718 Adiuvat
442 1688 557 1715 autem
580 1681 677 1712 illam
700 1679 859 1713 stationis
882 1677 1139 1722 apparitionem

161 1735 306 1781 epicycli
335 1735 371 1766 iu
408 1732 576 1766 lateribus
607 1730 758 1763 curvitas
792 1730 955 1762 deorsum
985 1738 1141 1769 vergcnS‚

159 1787 221 1821 ubi
239 1785 301 1819 etsi
318 1784 461 1817 Planeta
481 1781 612 1826 alioqui
631 1781 740 1820 velox,
769 1780 805 1812 in
822 1779 976 1825 epicyclo
994 1778 1139 1812 totidem

161 1838 306 1880 gradus,
334 1841 420 1879 quot
438 1833 542 1872 alibi,
570 1832 698 1864 diurno
723 1838 820 1864 motu
839 1830 997 1870 conficit,
1024 1836 1140 1862 tamen

162 1887 242 1931 quia
267 1892 360 1918 certo
383 1884 477 1916 arcui
504 1883 540 1914 in
562 1883 728 1916 lateribus
751 1881 895 1926 epicycli
919 1880 1037 1913 minus
1061 1890 1140 1922 spa—

161 1938 253 1970 cium
270 1936 306 1967 in
325 1934 476 1967 Zodiaco
493 1933 689 1976 respondet,
715 1944 819 1975 quam
836 1931 972 1976 aequali
990 1930 1085 1963 arcui
1104 1929 1140 1961 in

162 1998 316 2026 summa,
343 1990 402 2017 aut
427 1984 495 2015 ima
520 1989 617 2026 parte
641 1982 807 2026 epicycli,
835 1988 950 2014 motus
973 1981 1139 2014 Planetae

161 2039 198 2070 in
225 2035 371 2080 epicycli
393 2033 559 2067 lateribus
581 2033 715 2065 tardior
738 2038 892 2075 apparet.
946 2030 1065 2073 Quare
1090 2030 1140 2062 ibi

162 2087 350 2121 consistere
373 2083 579 2128 aliquandiu
602 2083 751 2115 videtur.
804 2080 1031 2126 Vocaturque
1056 2078 1140 2114 haec

162 2138 273 2182 prima
291 2135 411 2169 statio:
439 2135 506 2167 τοῦ
524 2131 673 2178 πρώτου
690 2133 894 2178 στηριγμοῦ
912 2129 1113 2176 φαντασία.

261 2186 399 2220 Deinde
422 2196 500 2219 cum
522 2183 661 2226 longius
688 2183 778 2216 infra
796 2182 978 2216 descendit
994 2181 1139 2216 Planeta

160 2238 253 2272 ultra
280 2243 446 2281 punctum
478 2234 611 2279 primae
636 2233 816 2272 stationis,
851 2233 937 2265 adeo
960 2239 999 2266 ut
1023 2239 1139 2266 motus

163 2289 268 2331 ipsius
286 2288 322 2320 in
337 2285 491 2332 epicyclo
514 2291 633 2318 contra
659 2284 819 2318 ordinem
843 2283 1023 2326 signorum
1043 2283 1139 2316 ince-

164 2339 276 2371 dentis
308 2338 489 2371 manifeste
521 2342 660 2379 superet
691 2335 838 2368 alterum
865 2340 999 2367 motum
1027 2334 1137 2366 centri

163 2388 323 2432 epicycli,
349 2388 409 2432 qui
435 2394 486 2420 est
510 2387 554 2419 ab
580 2385 792 2425 eccentrico,
825 2385 1017 2418 secundum
1041 2385 1138 2417 ordi-

163 2451 243 2470 nem
268 2438 444 2479 signorum
467 2437 639 2469 sensibilis
658 2435 822 2469 Planetae
846 2435 1137 2467 animadvertitur
1161 2453 1163 2467 >

1188 2432 1350 2465 videlicet
1363 2460 1372 2472 ‚

1187 171 1280 198 certo
1305 163 1401 196 arcui
1425 163 1521 196 illius
1545 162 1582 194 in
1605 162 1766 196 inferiori
1790 172 1906 207 parte,
1944 176 2032 210 quae
2056 171 2168 199 terrae

1187 215 1299 248 multo
1319 221 1369 248 est
1386 213 1635 258 propinquior,
1660 214 1773 246 maius
1790 215 1827 246 in
1844 214 1995 248 Zodiaco
2012 216 2168 260 spacium

1187 266 1388 309 respondet,
1409 277 1512 309 quam
1532 264 1671 309 aequali
1687 264 1783 297 arcui
1800 264 1837 296 in
1854 265 2005 298 eiusdem
2023 266 2169 311 epicycli

1188 316 1369 359 superiore
1385 321 1503 359 parte,
1530 326 1619 359 quae
1638 326 1657 348 a
1681 322 1773 349 terra
1797 321 1846 348 est
1864 316 2050 356 remotior,
2074 316 2170 350 utin

1191 365 1306 400 Marte
1322 372 1355 399 et
1372 365 1508 398 Venere
1525 365 1760 399 animadverti
1776 371 1903 410 potest,
1930 365 1992 410 qui
2006 365 2170 400 Planetae

1188 427 1268 449 cum
1285 416 1322 448 in
1339 427 1402 449 suo
1420 415 1575 461 epicyclo
1592 417 1726 450 tardius
1741 422 1961 456 moveantur,
1976 427 2081 460 quam
2097 415 2171 460 ipse

1190 466 1365 512 epicyclus
1389 466 1427 498 in
1445 466 1658 508 eccentrico,
1684 474 1754 501 tam
1773 473 1886 500 essent
1908 478 1927 499 a
1943 465 2171 510 regressioni-

1190 517 1255 550 bus
1278 518 1470 557 immunes,
1504 529 1610 562 quam
1634 517 1755 556 Luna,
1786 517 1857 550 nisi
1881 528 2003 551 eorum
2025 516 2172 562 epicycli

1190 568 1350 600 omnium
1369 567 1598 610 amplissimi,
1625 569 1673 602 ita
1692 580 1800 613 prope
1815 569 1859 601 ad
1881 574 2009 602 terram
2030 568 2171 601 accede-

1190 624 1285 657 rent,
1311 624 1349 650 ut
1374 617 1438 650 uni
1456 618 1581 660 gradui
1597 618 1687 652 circa
1701 619 1866 662 perigeon
1891 618 2036 664 epicycli
2060 617 2172 651 multo

1191 668 1303 701 maius
1319 668 1357 699 in
1374 667 1529 700 Zodiaco
1545 668 1700 712 spacium
1715 670 1935 713 respondeat,
1962 681 2066 714 quam
2083 668 2173 701 circa

1191 729 1359 762 apogeon.
1417 717 1538 761 Quare
1572 730 1650 751 cum
1682 718 1809 752 diurna
1842 719 2016 753 curricula
2045 717 2173 752 Martis

1192 769 1280 802 circa
1298 769 1404 801 imam
1424 768 1571 814 epicycli
1591 776 1744 813 partem,
1770 776 1905 803 motum
1928 769 2094 803 diurnum
2111 770 2174 802 de—

1191 819 1378 853 ferentium
1398 819 1591 864 epicyclum
1608 820 1711 862 longe
1730 826 1913 864 superent,
1938 826 2081 863 propter
2099 819 2174 863 epi-

1193 870 1280 915 cycli
1295 870 1596 912 magnitudinem,
1623 870 1750 903 Martis
1766 882 1905 915 quoque
1920 881 2107 913 regressus,
2134 875 2174 902 ut

1194 921 1412 965 reliquorum
1440 920 1661 964 superiorum
1681 920 1909 954 Planetarum
1934 931 2037 954 sensu
2061 919 2174 964 perci-

1192 970 1307 1014 pitur,
1334 970 1426 1003 idem
1447 976 1479 1003 et
1495 971 1537 1003 de
1556 970 1691 1004 Venere
1710 972 1937 1014 intelligatur.

1293 1020 1416 1053 Postea
1441 1022 1583 1065 quando
1615 1021 1760 1055 Planeta
1792 1022 1887 1054 iuxta
1911 1021 2002 1055 latus
2029 1019 2174 1065 epicycli

1193 1071 1408 1104 occidentale
1425 1083 1484 1104 seu
1501 1072 1661 1104 dextrum
1679 1073 1865 1105 ascendere
1881 1071 2025 1115 incipit,
2053 1081 2174 1103 rursus

1193 1122 1407 1154 diminuitur
1439 1128 1554 1154 motus
1587 1121 1753 1155 Planetae
1785 1123 1822 1155 in
1854 1122 2019 1167 epicyclo.
2085 1120 2174 1153 Nam

1193 1179 1337 1216 propter
1367 1172 1621 1204 convexitatem
1656 1173 1802 1218 epicycli
1832 1173 1870 1204 in
1900 1173 2007 1204 latere
2036 1181 2174 1203 sursum

1194 1229 1411 1265 vergentem,
1437 1222 1533 1254 arcui
1551 1221 1669 1254 diurni
1691 1229 1806 1256 motus
1823 1221 1986 1255 Planetae
2002 1221 2040 1253 in
2058 1220 2176 1265 epicy-

1193 1273 1247 1306 clo
1273 1273 1390 1305 minus
1413 1272 1570 1316 spacium
1597 1272 1634 1305 in
1666 1273 1763 1306 coelo
1798 1273 1998 1315 respondet.
2057 1269 2176 1312 Quare

1193 1323 1320 1356 iterum
1338 1322 1546 1367 aliquandiu
1561 1323 1702 1365 aequari
1720 1321 1982 1365 quodammodo
1999 1320 2176 1364 incipiunt

1194 1374 1264 1404 duo
1286 1373 1455 1404 contrarii
1478 1377 1613 1411 motus,
1641 1378 1673 1404 et
1696 1383 1768 1404 sese
1795 1371 1945 1404 invicem
1964 1370 2062 1415 quasi
2080 1370 2174 1413 peri-

1193 1433 1305 1462 mere,
1333 1422 1379 1455 ita
1396 1427 1435 1454 ut
1450 1420 1596 1454 Planeta
1612 1421 1778 1455 immotus
1800 1422 1991 1456 consistere
2005 1421 2176 1454 videatur.

1193 1471 1287 1505 Haec
1304 1472 1407 1505 statio
1431 1472 1583 1504 secunda
1600 1472 1743 1506 dicitur.

1293 1520 1352 1556 Ab
1370 1520 1435 1555 hoc
1452 1522 1529 1554 loco
1545 1523 1718 1555 secundae
1735 1521 1893 1556 stationis
1910 1520 2056 1555 Planeta
2071 1521 2176 1555 altius

1193 1573 1378 1606 subvectus
1396 1573 1433 1604 in
1458 1572 1633 1617 epicyclo‚
1661 1574 1777 1606 denuo
1798 1572 1990 1606 secundum
2012 1572 2176 1606 ordinem

1192 1624 1374 1666 signorum
1405 1623 1592 1667 procedere
1616 1623 1762 1668 incipit,
1797 1630 1830 1657 et
1855 1623 2008 1656 directus
2032 1623 2174 1657 dicitur.

1192 1673 1330 1707 Rursus
1347 1673 1440 1705 enim
1457 1673 1673 1708 conveniunt
1688 1675 1757 1707 duo
1773 1680 1908 1713 motus,
1931 1673 2123 1718 epicyclum
2142 1679 2176 1706 et

1193 1723 1373 1757 Planetam
1406 1723 1538 1767 pariter
1566 1735 1687 1757 versus
1718 1725 1865 1757 eandem
1889 1729 2023 1768 partem
2050 1723 2098 1762 εἷς
2128 1720 2175 1757 τὰ

1193 1774 1364 1819 ἑπόμενα,
1393 1781 1650 1817 promoventes.

1295 1823 1364 1858 Sed
1386 1836 1449 1857 cur
1469 1836 1543 1857 non
1569 1824 1670 1858 Luna
1695 1837 1835 1871 quoque
1857 1824 1980 1857 eodem
2003 1824 2110 1857 modo
2136 1823 2174 1856 in

1193 1875 1362 1909 lateribus
1377 1875 1522 1919 epicycli
1541 1875 1717 1917 subsistit,
1743 1882 1776 1908 et
1800 1874 1997 1918 regreditur
2011 1874 2174 1919 aliquan-

1193 1928 1257 1967 do,
1279 1933 1317 1959 ut
1334 1923 1369 1958 hi
1388 1925 1541 1969 supremi
1560 1924 1736 1967 Planetae,
1763 1938 1844 1960 cum
1862 1931 1976 1958 tamen
1995 1924 2068 1968 ipsa
2085 1937 2174 1969 quo-

1194 1989 1261 2022 que
1282 1977 1318 2009 in
1338 1975 1491 2020 epicyclo
1515 1976 1597 2008 ferri
1616 1978 1778 2010 credatur
1803 1977 1869 2017 ita,
1896 1981 1934 2008 ut
1955 1974 2173 2018 superiorem

1193 2028 1267 2061 eius
1282 2033 1415 2071 partem
1432 2026 1699 2071 perambulans,
1728 2033 1850 2060 contra
1872 2026 2052 2069 signorum
2076 2026 2174 2059 ordi-

1193 2091 1284 2119 nem,
1300 2077 1502 2110 inferiorem
1514 2089 1595 2110 vero
1613 2089 1830 2121 percurrens,
1846 2077 2038 2112 secundum
2054 2076 2173 2120 signo-

1192 2141 1270 2163 rum
1287 2128 1448 2162 ordinem
1464 2128 1628 2172 incedat?

1291 2178 1391 2213 Duae
1419 2189 1540 2211 causae
1569 2185 1665 2213 sunt:
1701 2177 1780 2213 Una
1805 2184 1855 2211 est
1885 2178 2030 2211 tarditas
2055 2184 2172 2211 motus

1190 2230 1312 2264 Lunae
1327 2229 1363 2262 in
1379 2229 1553 2274 epicyclo,
1580 2241 1667 2274 quae
1684 2230 1789 2273 paulo
1814 2228 1924 2262 serius
1947 2239 2054 2262 unam
2070 2239 2171 2262 revo-

1191 2281 1363 2315 lutionem
1380 2280 1532 2314 absolvit
1547 2280 1585 2313 in
1601 2280 1766 2325 epicyclo,
1786 2291 1890 2326 quam
1907 2279 1980 2323 ipse
1997 2279 2171 2325 epicyclus

1191 2333 1227 2365 in
1244 2331 1447 2365 eccentrico.

1274 2381 1344 2415 Sed
1361 2380 1443 2415 huic
1459 2391 1579 2414 causae
1596 2380 1791 2413 necessario
1808 2380 1970 2413 addenda
1985 2385 2034 2412 est
2049 2379 2169 2421 altera,

1404 2432 1557 2475 parvitas
1580 2431 1725 2475 epicycli
1757 2431 1906 2470 lunaris,
1937 2430 1997 2474 qui
2021 2442 2099 2463 cum
2124 2430 2168 2464 sit

163 2488 331 2529 regressio
344 2513 352 2526 ‚
378 2487 431 2518 vel
449 2487 529 2530 quia
547 2487 654 2530 ipsius
679 2487 714 2519 in
733 2486 887 2531 epicyclo
905 2493 1018 2518 motus
1040 2497 1136 2518 reve-
1160 2470 1163 2531 f
1188 2483 1346 2517 omnium
1364 2482 1598 2528 epicyclorum
1616 2482 1803 2520 minimus,
1826 2484 1941 2515 tamen
1959 2491 2030 2513 non
2051 2481 2167 2513 minus

161 2550 199 2571 ra
219 2545 268 2570 est
283 2536 434 2569 velocior
450 2537 556 2568 altero
577 2544 683 2576 motu,
699 2549 800 2581 quem
817 2543 974 2569 centrum
991 2535 1135 2580 epicycli
1160 2535 1162 2573 J
1188 2536 1224 2567 in
1243 2533 1317 2568 360
1343 2540 1457 2576 partes
1483 2538 1533 2565 est
1555 2532 1706 2575 divisus,
1734 2543 1837 2577 quam
1855 2530 1915 2564 alii
1934 2530 2080 2564 maiores
2097 2531 2164 2564 cir-

161 2590 206 2621 ab
232 2587 421 2620 eccentrico
449 2584 573 2626 habet,
600 2594 637 2619 ut
660 2589 701 2619 de
720 2589 872 2621 Saturno
891 2593 922 2620 et
941 2585 1021 2618 love
1043 2586 1134 2618 infra
1159 2575 1161 2614 1¹

1186 2585 1267 2619 culi.
1321 2583 1439 2626 Quare
1465 2582 1527 2616 etsi
1548 2582 1647 2616 Luna
1671 2584 1708 2616 in
1732 2583 1792 2615 illo
1815 2592 1923 2624 parvo
1943 2580 2074 2614 circulo
2094 2588 2164 2614 tre-

161 2639 308 2671 dicetur:
339 2637 390 2669 vel
412 2636 491 2680 quia
518 2643 658 2680 propter
682 2637 950 2681 amplitudinem
975 2636 1133 2682 epicycli,
1158 2633 1160 2663 Ι
1185 2635 1297 2669 decim
1324 2636 1451 2678 gradus
1473 2641 1505 2668 et
1528 2633 1551 2667 4
1574 2635 1707 2668 minuta
1737 2632 1864 2665 diurno
1897 2637 1994 2665 motu
2024 2632 2162 2676 aequali
