2379 2948
131 139 207 176 569
745 138 787 173 V.

133 223 306 258 eruditam
346 224 605 258 definitionem:
649 223 833 257 Peccatum
867 230 916 256 est
950 221 1123 267 quicquid
1146 222 1150 255 I

133 276 350 309 contrarium
369 283 421 309 est
440 276 507 319 legi
524 275 602 309 Dei.
640 273 741 306 Hanc
758 274 870 316 legem
890 272 954 306 Dei
975 273 1122 305 intuen—

134 334 201 367 tes,
229 327 352 360 d1scite
369 339 457 372 quae
478 327 547 359 sint
573 337 653 357 vere
678 324 827 368 peccata.
881 323 977 356 Haec
1002 323 1120 356 nativa

134 378 307 411 sententia
323 390 395 411 non
416 385 529 422 potest
545 375 697 418 intelligi
716 387 756 407 ex
773 375 888 408 verbis
912 375 1041 408 latinae
1067 374 1123 406 in-

134 429 413 473 terpretationis.
465 427 548 460 Ideo
565 433 598 459 et
617 425 743 458 Graeci
767 426 883 459 fontes
909 425 1122 468 inspiciendi

134 487 215 513 sunt
228 507 236 519 ,
263 487 295 513 et
311 477 394 512 haec
412 477 602 512 Dialectica
620 477 856 517 consideratio
874 477 1122 509 definitionum

134 529 335 564 adhibenda
362 536 420 562 est.
485 528 555 560 lam
579 529 622 560 de
644 528 878 572 explicatione
905 527 1124 560 delinitionis

135 594 225 627 quae
241 582 333 625 apud
350 577 544 613 Iohannem
564 579 742 617 recitatur,
768 579 878 612 multa
898 579 1035 613 erudite
1053 579 1124 612 dici

133 640 291 678 possunt.
344 631 413 664 Sed
435 627 520 663 llaec
535 630 621 663 alibi
639 637 879 674 exponuntur.

235 689 402 726 Definitio
426 687 503 723 κατ’
525 686 724 729 ἅντίλεξιν,
752 691 895 734 quando
920 690 990 723 alio
1016 690 1123 723 verbo

133 743 271 776 notiore
289 741 435 780 utimur,
463 747 501 774 ut
521 741 557 772 in
576 739 733 774 Ecclesia
750 741 915 774 dicimus:
945 741 1122 775 Contritio

134 800 185 828 est
202 804 311 837 pavor
327 798 360 825 et
377 792 482 824 dolor
501 791 638 833 cordis,
666 798 764 825 ortus
780 804 821 825 ex
848 792 1030 836 agnitione
1053 792 1124 825 irae

132 844 199 879 Dei
215 844 382 877 adversus
398 849 549 887 peccata.

234 902 372 936 Multae
390 902 697 935 communissimae
714 901 969 945 descriptiones
994 914 1123 935 vocan-

132 961 190 989 tur
209 950 334 994 τύποι,
362 953 396 986 id
417 960 486 991 est,
512 953 775 998 qualescunque
792 953 1058 991 delineationes,
1087 960 1124 987 ut

841 133 1164 172 EROTEMATA
1192 129 1532 171 DlALECTICES.

133 1005 388 1049 descriptiones
410 1005 667 1045 membrorum,
696 1005 916 1048 plantarum,
944 1002 1125 1037 machina-

133 1068 234 1097 rum,
263 1063 295 1090 et
314 1056 493 1100 pertinent
508 1057 552 1089 ad
569 1054 795 1089 definitiones
817 1068 906 1100 quae
930 1056 1019 1090 fiunt
1045 1068 1122 1089 coa-

133 1107 282 1141 cervatis
299 1107 540 1142 accidentibus
558 1114 619 1141 aut
635 1107 830 1142 effectibus.

460 1228 527 1268 De
559 1227 797 1269 Divisione.

258 1322 362 1361 Quae
390 1325 445 1354 esi
474 1321 624 1355 utilitas
644 1331 755 1354 verae
782 1318 1004 1355 divisionis?

238 1394 347 1428 Vetus
366 1395 499 1428 dictum
515 1401 581 1428 est:
610 1393 681 1437 Qui
703 1396 792 1428 bene
810 1395 1009 1438 distinguit,
1036 1395 1125 1426 bene

135 1448 247 1482 docet.
301 1445 350 1480 Et
371 1447 408 1479 in
426 1444 588 1479 Phaedro
606 1445 766 1480 Platonis
785 1447 888 1490 longa
906 1445 1124 1479 divisionum

134 1497 293 1531 laudatio
327 1504 436 1538 extat,
472 1497 533 1530 ubi
561 1499 703 1531 tandem
733 1498 849 1543 inquit
878 1498 1054 1531 Socrates:
1087 1495 1124 1529 Si

135 1557 259 1582 nactus
283 1549 389 1582 suerit
414 1550 556 1589 ducem,
592 1549 652 1593 qui
680 1558 771 1582 recte
802 1549 926 1593 partiri
949 1548 1054 1588 sciat,
1090 1558 1125 1580 se

135 1600 265 1644 ipsius,
293 1606 461 1645 tanquam
477 1598 543 1632 Dei
561 1600 704 1643 vestigia
721 1608 924 1633 secuturum
942 1611 1027 1633 esse.
1064 1599 1125 1632 In-

135 1657 271 1684 seratur
288 1662 370 1694 ergo
390 1651 519 1684 teneris
536 1652 714 1684 mentibus
732 1648 816 1684 haec
840 1651 1020 1684 verissima
1046 1662 1124 1694 pcr-

136 1702 272 1742 suasio,
300 1703 403 1736 valde
426 1702 638 1748 necessaritis
664 1714 736 1735 esse
764 1703 956 1735 divisiones
983 1713 1043 1734 seu
1070 1701 1125 1733 di-

136 1753 341 1787 stinctiones
358 1753 394 1785 in
416 1752 650 1796 plurimarum
674 1765 792 1786 rerum
817 1753 1064 1797 explicatione,
1092 1759 1126 1785 et
1148 1770 1150 1776 ν

135 1805 179 1838 ad
212 1816 331 1838 curam
363 1803 656 1848 diligentiamque
689 1805 826 1838 erudite
857 1812 891 1838 et
916 1811 1008 1837 recte
1032 1804 1125 1836 divi-

135 1856 244 1889 dendi
262 1856 448 1889 assuefiant
468 1855 636 1889 iuniores,
692 1857 855 1898 Quantae
875 1856 1041 1889 tenebrae
1069 1867 1124 1887 es-

135 1914 213 1940 sent
231 1907 267 1940 in
284 1905 442 1940 Ecclesia
458 1906 585 1938 amisso
611 1906 815 1940 discrimine
832 1907 936 1950 Legis
955 1913 987 1940 et
1002 1904 1123 1939 Evan-

134 1959 228 2002 gelii.
289 1956 440 2000 Quoties
478 1957 680 1991 audivimus
717 1955 879 1991 homiues
908 1970 979 1991 non
1020 1958 1124 1989 rudes
1147 1969 1150 2030 ¹

136 2010 318 2042 literarum
346 2009 548 2053 vituperare
578 2009 665 2042 iuris
693 2009 807 2043 civilis
839 2009 1057 2048 doctrinam,
1093 2015 1150 2058 et.¹

135 2060 334 2103 disputare,
370 2060 540 2104 regendas
556 2072 628 2093 esse
645 2060 804 2095 civitates
821 2069 853 2095 et
868 2061 998 2094 iudicia
1022 2059 1124 2092 dictis
1146 2064 1150 2090 Ι

136 2110 369 2153 evangelicis?
429 2111 594 2155 Speciosa
623 2112 736 2145 oratio
773 2112 934 2151 videtur,
974 2123 1053 2144 cum
1080 2111 1124 2143 sit

137 2160 321 2194 horribilis
346 2162 517 2196 confusio.
570 2162 753 2197 Differunt
777 2163 870 2196 enim
895 2162 1038 2208 politica
1061 2173 1123 2205 gu-
1145 2148 1150 2206 i

136 2212 298 2245 bernatio
317 2219 349 2245 et
365 2211 609 2256 Evangelium.
665 2213 814 2248 Politica
833 2214 1041 2258 gubernatio
1070 2225 1122 2245 re-

136 2265 188 2307 git
205 2270 382 2296 externam
395 2264 618 2308 disciplinam
629 2266 788 2299 omnium
801 2264 999 2304 hominum,
1018 2264 1123 2298 etiam

137 2314 350 2359 impiorum,
376 2321 408 2348 et
424 2322 557 2349 coercet
575 2323 717 2350 externa
744 2318 902 2350 membra
929 2316 1122 2361 corporali-

135 2366 202 2399 bus
225 2366 368 2410 poenis,
404 2365 569 2400 discernit
593 2368 751 2401 dominia
771 2381 910 2409 rerum,
946 2375 979 2402 et
1005 2375 1124 2401 tuetur

136 2428 256 2461 pacem
273 2428 497 2450 communem
516 2416 671 2460 legibus,
698 2419 840 2452 iudiciis
856 2427 889 2453 et
908 2419 1025 2454 armis.
1066 2418 1121 2450 Aa

136 2466 221 2502 haec
237 2480 343 2512 opera
360 2468 582 2510 magistratus
601 2470 765 2512 politicus
784 2471 958 2505 divinitus
978 2469 1123 2514 imposi-

134 2526 192 2554 tus
214 2525 266 2553 est
291 2519 449 2553 societati
474 2518 589 2559 civili,
619 2520 718 2554 cuius
733 2519 818 2554 haec
834 2523 1022 2566 praecipua
1042 2528 1123 2554 sunt

136 2570 267 2604 officia:
301 2569 481 2611 Primum,
517 2577 556 2603 ut
581 2577 682 2604 sonet
704 2571 777 2614 ipse
805 2585 924 2605 vocem
956 2572 1148 2615 (lecalogi‚1

137 2618 205 2654 hoc
221 2628 288 2661 est,
315 2621 401 2665 legis
419 2628 583 2661 naturae,
611 2628 644 2655 et
659 2621 814 2665 decalogi
840 2631 932 2657 recte
952 2623 1123 2657 intellecti
1146 2610 1147 2640 l

137 2679 252 2706 custos
268 2672 313 2706 sit
331 2673 367 2705 in
390 2680 532 2707 externa
557 2672 765 2717 disciplina,
792 2679 825 2706 et
850 2675 974 2718 poeuis
998 2685 1123 2718 corpo-

137 2722 270 2757 ralibus
288 2723 416 2759 afficiat
433 2730 669 2759 contumaces.
715 2723 939 2767 Secundum,
963 2732 1002 2760 ut
1017 2725 1122 2759 addat
1145 2738 1148 2755 ι

2084 136 2160 171 570

1174 220 1259 252 alias
1276 219 1507 263 particulares
1523 221 1630 264 leges,
1659 233 1747 267 quae
1766 227 1882 254 tamen
1906 233 1978 254 non
2005 229 2161 265 pugnent

1175 283 1254 304 cum
1274 271 1452 313 decalogo,
1477 273 1536 304 sed
1555 279 1663 305 certas
1682 272 1962 306 circumstantias
1978 273 2158 313 definiant,

1173 334 1252 354 cum
1278 321 1462 363 decalogus
1487 329 1623 355 tantum
1651 325 1692 356 de
1719 335 1845 365 genere
1871 323 1983 364 dicat,
2019 330 2057 357 ut
2081 335 2158 356 cum

1174 374 1222 405 ait
1239 372 1440 414 decalogus:
1466 371 1547 405 Non
1563 373 1696 406 furtum
1720 376 1840 415 facies,
1868 374 2031 418 exprimit
2056 375 2160 417 legis—

1174 424 1283 466 lator,
1317 424 1403 468 quid
1428 424 1465 455 in
1495 430 1677 456 contractu
1701 426 1880 458 nominari
1904 426 2040 459 furtum
2064 426 2160 465 velit,

1173 481 1205 507 et
1220 475 1401 519 quomodo
1428 474 1618 517 puniturus
1641 475 1696 510 sit.
1750 474 1885 508 Harum
1913 478 2016 510 etiam
2042 476 2158 520 legum

1174 525 1332 559 custodia
1352 532 1383 558 et
1402 525 1556 558 executio
1576 526 1796 568 magistratui
1818 528 1980 560 mandata
1999 535 2059 562 est.
2100 527 2159 560 ln-

1174 583 1266 610 terea
1284 576 1350 609 alia
1369 588 1423 609 res
1444 583 1492 609 est
1508 574 1693 619 Evangelii
1723 576 1864 615 concio,
1890 589 1978 620 quae
2002 579 2160 611 remissio

1174 634 1395 672 peccatorum
1422 635 1454 660 et
1479 625 1674 660 haereditas
1697 628 1787 661 vitae
1815 634 1976 660 aeternae
2002 629 2159 661 offerun-

1175 686 1249 719 tur,
1286 686 1318 712 et
1340 691 1379 711 ex
1403 690 1528 721 genere
1552 675 1710 711 humano
1735 686 1876 712 aeterna
1903 675 2059 711 Ecclesia
2086 678 2159 712 Deo

1174 730 1369 772 colligitur,
1395 736 1428 763 et
1445 730 1686 763 accenduntur
1703 730 1739 762 in
1755 729 1922 762 cordibus
1941 729 2079 773 piorum
2102 731 2159 762 lux

1174 788 1205 813 et
1223 781 1356 823 agnitio
1377 793 1454 813 vcra
1471 780 1556 821 Dei,
1581 781 1718 815 iusticia
1733 808 1741 821 ,
1769 787 1802 814 et
1819 780 1889 812 vita
1909 787 2061 814 aeterna.
2091 780 2161 813 Sed

1174 832 1260 865 tales
1277 839 1413 864 tantum
1431 832 1532 875 pauci
1551 839 1642 873 sunt,
1671 830 1928 877 quiEvangelii
1947 832 2023 864 voci
2041 839 2164 876 sponte

1175 890 1206 916 et
1232 883 1313 916 laeti
1347 884 1605 927 obtemperant.
1660 883 1707 916 At
1740 883 1906 926 politicus
1940 884 2164 926 magistratus

1173 934 1244 966 suis
1260 934 1397 977 legibus
1414 934 1589 979 reliquam
1609 941 1716 967 totam
1735 934 2000 967 multitudinem
2018 935 2164 969 coercet.

1175 985 1256 1018 Alia
1283 985 1392 1028 igitur
1419 997 1474 1018 res
1498 992 1548 1019 est
1573 985 1783 1028 gubernatio
1807 985 1969 1028 politica,
2011 985 2078 1017 alia
2112 997 2164 1017 res

1174 1049 1239 1069 vox
1275 1034 1484 1079 Evangelii,
1530 1037 1697 1079 colligens
1738 1043 1916 1069 aeternam
1956 1033 2163 1070 Ecclesiam.

1175 1087 1270 1120 Haec
1295 1100 1497 1132 quanquam
1523 1088 1640 1121 brevis
1662 1087 1863 1128 distinctio,
1899 1094 2015 1120 tamen
2044 1088 2163 1120 lumen

1174 1146 1223 1172 est
1247 1151 1366 1171 rerum
1393 1138 1644 1179 maximarum,
1680 1150 1785 1183 quam
1820 1139 1879 1182 qui
1913 1150 1985 1170 non
2019 1145 2164 1177 norunt,

1174 1198 1255 1223 sunt
1281 1190 1316 1221 in
1343 1189 1478 1232 magnis
1504 1190 1669 1222 tenebris.
1733 1188 1810 1221 Hoc
1837 1191 1942 1222 breve
1966 1190 2164 1233 exemplum

1175 1240 1339 1280 recitavi,
1368 1247 1404 1273 ut
1422 1241 1734 1272 commonefaciam
1759 1241 1950 1280 discentes,
1977 1241 2078 1273 valde
2103 1252 2164 1273 ne-

1176 1292 1358 1325 cessariam
1378 1292 1662 1324 essedoctrinam
1690 1291 1925 1331 divisionum,
1954 1303 2059 1335 quam
2086 1291 2165 1335 qui-

1175 1344 1255 1376 dam
1280 1342 1511 1375 Andronicus
1537 1343 1695 1385 scripsit,
1722 1354 1860 1385 semper
1884 1342 1920 1373 in
1946 1354 2073 1385 magno
2099 1340 2164 1374 lto-

1174 1406 1261 1426 nore
1278 1394 1369 1436 apud
1391 1392 1641 1435 Peripateticos
1659 1392 1777 1425 fuisse.

1341 1480 1432 1519 Quot
1460 1483 1546 1512 sunt
1573 1476 1722 1523 formae
1751 1477 2001 1513 divisionum?

1276 1545 1440 1589 Quatuor
1472 1554 1553 1580 sunt
1583 1547 1716 1579 formae
1747 1547 1978 1580 divisionum.
2047 1546 2167 1580 Prima

1174 1605 1223 1632 est
1241 1598 1421 1631 distinctio
1441 1598 1597 1630 nominis
1616 1599 1725 1631 multa
1743 1599 1971 1641 significantis
1994 1599 2031 1631 in
2056 1599 2166 1642 signi-

1174 1651 1289 1687 ficata,
1319 1656 1357 1682 ut
1383 1649 1421 1681 in
1446 1646 1512 1681 hoc
1540 1649 1652 1682 dicto:
1681 1649 1719 1683 Si
1740 1662 1799 1682 vos
1820 1649 1932 1682 Filius
1948 1650 2163 1690 liberaverit,

1174 1713 1254 1733 vere
1272 1700 1394 1734 liberis
1410 1700 1518 1733 eritis.
1572 1699 1640 1732 Hic
1657 1712 1795 1733 necesse
1818 1707 1865 1733 est
1884 1701 1952 1733 diei
1971 1713 2100 1733 nomen
2119 1701 2163 1733 li-

1175 1752 1316 1785 bertatis
1334 1752 1419 1784 alias
1444 1751 1639 1793 significare
1665 1751 1863 1784 libertatem
1892 1752 2050 1791 civilem,
2079 1751 2165 1784 alias

1173 1803 1418 1836 liberationem
1436 1815 1453 1834 a
1474 1809 1633 1845 peccato,
1662 1802 1704 1834 ab
1729 1802 1777 1834 ira
1798 1801 1881 1842 Dei,
1909 1809 1940 1834 et
1959 1803 2002 1835 ab
2023 1809 2163 1835 aeterna

1174 1861 1305 1892 morte,
1335 1865 1477 1897 prorsus
1496 1850 1586 1884 nihil
1605 1854 1647 1885 ad
1668 1853 1786 1885 civilia
1814 1853 1957 1895 negocia
1982 1854 2164 1897 pertinen-

1174 1913 1253 1940 tem.
1308 1904 1346 1938 Si
1379 1905 1457 1949 quis
1483 1911 1597 1936 autem
1628 1901 1718 1936 lianc
1745 1904 2015 1948 explicationem
2042 1905 2164 1950 aequi-

1174 1968 1342 1989 vocorum
1369 1968 1440 1989 non
1471 1955 1561 1987 volet
1588 1966 1796 1998 nuncupare
1829 1955 2062 1996 divisionem,
2098 1968 2163 1988 no-

1174 2007 1284 2039 minet
1317 2013 1354 2039 nt
1385 2007 1494 2039 volet:
1531 2005 1642 2038 Modo
1676 2003 1741 2038 hoc
1773 2005 1885 2039 sciant
1909 2006 2077 2042 iuniores.
2124 2005 2163 2039 ln

1173 2059 1271 2091 omni
1289 2057 1527 2101 disputatione
1547 2057 1699 2100 primum
1717 2057 1797 2089 sciri
1825 2064 1986 2101 oportere
2009 2059 2164 2090 vocabu-

1174 2110 1290 2142 lorum
1331 2107 1606 2152 significationes
1657 2108 1852 2141 narrationi
1905 2109 2163 2149 convenientes,

1173 2168 1336 2205 oportere
1354 2167 1387 2193 et
1403 2159 1566 2202 ambigua
1584 2159 1772 2202 explicari,
1803 2166 1835 2192 et
1857 2171 2054 2193 sermonem
2072 2159 2163 2193 inte-

1174 2224 1273 2254 grum
1294 2218 1386 2245 recte
1405 2210 1569 2253 intelligi.
1623 2209 1717 2243 Haec
1737 2209 1976 2243 Grammatica
2000 2211 2163 2243 admoni-

1174 2263 1222 2296 tio
1241 2275 1343 2307 saepe
1360 2262 1396 2295 in
1415 2261 1606 2295 Dialectica
1622 2261 1805 2305 repetitur.

1422 2354 1512 2394 Quae
1535 2356 1583 2384 est
1605 2352 1747 2384 secunda
1767 2348 1907 2392 forma?

1276 2417 1438 2451 Secunda
1465 2419 1578 2450 forma
1596 2423 1644 2449 est
1661 2414 1788 2448 divisio
1807 2414 1944 2457 generis
1966 2414 2002 2446 in
2022 2417 2163 2460 species,

1174 2481 1264 2514 quae
1282 2470 1319 2501 in
1337 2469 1504 2502 omnibus
1521 2469 1655 2500 artibus
1676 2465 1962 2499 communissima
1982 2473 2042 2500 est.
2091 2467 2162 2500 *Ne-

1175 2532 1266 2553 cesse
1283 2527 1333 2553 est
1351 2527 1467 2554 autem
1491 2519 1621 2562 species
1641 2516 1814 2559 discerni,
1843 2517 1897 2549 vel
1919 2529 1979 2560 per
1994 2517 2162 2551 differen-

1173 2572 1257 2611 tias,
1288 2572 1342 2604 vel
1364 2583 1425 2615 per
1441 2569 1601 2613 propria,
1629 2568 1684 2600 vel
1703 2580 1765 2612 per
1781 2567 1994 2609 accidentia,
2023 2569 2076 2602 vvl
2103 2582 2163 2614 per

1174 2623 1346 2661 subiecta,
1375 2621 1429 2653 vel
1449 2632 1511 2663 per
1527 2620 1661 2652 obiecta
1676 2644 1684 2657 ,
1713 2620 1766 2652 vel
1787 2631 1847 2663 per
1865 2631 2003 2659 causas,
2029 2621 2082 2652 vel
2102 2633 2163 2664 per

1173 2674 1336 2713 effectus,
1370 2678 1409 2705 ut
1432 2683 1537 2714 supra
1561 2671 1695 2703 dictum
1724 2677 1773 2703 est
1801 2671 1835 2702 in
1860 2671 2162 2713 praedicamentis,

1173 2724 1235 2758 ubi
1256 2724 1385 2758 desunt
1406 2722 1551 2755 nomina
1571 2721 1853 2755 differentiarum
1873 2721 2042 2763 illustria,
2070 2723 2161 2756 sumi
