2379 2948
232 119 324 154 1887

815 105 938 139 PHlL.
969 102 1084 139 MEL.
1115 102 1323 139 SCRIPTA
1353 100 1658 137 EXEGETICA.

2165 102 2262 138 1388

229 207 293 238 bus
308 203 403 236 Deus
422 205 567 233 testatur
586 208 619 229 se
638 205 717 227 vere
737 204 809 226 esse
825 190 938 225 Deum
958 188 1065 224 buius
1083 190 1217 234 populi,
1244 189 1247 227 !
1272 195 1324 222 sto
1338 215 1346 229 ,
1373 185 1555 222 Christum
1573 185 1733 222 exhibuit
1750 188 1844 221 iuxta
1859 188 2148 232 promissionem,
2176 201 2260 234 pro-

229 255 283 289 cui
308 253 403 287 dedit
427 251 571 283 verbum
596 258 634 279 ac
659 244 926 289 promissiones,
962 242 1044 287 qnia
1070 247 1219 285 praestet
1245 243 1247 293 ’ἲ

230 305 420 351 promissa,
449 299 611 344 respiciat
635 304 667 330 et
690 295 851 334 adiuvet,
878 300 909 326 et
928 293 1122 326 benefaciat
1141 292 1219 335 piis,

231 358 291 403 qui
316 357 409 388 iuxta
435 351 582 384 verbum
606 344 879 392 apprehendunt
895 345 1033 384 Deum,
1061 350 1095 376 et
1119 354 1219 386 prae-

231 414 323 442 stant
354 414 455 437 veros
484 402 616 439 cultus,
650 397 832 436 fiduciam,
867 395 1126 428 invocationem
1145 400 1220 433 etc„

231 458 290 504 qui
307 468 378 490 non
395 460 494 493 sunt,
521 459 559 485 ut
575 450 725 484 aliorum
743 448 868 488 cultus,
896 446 988 480 irriti
1006 452 1037 479 et
1054 445 1129 478 sine
1145 445 1220 477 fru-

231 517 305 543 ctu:
335 507 394 540 sed
412 505 511 539 Deus
533 500 688 536 ostendit
710 499 777 532 sibi
801 510 858 531 eos
883 498 1039 542 placere,
1064 496 1145 540 quia
1163 507 1221 528 ex-

231 560 330 593 audit
354 558 449 602 pios,
477 561 510 588 et
535 554 593 587 dat
618 550 805 589 beneficia,
834 561 923 595 quae
941 547 1222 592 complectuntur

232 609 268 644 hi
289 620 420 642 versus.

335 659 385 693 Ac
403 659 492 692 sicut
510 655 612 689 initio
625 652 786 686 psalmus
803 662 946 685 exorsus
964 655 1013 682 est
1031 648 1222 692 gratiarum

231 713 404 746 actionem
431 721 447 741 a
473 703 806 740 commemoratione
832 701 1099 740 beneficiorum,
1134 710 1222 744 quae

231 763 326 797 Deus
350 758 574 803 singulariter
598 754 769 800 praestitit
797 754 848 786 illi
873 752 1023 796 populo:
1056 751 1103 784 ita
1127 761 1223 782 nnnc

232 814 357 858 repetit
377 812 413 843 in
431 821 555 853 genere
575 805 741 840 beneficia
760 805 838 837 data
857 802 1047 842 divinitus,
1075 807 1106 834 et
1126 800 1223 833 addit

232 864 468 910 precationem
481 887 488 900 ,
516 865 555 891 ut
574 857 668 891 Deus
687 867 724 887 ea
742 861 922 887 conservet
939 860 970 886 et
989 858 1121 896 augeat.
1176 850 1224 885 Ut

233 923 348 949 autem
374 912 445 945 dixi
472 911 515 943 de
541 907 670 941 auxilio
689 906 757 939 Dei
774 913 804 938 et
822 904 1041 938 defensione:
1071 902 1224 936 Adiutor

233 974 264 999 et
290 970 467 1009 protector
490 971 610 993 eorum
636 964 702 990 est:
729 957 775 989 ita
800 954 856 989 hic
880 956 922 988 de
947 954 1224 993 conservatione,

234 1019 451 1050 incremento
496 1018 527 1044 et
565 1007 816 1053 propagatione
861 1005 1114 1039 beneficiorum
1154 1003 1224 1046 agit

233 1067 372 1112 gratias.
428 1063 587 1097 Primum
615 1058 745 1103 inquit:
774 1057 950 1091 Dominus
975 1055 1135 1089 meminit
1159 1067 1224 1087 no-

233 1119 318 1160 stri,
354 1117 389 1149 id
422 1122 492 1153 est,
526 1116 707 1144 conservat
734 1110 880 1141 verbum
906 1108 1075 1141 traditum
1101 1113 1132 1139 et
1156 1106 1224 1139 alia

234 1168 422 1206 beneficia,
458 1166 553 1197 adest
585 1169 617 1195 et
641 1160 784 1193 adiuvat
811 1171 874 1192 nos
901 1160 936 1191 in
965 1157 1150 1202 periculis,
1187 1168 1225 1189 ac

233 1218 369 1254 etiamsi
387 1214 593 1261 aliquandiu
613 1212 695 1245 sinit
712 1223 776 1244 nos
793 1211 914 1253 affligi,
943 1217 974 1243 et
993 1209 1109 1241 differt
1126 1207 1225 1241 auxi-

235 1273 337 1304 lium:
367 1276 484 1302 tamen
508 1277 579 1298 non
605 1264 683 1296 ideo
701 1262 828 1296 deserit
845 1273 928 1301 nos,
957 1272 1027 1293 non
1046 1258 1225 1292 oblivisci-

235 1331 291 1356 tur
309 1320 438 1359 nostri,
465 1318 523 1350 sed
543 1327 621 1349 cum
640 1320 687 1346 est
706 1325 794 1357 opus
812 1313 972 1350 adiuvat,
1001 1318 1032 1344 et
1051 1309 1225 1342 mirabili-

236 1382 288 1407 ter
310 1377 423 1405 servat
445 1380 520 1401 nos.
578 1365 663 1398 Item
683 1364 860 1397 benedicit
878 1363 998 1400 nobis,
1029 1362 1062 1394 id
1082 1368 1150 1399 est,
1174 1361 1225 1393 sa-

237 1430 292 1457 vet
326 1429 356 1455 et
386 1418 559 1453 benefacit
585 1416 707 1453 nobis,
744 1414 899 1447 cumulat
924 1425 987 1445 nos
1011 1412 1131 1451 donis,
1168 1411 1227 1443 dat

237 1483 412 1508 successus
431 1477 462 1503 et
479 1471 694 1501 incrementa
714 1467 903 1498 donorum.

340 1524 391 1556 Ac
424 1520 551 1564 repetit
579 1518 616 1549 in
643 1517 755 1560 specie
782 1514 966 1553 beneficia,
1002 1513 1071 1556 agit
1099 1511 1226 1554 gratias

238 1588 299 1620 pro
333 1576 414 1607 dato
449 1582 555 1613 regno
586 1575 617 1600 et
643 1567 856 1600 sacerdotio:
894 1564 1077 1597 Benedicit
1105 1561 1226 1594 domui

238 1626 344 1660 lsrael
374 1631 407 1656 et
432 1620 554 1655 domui
572 1619 712 1658 Aaron,
740 1617 775 1649 id
802 1623 869 1655 est,
899 1615 985 1647 sicut
1012 1614 1047 1646 in
1074 1611 1140 1645 hoc
1165 1624 1227 1655 po-

238 1674 426 1722 puloDeus
444 1670 597 1705 institnit
614 1676 799 1712 utramque
820 1665 1111 1709 gubernationem
1130 1663 1228 1705 regni

240 1735 273 1761 et
304 1723 510 1763 sacerdotii,
545 1728 577 1754 et
608 1719 705 1752 dedit
729 1717 978 1762 promissiones
1003 1716 1045 1748 de
1069 1722 1228 1758 utraque,

239 1780 345 1823 idque
370 1774 554 1820 praecipue
574 1778 715 1814 propter
731 1766 922 1803 Christum.
978 1766 1028 1800 Ita
1044 1773 1229 1809 utramque

240 1833 441 1866 conservat,
469 1832 499 1857 et
525 1824 583 1856 dat
606 1822 697 1854 bona
718 1819 909 1852 necessaria
929 1819 971 1851 ad
991 1816 1229 1850 conservatio-

240 1892 319 1914 nem
355 1877 537 1920 utriusque
569 1879 687 1906 status.
750 1869 993 1904 Sacerdotium
1028 1867 1228 1900 institutum

239 1932 306 1964 fuit
330 1935 474 1973 propter
497 1923 733 1957 ministerium
759 1921 876 1959 verbi,
905 1927 942 1954 nt
959 1919 1110 1963 populns
1127 1919 1229 1950 doce-

242 1989 356 2018 retur,
387 1985 419 2011 et
443 1984 479 2010 nt
504 1982 592 2008 esset
620 1974 737 2018 aliqua
758 1971 932 2011 Ecclesia,
958 1970 1021 2003 ubi
1045 1980 1229 2002 conserva-

242 2039 366 2066 rentur
395 2027 647 2073 promissiones
681 2025 723 2057 de
746 2021 901 2057 Christo,
956 2021 1038 2054 Ideo
1071 2020 1113 2052 ad
1141 2019 1229 2052 illud

243 2080 525 2117 conservandum
551 2076 647 2109 dedit
663 2072 878 2118 Prophetas,
906 2073 965 2117 qui
991 2071 1141 2105 subinde
1166 2071 1230 2103 do-

243 2134 392 2168 ctrinam
425 2131 647 2163 obscuratam
679 2125 924 2164 restituerunt,
961 2122 1087 2156 clarius
1119 2120 1230 2165 expli-

244 2190 369 2218 carunt
410 2178 676 2226 promissiones,
717 2177 862 2209 suerunt
896 2182 1036 2208 autores
1066 2171 1231 2206 abolendi

243 2234 449 2269 idolatricos
474 2231 606 2272 cultus,
638 2235 669 2261 et
693 2227 865 2272 populum
884 2230 1094 2258 revocarunt
1113 2224 1153 2256 ad
1172 2234 1231 2255 ve-

244 2299 318 2320 ram
340 2284 507 2317 noticiam
534 2280 600 2313 Dei
625 2286 658 2312 et
679 2289 780 2311 veros
803 2277 927 2311 cultus.
981 2275 1038 2309 Sic
1066 2274 1169 2307 etiam
1195 2273 1232 2305 in

246 2337 385 2382 politia,
413 2345 491 2367 cum
516 2331 668 2376 populus
692 2336 908 2373 premeretur
932 2339 950 2360 a
973 2325 1099 2359 vicinis
1121 2322 1232 2357 hosti-

247 2390 329 2425 bus,
367 2387 448 2418 item
479 2384 522 2416 ab
550 2382 703 2426 Assyriis
735 2379 874 2423 regibus
899 2377 994 2411 Deus
1023 2375 1234 2409 mirabiliter

247 2437 382 2471 adiuvit
414 2434 603 2479 populum,
639 2431 802 2465 excitavit
833 2429 994 2463 heroicos
1025 2428 1138 2467 viros,
1174 2437 1234 2470 per

248 2500 335 2534 quos
353 2487 449 2520 dedit
466 2486 618 2527 insignes
636 2482 817 2522 victorias,
846 2480 1000 2514 reddidit
1016 2490 1154 2523 pacem,
1179 2489 1233 2509 re-

249 2538 362 2572 stituit
380 2544 504 2570 statum
523 2534 708 2582 politicum
723 2539 786 2568 etc.
833 2531 910 2565 Hoc
927 2537 976 2564 est
994 2530 1087 2575 qnod
1102 2529 1233 2573 inquit:
1260 2522 1262 2553 ἶ

1260 2612 1261 2617 ,
1289 2579 1422 2612 mundo
1464 2577 1562 2610 dedit
1599 2576 1774 2610 Ecclesiae
1814 2578 1963 2617 victurii,

248 2587 434 2622 Benedicit
452 2586 570 2619 domui
591 2584 709 2619 lsrael.

352 2637 419 2672 Sed
440 2637 664 2680 praecipuum
684 2633 891 2669 beneficium
910 2639 976 2672 est,
1003 2631 1096 2676 quod
1116 2631 1152 2662 in
1170 2627 1235 2663 hoc

251 2690 380 2734 populo
401 2687 497 2720 dedit
515 2698 552 2718 ac
570 2686 788 2719 conservavit
806 2683 1055 2729 promissiones
1074 2682 1115 2714 de
1130 2678 1234 2714 Chri-

1261 2689 1262 2693 *
1290 2680 1386 2714 tiam.

1274 246 1350 283 pter
1374 251 1477 283 quem
1504 245 1537 272 et
1553 238 1643 271 illud
1662 238 1892 272 sacerdotium
1913 237 2129 280 Levificum,
2156 247 2190 274 et
2206 253 2262 274 re-

1273 301 1380 334 gnum
1408 289 1591 334 corporale
1614 287 1697 323 huic
1718 290 1848 334 populo
1866 302 1884 322 a
1900 287 1974 323 Deo
1992 290 2161 323 traditum
2179 299 2264 332 erat,

1273 348 1312 375 ut
1353 347 1439 374 esset
1476 340 1718 374 testimonium
1752 340 1892 374 venturi
1926 340 2090 384 promissi
2122 343 2264 375 seminis

1273 391 1471 432 benedicti,
1497 392 1560 437 qni
1586 392 1727 424 futurus
1750 398 1839 425 essct
1863 398 2025 425 aeternus
2047 403 2105 424 rex
2123 398 2155 425 et
2171 404 2262 435 pon—

1274 443 1376 483 tifex,
1404 443 1493 476 sicut
1509 442 1593 476 alibi
1611 442 1839 484 describitur,
1867 441 1929 487 qui
1945 442 2018 486 ipse
2033 453 2105 474 sese
2122 443 2265 477 offerret

1275 493 1453 526 victimam
1479 505 1542 537 pro
1568 494 1736 537 peccatis,
1765 505 1803 526 ac
1828 493 1917 526 victa
1944 500 1975 526 et
1999 493 2131 526 abolita
2153 500 2264 527 morte

1276 551 1308 578 et
1341 550 1510 588 potestate
1542 545 1696 585 diaboli,
1723 545 1888 578 liberaret
1920 555 2029 587 genus
2058 541 2266 586 humanum,

1278 595 1431 638 placaret
1448 594 1551 627 nobis
1569 593 1683 628 Deum
1695 621 1704 638 ,
1732 602 1766 628 et
1782 595 1919 628 sublato
1941 602 2078 638 peccato
2095 602 2127 628 et
2143 602 2266 635 morte,

1278 647 1426 679 donaret
1452 645 1624 679 iusticiam
1653 652 1686 679 et
1712 646 1818 679 vitam
1844 653 2032 679 aeternam.
2098 644 2194 679 Haec
2216 653 2266 679 est

1277 704 1416 730 aeterna
1441 696 1700 730 administratio
1724 697 1911 730 sacerdotii
1931 703 1961 730 ct
1978 696 2078 740 regni
2095 697 2266 740 spiritua-

1278 748 1338 787 lis,
1367 747 1427 780 ubi
1445 744 1607 780 Christus
1624 748 1666 780 ad
1684 748 1840 781 dextram
1858 747 1967 791 patris
1985 748 2187 792 interpellat
2203 760 2266 792 pro

1278 799 1399 839 nobis,
1426 799 1599 841 gubernat
1615 796 1826 839 Ecclesiam,
1855 799 1935 831 dato
1958 799 2066 831 verbo
2083 805 2115 832 et
2131 798 2266 842 Spiritu

1278 856 1419 889 sancto,
1454 849 1611 882 defendit
1635 861 1709 881 eam
1736 849 1903 882 adversus
1925 849 2105 882 saevitiam
2132 849 2267 883 diaboli

1279 907 1311 933 et
1350 899 1487 933 mundi.
1558 898 1674 933 Huius
1713 900 1846 933 aeterni
1886 900 2071 933 sacerdotii
2104 907 2135 934 et
2167 901 2266 943 regni

1278 952 1402 984 umbra
1437 957 1510 983 erat
1541 951 1629 983 illud
1664 957 1846 984 externum
1872 950 2107 984 sacerdotium
2132 950 2268 984 Leviti-

1279 1015 1376 1042 cum,
1411 1008 1444 1035 et
1467 1013 1613 1045 regnum
1640 1002 1781 1045 populi,
1815 1001 1896 1046 quia
1921 1008 2063 1045 propter
2086 999 2267 1035 Christum

1279 1053 1480 1086 institutum
1500 1059 1590 1092 erat,
1618 1059 1650 1086 et
1669 1050 1822 1085 habebat
1838 1052 2088 1096 promissiones
2105 1053 2147 1085 de
2163 1050 2269 1086 Chri-

1280 1110 1331 1137 sto
1345 1131 1352 1144 ,
1380 1102 1425 1136 Et
1449 1110 1593 1148 apparet
1618 1103 1696 1136 ideo
1719 1100 1776 1136 hic
1794 1103 2009 1136 mentionem
2028 1102 2101 1136 fieri
2120 1103 2217 1146 regni
2237 1110 2270 1136 et

1280 1154 1483 1192 sacerdotii,
1521 1161 1559 1188 ut
1592 1155 1779 1187 admoneat
1810 1154 1886 1198 pios
1918 1153 2195 1198 promissionum
2225 1157 2268 1187 de

1281 1204 1444 1246 Christo,
1473 1217 1562 1250 quae
1585 1205 1789 1238 describunt
1813 1216 1959 1248 regnum
1985 1212 2017 1238 et
2036 1205 2268 1239 sacerdotium

1280 1263 1481 1296 aeternum,
1507 1256 1598 1289 sicut
1621 1262 1652 1288 et
1680 1256 1764 1289 alias
1789 1255 1983 1290 sententiae
2005 1256 2047 1288 de
2073 1256 2268 1291 sacerdotio

1280 1315 1312 1341 et
1328 1319 1436 1350 regno
1454 1313 1620 1340 revocant
1638 1318 1703 1340 nos
1721 1308 1764 1340 ad
1786 1307 2036 1351 promissiones
2051 1304 2256 1342 deChristo.

1334 1406 1499 1441 Adiiciat
1517 1406 1708 1440 Dominus
1725 1419 1832 1454 super
1850 1420 1929 1450 vos,
1957 1413 2016 1442 etc.

1385 1485 1496 1517 Addit
1523 1481 1782 1527 apostrophen,
1810 1495 1878 1528 qua
1902 1485 2100 1527 gratulatur
2124 1493 2157 1519 et
2183 1486 2271 1520 bene

1283 1543 1444 1581 precatur
1474 1535 1559 1578 piis,
1597 1532 1809 1567 habentibus
1836 1532 1922 1567 haec
1948 1535 2116 1569 beneficia
2140 1537 2273 1578 divina,

1282 1587 1446 1619 videlicet
1472 1586 1620 1617 verbum
1655 1591 1688 1618 et
1713 1597 1831 1618 veram
1859 1585 2026 1619 noticiam
2052 1586 2134 1628 Dei,
2170 1600 2271 1622 veros

1283 1638 1414 1676 cultus,
1444 1642 1477 1669 et
1504 1636 1570 1668 alia
1598 1636 1690 1668 bona
1713 1636 1911 1680 spiritualia
1936 1644 1967 1670 et
1992 1638 2207 1682 corporalia,
2233 1647 2272 1673 ut

1282 1689 1382 1723 Deus
1413 1685 1498 1720 haec
1523 1694 1643 1729 augeat
1670 1694 1703 1720 et
1727 1694 1920 1722 conservet.
1987 1687 2085 1722 Sicut
2111 1696 2143 1722 et
2168 1691 2272 1723 nobis

1283 1740 1412 1782 gratiae
1436 1738 1590 1781 agendae
1614 1744 1696 1770 sunt
1722 1749 1784 1781 pro
1808 1738 1938 1771 talibus
1952 1739 2150 1779 beneficiis,
2177 1743 2270 1786 quod

1284 1790 1379 1824 Deus
1398 1790 1457 1822 dat
1473 1789 1639 1828 verbum,
1667 1790 1760 1833 quod
1780 1796 1963 1823 conservat
1974 1788 2188 1830 Ecclesiam,
2215 1793 2272 1826 dat

1284 1853 1402 1885 pacem
1435 1839 1611 1884 publicam
1644 1846 1707 1874 etc.
1734 1846 1767 1873 et
1793 1840 1981 1882 petendum
2007 1848 2045 1874 ut
2072 1839 2156 1875 haee
2179 1843 2271 1876 bona

1284 1893 1397 1925 foveat
1417 1899 1448 1924 et
1467 1896 1668 1930 conservet,
1696 1897 1734 1923 ut
1752 1898 1988 1935 propagentur
2004 1893 2045 1925 ad
2063 1899 2229 1937 posteros.

1334 1990 1528 2026 Benedicti
1544 2004 1603 2025 vos
1623 2004 1646 2024 a
1664 1990 1850 2031 Domino,
1880 1997 1939 2028 ele.

1391 2069 1518 2111 Ingens
1536 2069 1761 2112 praeconium
1781 2075 1849 2107 est,
1877 2075 1911 2101 et
1930 2068 2129 2102 dulcissima
2149 2083 2274 2105 conso-

1286 2121 1388 2160 latio,
1414 2121 1457 2153 de
1480 2132 1560 2152 vera
1575 2117 1731 2152 Ecclesia
1756 2116 1907 2152 habente
1931 2119 2077 2152 verbum
2103 2121 2275 2157 divinitus

1287 2171 1476 2210 traditum,
1504 2182 1574 2215 quo
1601 2182 1635 2202 se
1660 2169 1821 2213 patefecit
1839 2167 1952 2209 Deus,
1979 2177 2017 2203 ut
2037 2183 2116 2204 vere
2134 2175 2275 2215 agnosci

1287 2222 1414 2267 possit,
1442 2228 1475 2254 et
1498 2221 1635 2254 addidit
1661 2220 1815 2263 ingentia
1840 2220 2026 2259 beneficia,
2053 2224 2216 2266 promisit
2241 2233 2274 2259 et

1287 2270 1591 2307 exhibuitFilium
1608 2283 1709 2304 suum
1721 2298 1729 2311 ‚
1757 2283 1819 2313 per
1834 2284 1937 2317 quem
1951 2273 2176 2308 credentibus
2189 2287 2273 2309 corn-

1288 2325 1430 2367 tingunt
1445 2330 1584 2356 aeterna
1602 2323 1693 2355 bona
1705 2349 1713 2362 ‚
1741 2322 1903 2356 liberatio
1921 2335 1939 2356 a
1956 2330 2096 2367 peccato
2113 2332 2143 2359 et
2161 2333 2273 2360 morte

1288 2383 1450 2415 aeterna,
1465 2397 1468 2399 Α
1485 2373 1643 2407 remissio
1675 2380 1915 2417 peccatorum,
1950 2374 2095 2409 donatio
2119 2374 2273 2420 Spiritus

1287 2426 1415 2465 sancti,
1443 2432 1475 2458 et
1492 2425 1561 2458 vita
1582 2436 1619 2457 ac
1636 2424 1771 2457 laeticia
1791 2431 1958 2469 perpetua
1976 2425 2012 2457 in
2032 2433 2171 2460 aeterna
2188 2439 2273 2461 con—

1288 2476 1474 2510 suetudine
1504 2488 1581 2508 cum
1609 2474 1694 2510 Deo.
1764 2476 1913 2509 Addidit
1942 2476 2046 2509 etiam
2078 2479 2273 2521 corporalia

1290 2527 1475 2565 beneficia,
1509 2527 1602 2570 quod
1634 2526 1716 2560 inde
1748 2538 1857 2571 usqne
1883 2527 1927 2560 ab
1952 2527 2054 2560 initio
2076 2539 2213 2572 semper
2235 2530 2271 2563 in

2021 2579 2272 2615 defensionem.

1291 2628 1378 2663 Item
1410 2628 1512 2662 editis
1545 2628 1723 2661 miraculis
1751 2635 1894 2662 testatus
1918 2634 1965 2661 est
1988 2640 2084 2661 suam
2112 2641 2274 2673 praesen-

1441 2678 1560 2721 Quare
1578 2686 1669 2712 recte
1685 2687 1832 2714 ornatur
1849 2676 1905 2712 hic
1922 2679 2072 2722 populus
2090 2678 2155 2715 hoc
2174 2694 2274 2726 prae-
