2379 2948
148 89 216 125 165
880 83 926 119 11,
973 79 1125 118 LIBER

139 233 218 254 cum
239 222 370 265 inquit:
401 220 533 254 Sensus
552 219 666 253 carnis
686 216 872 249 inimicitia
891 222 940 248 est
956 216 1126 248 adversus

140 271 268 306 Deum.

244 329 295 364 Ac
312 330 557 363 discernantur
581 325 773 360 substantia
801 331 912 358 creata
930 337 948 358 a
968 323 1044 358 Deo
1057 352 1065 365 ,
1092 331 1126 358 et

142 380 292 421 ἀταξία,
326 392 413 425 quae
436 386 551 422 postea
583 377 743 416 accessit,
778 383 809 408 et
841 383 892 408 est
920 376 1036 419 operis
1070 376 1125 407 di-

141 433 214 464 vini
238 430 452 475 depravatiO.

142 490 191 516 est
209 481 391 524 explicatio
411 479 619 522 argumenti,
647 479 741 523 quod
756 476 913 510 Iulianus
925 475 1124 520 Augustino

142 534 284 566 obiecit:

243 583 424 616 Peccatum
444 592 517 613 non
534 579 644 623 gignit
662 577 854 612 hominem.

242 632 533 675 Concupiscentia
550 632 659 674 gignit
679 628 873 665 hominem.

241 682 322 716 Non
338 691 388 715 est
404 683 512 725 igitur
527 688 717 725 peccatum.

244 741 412 775 Ridicula
431 749 463 775 et
482 741 628 785 puerilis
645 740 822 773 cavillatio
847 746 906 774 est.
947 736 993 772 Et
1011 745 1127 771 tamen

141 794 222 826 illos
246 791 409 825 homines
435 792 635 835 ingeniosos
660 791 823 825 exercuit.
877 790 997 823 Maior
1019 790 1129 822 veris—

141 845 227 877 sima
247 850 314 881 est,
343 843 423 888 quia
441 850 621 887 peccatum
646 849 697 875 est
720 839 904 874 horribilis
928 841 1130 880 destructio,

143 906 216 928 non
234 901 284 927 est
308 894 476 938 quiddam
503 894 648 936 gignens
674 891 867 927 hominem,
918 891 1042 924 Minor
1064 891 1129 933 igi-

143 953 200 979 tur
218 946 320 988 plane
338 946 496 987 neganda
514 952 574 977 est.
608 943 697 976 Nam
718 942 1013 984 concupiscentia,
1041 954 1129 986 quae

143 1003 192 1030 est
208 993 338 1034 ἀταξία
359 1002 391 1028 et
409 994 612 1039 depravatio
632 994 847 1027 substantiae
864 994 1039 1033 conditae,
1067 1005 1130 1025 ne-

145 1058 320 1092 quaquam
339 1046 466 1089 gignit,
494 1047 553 1078 sed
579 1045 774 1078 substantia
803 1050 915 1076 creata
940 1056 956 1076 a
976 1045 1050 1080 Deo
1077 1044 1131 1086 gi-

144 1098 239 1140 gnit,
264 1104 436 1141 quatenus
460 1097 637 1141 reliquum
654 1103 703 1129 est
723 1107 810 1137 opus
826 1093 911 1134 Dei,
936 1107 1010 1127 non
1029 1106 1131 1138 pror-

145 1159 203 1182 sus
221 1148 413 1181 extinctum
426 1175 434 1188 ,
462 1154 500 1180 nt
517 1145 658 1180 hebetes
675 1146 767 1179 oculi
786 1145 924 1183 vident,
954 1157 1026 1178 non
1044 1157 1131 1189 qua-

145 1206 247 1232 tenus
265 1205 347 1231 sunt
367 1198 578 1237 imbecilles,
608 1198 667 1229 sed
687 1203 860 1241 quatenus
885 1196 979 1229 oculi
1006 1202 1132 1228 natura

144 1249 280 1293 reliqua
300 1255 361 1281 est.
417 1247 456 1280 In
482 1247 650 1289 languido
670 1246 865 1280 ventriculo
892 1247 929 1279 sit
952 1246 1131 1278 concoctio

145 1300 227 1339 cibi,
255 1310 326 1331 non
344 1305 516 1342 quatenus
534 1298 749 1331 ventriculus
769 1304 819 1330 est
836 1297 1046 1339 frigefactus,
1073 1296 1133 1328 sed

147 1356 319 1394 quatenus
344 1355 394 1380 est
420 1348 456 1379 in
489 1359 528 1379 eo
553 1346 710 1391 reliquus
738 1347 834 1379 calor
867 1347 1020 1381 nativus.
1082 1347 1134 1379 Ac

147 1401 258 1433 multa
279 1398 406 1432 similia
423 1404 628 1441 argumenta
648 1410 687 1430 ex
707 1395 771 1429 hoc
798 1397 957 1439 exemplo
982 1397 1135 1429 iudicari

148 1456 313 1495 possunt,
341 1461 430 1494 quae
447 1447 624 1482 dialectici
652 1448 827 1492 explicant
853 1447 890 1480 in
908 1447 1045 1480 fallacia
1067 1447 1136 1479 Ac-

149 1501 307 1534 cidentis.
366 1498 425 1533 Ut:

251 1549 388 1584 Omnes
405 1550 561 1584 adfectus
586 1550 624 1582 in
640 1546 705 1582 hac
728 1549 895 1582 imbecilli
915 1556 1039 1582 natura
1057 1554 1138 1582 sunt

301 1601 435 1633 viciosi.

254 1654 365 1685 Amor
380 1652 442 1684 filii
465 1652 499 1683 in
520 1648 701 1684 Abraham
720 1657 769 1684 est
788 1651 958 1685 adfectus.

256 1703 368 1746 Igitur
385 1709 434 1736 est
451 1702 614 1735 viciosns.

253 1759 406 1793 Fallacia
433 1765 482 1791 est
500 1759 700 1792 accidentis.
754 1756 904 1805 Σῑοργι)
925 1771 942 1791 a
960 1758 1035 1791 Deo
1055 1768 1139 1790 con-

153 1812 225 1845 dita
243 1818 292 1844 est
310 1822 372 1842 suo
391 1821 516 1852 genere
536 1810 647 1851 bona,
676 1816 708 1842 et
727 1809 840 1852 imago
859 1809 990 1841 amoris·
1009 1809 1045 1841 in
1062 1807 1138 1841 Deo

155 1874 235 1906 erga
252 1862 365 1894 filium
383 1867 416 1893 et
433 1872 510 1903 erga
529 1872 605 1893 nos.
658 1859 728 1893 Sed
745 1859 782 1892 in
797 1859 901 1893 nobis
918 1860 960 1892 ad
980 1859 1139 1892 naturale

152 1915 287 1948 bonum
305 1911 436 1945 accedit
454 1908 603 1951 ἀταξία,
626 1922 714 1954 quae
732 1917 850 1944 tamen
869 1911 907 1943 in
923 1910 1054 1942 renatis
1073 1909 1139 1942 ali-

154 1977 224 2010 quo
244 1964 348 1996 niodo
377 1962 577 2004 corrigitur.
637 1961 717 1994 Non
745 1961 853 2004 igitur
874 1961 1070 1993 abiicienda
1091 1968 1140 1994 est

156 2012 311 2062 στοργὴ,
338 2014 394 2046 sed
415 2013 540 2045 ordine
559 2014 728 2055 regenda,
755 2012 906 2052 scilicet,
934 2010 1140 2045 amoreDei.

259 2065 359 2097 lianc
407 2065 547 2096 brevem
589 2063 966 2095 comniouesactioucm
1007 2063 1140 2101 addidi,

156 2117 237 2160 quia
262 2115 415 2148 ostendit
434 2115 525 2146 viam
554 2114 684 2146 similes
706 2114 946 2147 cavillationes
968 2113 1139 2146 fanatico-

159 2179 236 2199 rum
257 2174 289 2200 et
306 2166 630 2209 superstitiosorum
649 2162 833 2198 hominum
854 2164 1063 2208 explicandi.

236 2269 293 2302 De
328 2266 592 2302 accidentibus·
615 2269 753 2301 mentis
780 2271 815 2301 et
844 2267 1057 2301 voluntatis.

264 2341 410 2374 Necesse
429 2349 477 2375 est
502 2342 724 2375 considerare
749 2340 939 2374 discrimen
963 2340 1140 2384 potentiae

162 2392 420 2436 cognoscentis,
446 2398 479 2425 et
493 2393 669 2436 potentiae
688 2392 904 2436 adpetentis,
933 2399 965 2425 et
992 2391 1141 2424 noticia—

163 2457 242 2478 rum
260 2456 299 2477 ac
314 2442 568 2486 adpetitionum
579 2469 588 2483 ‚
614 2450 653 2475 ut
668 2454 768 2486 saepe
782 2442 916 2476 dictum
932 2449 1000 2482 est,
1028 2442 1141 2475 scien-

165 2497 249 2528 dum
266 2501 316 2528 est
333 2494 458 2536 igitur,
484 2492 522 2524 in
543 2494 697 2536 potentia
716 2499 945 2536 cognoscente
967 2490 1051 2526 haec
1076 2493 1142 2527 tria

165 2557 254 2579 esse:
306 2544 461 2578 Noticias
493 2543 688 2584 naturales,
721 2544 896 2585 actiones,
929 2551 963 2577 et
988 2541 1143 2578 habitus.

165 2595 216 2629 Ac
239 2608 311 2629 uno
335 2594 516 2628 communi
545 2593 688 2626 nomine
711 2591 795 2627 haec
825 2595 893 2628 tria
921 2594 1146 2638 adpellantur

162 2646 341 2686 Notitiae,
375 2646 429 2679 vel
455 2643 651 2684 naturales,
684 2644 738 2675 vel
768 2645 922 2685 subitae,
956 2645 1013 2678 vel
1043 2644 1146 2679 habi-

1152 80 1217 117 DE
1245 82 1415 120 ANIMA.

140 184 159 204 a
183 170 293 204 Paulo
328 169 533 203 nominatur
567 166 758 202 Inimicitia
798 166 962 199 adversus
996 163 1155 203 Deum,y

1150 265 1153 305 ἐ

512 426 566 461 Ex
599 425 664 460 hac
697 427 924 459 distinctione
955 429 1125 458 sumenda
1152 449 1153 457 1

2092 89 2162 124 166

1179 165 1300 197 tuales.
1353 166 1441 200 Sunt
1469 174 1582 202 autem
1605 169 1732 212 gradus
1760 170 1957 212 actionum,
1990 181 2029 208 ut
2055 187 2160 220 supra

1179 215 1269 246 dixi:
1299 214 1523 259 Simplicium
1540 220 1690 262 agnitio,
1719 222 1911 262 connexio,
1937 223 2076 265 divisio,
2103 239 2169 259 ra-

1177 265 1380 305 tiocinatio,
1408 268 1592 309 adsensus,
1630 271 1784 306 reiectio.
1846 273 2061 308 Admirandi
2084 289 2168 310 mo-

1177 321 1234 348 tus
1252 322 1351 355 sunt,
1378 323 1412 349 et
1429 317 1577 351 describi
1596 332 1667 353 non
1688 323 1771 355 satis
1787 330 1953 366 possunt,
1977 337 2049 358 non
2067 327 2168 359 enim

1178 373 1373 399 cernuntur
1389 367 1520 405 oculis,
1550 371 1607 401 sed
1626 371 1859 406 similitudine
1875 375 2048 419 quadam,
2075 389 2169 421 qua-

1178 416 1226 449 les
1245 417 1314 450 sint
1331 417 1561 452 existimetur.
1598 418 1646 452 Ut
1677 420 1886 457 architectus
1904 427 1997 469 apud
2017 438 2052 460 se
2075 428 2122 459 im
2134 440 2171 460 a—

1178 467 1293 509 ginem
1314 473 1346 500 et
1364 468 1478 501 ideam
1495 469 1644 501 aedificii
1664 471 1793 514 pingit,
1821 474 1866 506 ita
1892 487 1990 509 mens
2008 478 2119 520 cogita
2129 490 2171 510 ns

1179 518 1334 562 aliquid,
1369 519 1498 551 format
1529 519 1720 562 imagines,
1756 534 1844 566 quae
1869 533 1948 558 sunt
1975 527 2041 570 ipsi
2068 535 2171 561 actus

1179 569 1414 611 intelligendi.
1475 568 1612 603 Harum
1638 572 1890 613 cogitationum
1917 578 2105 618 memoria,
2138 586 2171 612 et

1180 620 1298 651 crebra
1319 621 1515 653 recordatio
1533 632 1572 654 ac
1595 623 1755 665 repetitio
1780 623 1987 658 nominatur
2011 625 2108 662 habit
2119 641 2173 667 us.

1181 678 1240 703 aut
1271 670 1380 713 gignit
1409 669 1592 711 habitum,
1627 672 1661 704 id
1689 680 1756 714 est,
1788 673 1909 707 lumen
1932 677 2109 720 quoddam
2135 680 2173 711 in

1183 728 1317 761 mente,
1343 733 1414 766 quo
1431 728 1600 764 reguntur
1619 723 1784 757 actiones.

1288 779 1379 813 Sunt
1400 780 1508 823 igitur
1526 781 1563 812 in
1582 782 1736 824 potentia
1754 789 1985 825 cognoscente
2010 781 2046 817 hi
2064 782 2166 818 hahi-

1181 837 1251 863 tus:
1288 830 1454 866 Scientia.
1497 831 1580 864 Ars.
1615 831 1820 866 Prudentia.
1856 831 1970 867 Fides.
2016 832 2164 879 Opinio.

1285 896 1439 930 Scientia
1459 904 1508 931 est
1525 897 1673 940 noticia,
1700 899 1737 931 in
1755 911 1823 944 qua
1840 899 2091 936 demonstratio
2108 915 2168 937 co-

1183 948 1233 991 git
1252 959 1316 981 nos
1334 948 1503 982 adsentiri
1522 948 1630 984 dicto.

1285 1005 1422 1051 Opinio
1441 1014 1490 1040 est
1508 1007 1658 1048 noticia,
1686 1007 1721 1040 in
1740 1019 1808 1053 qua
1830 1010 2009 1053 probabili
2033 1013 2170 1046 ratione

1183 1069 1388 1098 movemur,
1409 1065 1448 1091 ut
1465 1058 1573 1100 magis
1598 1058 1636 1090 in
1662 1070 1769 1091 unam
1793 1066 1926 1102 partem
1950 1061 2171 1104 inclinemus,

1184 1120 1288 1153 quam
1307 1108 1344 1140 in
1362 1108 1478 1148 aliam,
1502 1115 1669 1142 ettamen
1685 1119 1852 1153 suspensa
1871 1110 1915 1144 sit
1932 1113 2093 1146 adsensio
2110 1126 2171 1147 seu

1184 1159 1414 1192 adseveratio.
1470 1158 1536 1196 Ut,
1564 1159 1688 1202 opinio
1708 1166 1769 1197 est,
1797 1159 1934 1194 futuros
1951 1173 2022 1195 esse
2041 1164 2172 1197 imbres

1186 1222 1263 1243 cum
1282 1210 1319 1241 in
1338 1209 1491 1253 piscibus
1514 1210 1557 1242 ad
1582 1209 1701 1242 lovem
1716 1236 1725 1250 ,
1754 1209 1944 1252 Venerem,
1979 1220 2012 1246 et
2029 1213 2172 1248 Mercu·-

1188 1261 1281 1292 rium
1299 1260 1440 1292 accessit
1457 1258 1569 1292 Luna.
1624 1257 1688 1293 Est
1705 1260 1799 1292 enim
1815 1262 2011 1304 probabilis
2026 1265 2115 1298 ratio
2132 1278 2172 1298 ex

1187 1308 1313 1343 harum
1332 1310 1513 1343 stellarum
1535 1310 1671 1343 naturis
1697 1318 1846 1354 sumpta.
1901 1310 1970 1345 Sed
1995 1314 2173 1348 interdum

1186 1359 1252 1393 hae
1271 1360 1451 1404 propiores
1469 1372 1591 1392 causae
1607 1360 1852 1403 impediuntur
1868 1362 1946 1394 aliis
1962 1366 2176 1406 praeceden-

1187 1412 1281 1443 tibus
1306 1410 1417 1443 causis
1440 1410 1710 1452 potentioribus.
1768 1409 1848 1443 Ideo
1867 1415 2075 1447 asseveratio
2098 1427 2175 1449 sus—

1190 1461 1368 1505 penditur.
1430 1457 1567 1503 Opinio
1587 1466 1654 1497 est,
1683 1461 1843 1494 Atticum
1862 1462 1937 1494 fore
1955 1472 2174 1499 constantem

1190 1519 1221 1545 et
1238 1518 1447 1555 perpetuum
1471 1510 1622 1543 amicum
1640 1510 1834 1545 Ciceronis.
1888 1513 1953 1546 Est
1975 1515 2069 1548 enim
2093 1528 2176 1559 pro-

1190 1563 1319 1596 babilis
1336 1562 1440 1601 ratio,
1467 1561 1548 1605 quia
1565 1568 1711 1605 uterque.
1729 1569 1778 1595 est
1797 1560 1965 1597 honestus
1983 1572 2015 1598 et
2029 1567 2177 1610 sapiens,

1192 1620 1224 1646 et
1248 1620 1393 1646 tuentur
1415 1612 1607 1645 amicitiam
1633 1613 1773 1646 virtutis
1798 1625 1911 1649 causa.
1965 1615 2035 1649 Sed
2058 1623 2176 1650 tamen

1192 1663 1410 1696 adseveratio
1442 1662 1686 1707 suspenditur,
1727 1663 1809 1708 quia
1846 1664 1958 1698 animi
1991 1664 2177 1701 hominum

1192 1722 1275 1748 sunt
1291 1714 1487 1747 mutabiles
1544 1712 1625 1746 Ideo
1644 1713 1759 1758 inquit
1781 1718 1898 1757 poe'ta:
1936 1714 2070 1750 Omnia
2096 1731 2176 1751 ver—

1192 1772 1318 1798 tuntur
1335 1771 1425 1797 certe
1444 1770 1632 1797 vertuntur
1648 1776 1797 1797 amores·
1848 1762 1895 1798 Et
1913 1764 2013 1800 Plato
2037 1767 2173 1813 inquit:

1191 1812 1300 1861 φύσει
1324 1811 1576 1858 εἰχιιετάβολον
1599 1812 1714 1857 ζῶον,
1743 1813 1761 1848 ὃ
1786 1811 1902 1860 ([ίλος.

1294 1873 1400 1907 Fides
1419 1879 1469 1906 est
1493 1872 1621 1906 noticia
1634 1899 1643 1913 ,
1671 1885 1738 1917 qua
1757 1873 1977 1907 adsentimur
1992 1875 2084 1909 dicto
2102 1877 2176 1910 siue

1192 1924 1433 1962 dubitatione,
1460 1923 1541 1957 victi
1563 1923 1775 1956 testimoniis
1791 1924 1847 1956 vel
1866 1925 2064 1960 autoritate.
2119 1927 2176 1968 Ut,

1191 1975 1366 2008 credimus
1403 1974 1705 2008 consentientibus
1744 1974 1956 2008 testimoniis
1990 1974 2176 2011 historico-

1193 2038 1293 2066 rum,
1329 2023 1519 2059 Octavimn
1545 2024 1744 2068 Augustum
1770 2024 1907 2059 Romae
1937 2034 2016 2070 post
2041 2026 2172 2061 lulium

1192 2074 1376 2110 Caesarem
1402 2076 1615 2119 gubernasse
1643 2073 1848 2109 Romanum
1873 2076 2075 2120 imperium.
2130 2077 2174 2112 In

1192 2124 1398 2171 prophetico
1427 2133 1460 2160 et
1486 2126 1678 2170 apostolico
1708 2138 1869 2159 sermone
1895 2127 1980 2160 fides
2002 2128 2173 2170 significat

1191 2191 1263 2210 non
1281 2178 1395 2211 solum
1423 2177 1592 2211 adsentiri
1611 2174 1786 2219 historiis,
1816 2178 1875 2209 sed
1898 2179 2000 2210 etiam
2023 2179 2174 2221 promis-

1192 2229 1352 2261 sionibus
1377 2228 1518 2261 divinis.
1570 2225 1617 2261 Et
1634 2225 1717 2261 huic
1740 2227 1940 2260 adsensioni
1957 2230 2173 2272 respondent

1193 2280 1229 2312 in
1248 2279 1428 2313 voluntate
1445 2278 1573 2312 fiducia
1590 2285 1624 2312 et
1641 2278 1774 2312 laeticia
1787 2302 1795 2315 ‚
1823 2288 1890 2321 qua
1906 2279 2095 2322 acquiescit
2110 2293 2172 2314 vo-

1193 2331 1310 2364 luntas
1327 2330 1364 2362 in
1381 2328 1456 2363 Deo
1468 2354 1477 2368 ,
1504 2341 1541 2362 re
1558 2330 1652 2362 bona
1669 2329 1783 2361 oblata
1802 2327 1839 2360 in
1857 2329 2107 2371 promissione,
2132 2337 2172 2364 ut

1193 2381 1370 2426 acquievit
1394 2381 1534 2414 animus
1551 2378 1747 2417 Gedeonis,
1775 2390 1854 2411 cum
1879 2379 1909 2410 ei
1930 2380 2100 2422 promissa
2117 2393 2170 2414 es—

1194 2439 1244 2465 set
1260 2431 1420 2467 victoria.
1456 2430 1538 2464 Ideo
1556 2431 1593 2462 in
1609 2428 1845 2472 descriptione
1861 2429 1942 2462 fidei
1959 2430 2008 2463 sic
2024 2431 2169 2464 dicitur:

1194 2482 1299 2516 Fides
1323 2489 1374 2516 est
1398 2480 1587 2526 expectatio
1611 2490 1729 2512 rerum
1753 2480 2022 2523 sperandarum,
2048 2481 2085 2515 id
2110 2489 2172 2523 est,

1193 2533 1320 2567 fiducia
1341 2544 1430 2578 quae
1453 2531 1579 2564 nititur
1596 2529 1839 2574 promissione.

1297 2590 1441 2626 Caetera
1469 2588 1639 2623 vocabula
1669 2586 1856 2622 habituum
1888 2590 2111 2624 declarantur
2135 2589 2170 2622 in

1200 2649 1295 2677 sexto
1326 2638 1536 2675 Ethicorum
1569 2646 1601 2673 et
1629 2639 1684 2704 in*
1699 2639 1899 2678 dialecticis.
1958 2639 2054 2674 Haec
2077 2641 2172 2674 enim

1607 2691 1647 2723 11
