2379 2948
167 85 261 120 1171

167 171 305 214 gatione
320 169 423 212 legis,
451 169 494 202 de
513 167 701 201 constituta
719 166 874 201 Ecclesia
900 168 937 201 in
955 166 1023 202 hoc
1042 180 1156 213 popu-

168 222 223 260 lo,
250 222 293 254 de
310 220 434 264 politia
447 245 456 262 ,
483 220 526 251 de
542 218 704 251 miranda
722 220 1003 261 conservatione,
1030 221 1073 253 de
1092 219 1159 252 mi-

171 272 291 306 randis
310 269 581 304 liberationibus
596 267 783 303 Ecclesiae.

171 335 295 366 magna
320 322 424 355 etiam
451 327 570 364 gentes
595 321 850 365 agnoscebant,
878 322 937 355 sed
955 329 1091 355 tantum
1111 321 1161 365 pii

171 374 376 419 praedicant
398 383 435 405 ea
459 383 532 404 esse
554 383 660 415 opera
684 370 848 414 Domini,
883 379 1078 416 agnoscunt
1102 385 1161 405 ve-

172 437 249 458 rum
272 423 388 457 Deum
412 430 571 456 autorem
589 434 661 456 esse
685 420 812 456 horum
831 424 1102 464 beneficiorum,
1130 430 1163 456 et

173 487 208 508 se
231 475 298 518 ipsi
322 474 533 514 subiiciunt,
564 474 825 518 amplectuntur
858 475 932 508 eius
955 475 1163 515 doctrinam,

173 533 206 560 et
231 526 264 559 ei
287 525 432 559 obedire
454 524 651 569 incipiunt,
685 525 732 559 ita
759 523 816 559 hic
834 523 1011 570 Propheta
1035 525 1163 569 gratias

173 588 299 620 agens,
324 576 427 610 initio
452 576 578 609 tribuit
599 575 674 610 Deo
699 574 794 610 hune
825 574 1018 618 honorem,
1044 584 1082 610 ut
1112 577 1164 609 fa-

174 635 290 662 teatur
312 625 397 660 haee
416 638 488 661 esse
508 627 618 671 ipsius
635 627 815 663 beneficia.

277 677 401 712 Postea
416 678 514 712 addit
530 684 662 712 caetera
678 679 790 712 officia
806 677 1044 721 gratitudinis,
1068 677 1165 710 iubet

175 727 270 763 hunc
300 729 415 763 Deum
442 729 619 762 celebrare
651 736 683 763 et
708 730 850 770 timere,
885 729 983 762 iubet
1014 729 1166 762 retinere

175 780 431 814 confessionem
465 780 665 819 doctrinae,
701 787 733 814 et
765 780 915 813 affirmat
949 777 1013 813 hos
1050 780 1166 812 cultus

174 844 249 865 non
278 843 349 864 esse
374 831 516 871 inanes,
542 831 621 864 ideo
652 831 769 864 statim
794 831 930 876 inquit:
955 828 1166 863 Scrutami-

175 881 242 915 bus
265 880 390 915 omnia
416 879 595 922 iucunda,
623 882 722 926 quasi
748 882 856 915 dicat:
893 881 1042 916 Etiamsi
1065 882 1165 925 impii

176 933 236 978 qui
260 944 325 966 nec
350 932 553 976 intelligunt
582 944 645 965 nec
669 939 794 966 curant
822 933 1020 966 doctrinam
1047 945 1065 966 a
1088 932 1165 966 Deo

175 984 340 1018 traditam
368 984 531 1018 derident
562 995 657 1024 eam,
691 990 724 1017 et
757 984 936 1017 somniant
968 984 1164 1017 fabulosam

175 1047 268 1075 esse,
300 1041 418 1067 tamen
452 1034 502 1078 pii
531 1040 743 1075 scrutantes,
779 1035 951 1068 discentes
977 1041 1011 1068 et
1035 1046 1165 1078 cogno-

174 1092 307 1120 scentes
324 1097 418 1127 eam,
444 1085 673 1129 experiuntur
692 1096 765 1118 esse
781 1097 898 1118 veram
925 1092 958 1119 et
981 1086 1166 1126 efficacem,

174 1137 263 1170 sicut
289 1143 321 1170 et
344 1136 437 1169 infra
460 1136 593 1180 inquit:
631 1135 833 1170 Intellectus
858 1137 973 1170 bonus
1000 1137 1166 1170 omnibus

172 1187 381 1220 facientibus
397 1199 447 1222 ea.
487 1185 535 1220 Et
551 1187 714 1230 congruit
728 1199 805 1220 cum
823 1188 931 1221 dicto:
959 1187 998 1222 Si
1016 1187 1095 1233 quis
1111 1188 1165 1220 di-

173 1238 250 1280 ligit
265 1250 336 1278 me,
365 1249 564 1271 sermonem
580 1249 696 1271 meum
712 1239 883 1279 servabit,
908 1245 940 1272 et
956 1245 1053 1283 pater
1067 1250 1166 1272 meus

173 1289 296 1332 diliget
319 1301 420 1329 eum,
447 1295 480 1322 et
505 1288 687 1323 veniemus
712 1290 755 1322 ad
782 1301 862 1323 eum
887 1297 919 1324 et
943 1289 1165 1323 mansionem

173 1341 267 1384 apud
287 1352 367 1373 eum
385 1339 564 1375 faciemus.

275 1391 474 1434 Diligenter
491 1397 607 1424 autern
631 1390 928 1424 considerandum
947 1397 997 1424 est
1017 1392 1164 1424 verbum

175 1441 374 1481 scrutandi,
408 1442 675 1474 commendatur
699 1439 756 1475 hic
781 1442 971 1475 discrimen
1004 1443 1165 1483 docendi,

174 1498 207 1526 et
222 1492 416 1536 requiritur
433 1503 516 1525 cura
534 1492 704 1526 discendi.

275 1542 371 1576 Infra
398 1543 532 1587 inquit:
560 1541 708 1576 fllemor
731 1546 782 1575 est
810 1542 913 1588 pacti
936 1542 1012 1584 sni,
1039 1544 1076 1577 id
1106 1550 1165 1583 est,

173 1605 247 1627 non
272 1593 357 1627 sinit
382 1593 490 1626 deleri
507 1591 699 1626 Ecclesiam
717 1600 751 1626 et
772 1594 1025 1637 promissiones
1049 1595 1166 1627 irritas

173 1644 261 1678 fieri.
316 1643 419 1677 Item:
452 1645 498 1677 Ut
524 1641 581 1676 det
603 1642 684 1677 illis
708 1641 970 1677 haereditatem
988 1644 1166 1690 gentium,

174 1695 210 1727 id
232 1702 300 1733 est,
328 1701 455 1728 terram
482 1707 587 1739 quam
605 1694 783 1729 Cananaei
807 1702 1004 1730 tenuerant.
1057 1696 1163 1730 Item:

172 1743 280 1779 Rata
309 1749 391 1778 sunt
415 1742 599 1778 mandata
633 1746 721 1781 eius.
776 1745 873 1779 Haec
896 1747 1015 1780 omnia
1046 1754 1165 1780 osten-

174 1798 265 1831 dunt
281 1796 461 1830 Psalmum
478 1797 576 1842 loqui
594 1798 636 1830 de
661 1797 915 1831 constitutione
932 1809 971 1831 ac
989 1798 1166 1832 defensio—

174 1860 218 1880 ne
240 1846 417 1881 Ecclesiae
447 1860 486 1881 ac
518 1848 707 1882 ministerii
730 1848 767 1881 in
795 1849 917 1892 politia
942 1848 1067 1889 Israel,
1102 1862 1165 1893 pro

175 1896 229 1931 his
245 1899 391 1932 summis
411 1899 589 1931 beneficiis
616 1900 686 1942 agit
701 1899 848 1942 gratias,
874 1900 954 1933 ideo
981 1907 1014 1933 et
1030 1900 1164 1934 dictum

176 1949 284 1982 illud:
314 1946 452 1981 Escam
479 1947 577 1983 dedit
596 1949 808 1983 timentibus
831 1949 969 1996 ipsum,
995 1951 1167 1995 intelligi-

176 2011 254 2033 mus
268 2000 311 2032 de
328 2000 400 2032 ritu
415 2000 495 2043 agni
513 1998 709 2039 Paschalis,
733 2002 801 2044 agit
818 2002 945 2044 gratias
956 2001 1042 2042 Deo,
1071 2004 1166 2048 quod

175 2051 334 2084 eduxerit
366 2051 538 2094 populum
570 2063 610 2083 ex
634 2050 812 2097 Aegypto,
853 2054 948 2098 quod
974 2053 1167 2088 instituerit

175 2101 411 2134 ministerium
430 2102 611 2135 doctrinae
628 2109 661 2135 et
677 2103 787 2145 sigua.

279 2153 362 2186 Dixi
380 2159 496 2185 autem
513 2164 615 2197 supra
631 2154 675 2186 de
690 2154 1025 2196 accommodatione,
1044 2155 1166 2199 Agno-

177 2214 312 2236 scamus
330 2210 363 2237 et
380 2215 444 2236 nos
461 2216 579 2237 revera
595 2202 660 2237 Dei
680 2217 785 2249 opera
804 2217 876 2238 esse
896 2207 990 2250 quod
1010 2204 1166 2240 Ecclesia

177 2254 372 2297 colligitur,
403 2255 620 2295 restituitur,
647 2262 679 2289 et
696 2262 871 2296 servatur,
899 2263 931 2290 et
955 2257 1083 2289 alicubi
1102 2255 1166 2290 ha-

176 2305 235 2337 bet
251 2305 440 2338 mediocria
464 2303 633 2350 hospitia,
661 2313 693 2340 et
709 2307 907 2345 doctrinam
928 2308 971 2340 de
988 2308 1167 2342 beneficiis

177 2353 261 2387 Filii
273 2355 337 2388 Dei
351 2356 534 2396 discamus,
559 2365 592 2390 et
610 2370 842 2401 propagemus
859 2365 891 2392 et
907 2370 970 2403 pro
987 2355 1054 2391 hoc
1071 2370 1164 2391 sum-

178 2417 235 2438 mo
258 2407 427 2440 beneficio
456 2405 570 2441 Deum
595 2409 829 2450 celebremus,
859 2416 891 2443 et
913 2409 1163 2453 gratitudinem

179 2457 292 2489 studio
313 2458 533 2491 obedientiae
550 2459 777 2496 declaremus,

280 2506 320 2539 ln
351 2509 417 2540 fine
449 2507 681 2553 epiphonema
713 2512 873 2544 additum
901 2519 970 2545 est:
1006 2510 1165 2546 Initium

178 2556 380 2602 sapientiae
405 2559 513 2592 timor
531 2559 709 2601 Domini,
741 2560 942 2596 intellectus
962 2562 1078 2597 bonus
1093 2564 1166 2611 su-

178 2605 286 2640 cienli
301 2606 382 2642 illa.
438 2609 515 2643 Hoc
533 2613 664 2645 dictum
681 2614 874 2657 opponitur
891 2615 1030 2648 iudiciis
1046 2616 1164 2659 profa—

178 2657 244 2699 nis,
269 2659 367 2703 quasi
387 2658 494 2694 dicat:
523 2660 658 2697 Rident
674 2661 759 2698 haec
776 2663 919 2699 Ethnici
936 2672 968 2700 et
982 2666 1164 2711 Epicurei,

753 81 878 116 PHIL.
908 81 1023 119 MEL.
1049 79 1262 117 SCRIPTA
1289 79 1588 118 EXEGETICA.

2105 84 2204 120 1172

1210 168 1271 202 sed
1289 178 1354 201 nos
1378 167 1508 201 scimus
1530 165 1621 201 hanc
1639 167 1835 201 doctrinam
1854 174 1888 201 et
1908 168 2114 212 sapientiam
2141 181 2204 203 ve-

1211 231 1285 252 ram
1305 230 1396 259 esse,
1422 230 1504 251 vere
1533 219 1776 262 agnoscimus,
1806 218 1971 252 timemus
1997 227 2030 255 et
2057 232 2204 255 venera-—

836 269 933 304 Haec
956 283 1063 315 opera
1088 282 1160 303 esse
1211 281 1293 303 mur
1307 269 1441 313 Deum,
1470 276 1504 303 et
1523 270 1553 303 ei
1572 269 1761 304 credimus.

1315 319 1368 353 Et
1385 318 1596 366 intelligunt
1612 317 1711 354 hanc
1726 318 1949 367 sapientiam
1965 319 2032 367 qui
2045 332 2122 354 eam
2133 321 2206 369 fa-

1215 371 1334 414 ciunt,
1360 372 1396 405 id
1419 379 1488 413 est,
1515 372 1577 417 qui
1606 373 1639 405 ei
1663 373 1928 416 obtemperant,
1955 372 2017 417 qui
2036 383 2117 405 vera
2137 373 2206 406 fide

1214 423 1477 467 amplectuntur
1500 423 1768 467 promissiones,
1802 430 1836 456 et
1862 435 1942 456 vere
1973 429 2207 467 expavescunt

1215 481 1442 517 agnoscentes
1463 474 1635 508 iudicium
1657 481 1691 508 et
1713 474 2039 509 comminationem.
2090 471 2207 506 David

1216 532 1267 559 est
1285 525 1442 568 sapiens,
1470 537 1544 559 non
1569 526 1684 559 solum
1708 532 1746 559 ut
1765 522 2041 568 Themistocles,
2070 524 2130 569 qui
2152 524 2207 556 vi-

1216 576 1380 610 sibilibus
1409 576 1593 619 praesidiis
1623 576 1800 610 civitatem
1842 577 1977 616 munit,
2013 576 2072 609 sed
2102 575 2206 608 etiam

1217 633 1310 660 certo
1328 627 1450 660 statuit
1467 625 1680 668 Ecclesiam,
1707 634 1740 660 et
1762 639 1798 660 se
1822 627 1859 659 in
1876 626 2031 661 Ecclesia
2050 625 2125 660 Deo
2145 637 2208 659 cu-

1218 690 1277 711 rae
1296 690 1388 719 esse,
1416 684 1449 711 et
1475 678 1607 711 servari
1633 678 1735 711 etiam
1758 690 1837 711 cum
1857 679 2061 712 destituitur
2077 675 2208 710 huma-

1218 729 1273 761 nis
1309 729 1504 773 praesidiis.
1573 727 1626 762 Ac
1660 729 1788 762 retinet
1824 729 1939 762 David
1977 727 2067 762 hanc
2101 728 2207 761 fidem

1219 787 1363 824 propter
1386 779 1553 813 miracula
1578 786 1610 813 et
1636 779 1883 823 patefactiones
1898 779 1989 823 Dei,
2017 787 2049 813 et
2067 779 2149 825 quia
2169 778 2208 811 in

1218 831 1331 875 seipso
1356 829 1459 864 habet
1487 830 1726 864 testimonium
1750 828 1835 870 Dei,
1860 843 2006 875 pavores
2030 837 2065 864 et
2081 840 2207 864 conso—

1218 882 1405 923 lationem,
1439 882 1534 915 iuxta
1563 882 1624 915 illa
1650 882 1763 919 dicta,
1797 880 1904 917 Rom.
1929 883 1978 916 8.:
2013 880 2208 926 Accepistis

1217 933 1380 977 spiritum
1412 945 1482 978 quo
1506 933 1697 966 clamamus
1720 932 1822 965 Abba
1848 939 1964 976 pater,
1998 933 2072 976 ipse
2101 931 2207 976 spiri-

1218 991 1273 1017 tus
1296 985 1356 1018 dat
1377 984 1619 1018 testimonium
1643 983 1784 1028 spiritui
1807 990 1946 1026 nostro,
1973 984 2069 1030 quod
2097 983 2208 1017 simus

1217 1034 1301 1068 Filii
1320 1033 1398 1071 Dei,

1345 1154 1688 1200 Aryumentum
1725 1164 1778 1187 ac
1816 1152 2077 1198 dispositio

1546 1220 1705 1261 Psalmi
1744 1220 1879 1263 CXII.

1267 1306 1413 1339 Beatus
1438 1306 1494 1338 vir
1520 1305 1583 1349 qui
1614 1306 1724 1338 timet
1748 1305 1975 1347 Dominum,
2010 1306 2075 1350 qui
2100 1315 2207 1338 man-

1270 1356 1374 1390 datis
1398 1358 1479 1390 eius
1503 1355 1713 1389 delectatur
1737 1355 1860 1390 valde.

1319 1431 1388 1465 Hic
1414 1431 1574 1465 Psalmus
1597 1431 1791 1465 consolatio
1816 1438 1867 1466 est
1890 1431 2064 1465 Ecclesiae
2079 1439 2111 1466 et
2130 1433 2209 1477 pio-

1216 1495 1295 1517 rum
1314 1484 1483 1516 adversus
1499 1483 1704 1515 scandalum
1723 1483 1846 1516 crucis.
1885 1482 1978 1525 Quia
1993 1483 2087 1515 enim
2103 1483 2208 1517 multi

1217 1534 1396 1568 aerumnis
1412 1531 1589 1566 Ecclesiae
1602 1535 1833 1576 franguntur,
1860 1540 1894 1567 et
1910 1533 2078 1568 deficiunt
2092 1533 2209 1575 aDeo,

1218 1585 1413 1629 opponitur
1443 1582 1500 1616 hic
1537 1584 1732 1617 consolatio
1767 1585 1952 1618 continens
1986 1584 2207 1619 dulcissimas

1217 1635 1468 1681 promissiones
1492 1635 1730 1678 praesentium
1759 1642 1793 1669 et
1831 1642 2054 1669 aeternorum
2090 1636 2207 1670 bono—

1218 1699 1296 1720 rum
1309 1714 1318 1728 ,
1347 1686 1436 1720 sicut
1455 1692 1487 1719 et
1512 1685 1643 1719 Paulus
1663 1686 1795 1731 inquit:
1823 1685 1938 1720 Pietas
1955 1686 2207 1731 promissiones

1218 1736 1323 1772 habet
1342 1737 1535 1782 praesentis
1558 1737 1650 1771 vitae
1674 1744 1706 1771 et
1723 1738 1874 1774 futurae.

1320 1797 1390 1832 Sed
1407 1794 1462 1829 his
1480 1796 1786 1830 consolationibus
1803 1804 2034 1842 opponuntur
2051 1806 2208 1839 eventus,

1218 1861 1296 1884 cum
1322 1849 1359 1881 in
1387 1854 1576 1892 conspectu
1599 1847 1669 1881 sint
1692 1848 1850 1891 ingentes
1875 1861 2064 1882 aerumnae
2082 1848 2207 1884 Eccle—

1218 1901 1289 1934 siae
1311 1907 1343 1934 et
1361 1897 1446 1933 haec
1469 1899 1578 1932 dicta:
1608 1897 1680 1941 Qui
1698 1899 1773 1932 vult
1798 1912 1851 1932 me
1867 1899 1984 1944 sequi,
2010 1900 2110 1934 tollat
2126 1913 2207 1934 cru—

1218 1964 1292 1985 cem
1308 1963 1418 1984 snam.
1470 1948 1517 1983 Et
1533 1950 1568 1983 2.
1581 1949 1674 1984 Tim.
1694 1950 1745 1984 3.:
1779 1948 1915 1984 Omnes
1938 1950 1999 1995 qui
2018 1951 2073 1995 pie
2088 1951 2207 1986 vivere

1219 2003 1340 2036 volent
1360 2001 1399 2035 in
1422 1998 1564 2035 Christo
1588 2000 1685 2039 lesu,
1712 2002 1993 2048 persecutionem*
2017 2002 2207 2045 patientur.

1218 2053 1274 2088 Ad
1290 2051 1375 2086 haec
1393 2052 1680 2096 respondendum
1701 2060 1769 2093 est,
1796 2051 1943 2096 Semper
1964 2052 2001 2085 in
2019 2063 2208 2098 conspectu

1219 2106 1264 2139 sit
1279 2104 1469 2138 discrimen
1487 2103 1733 2148 promissionis
1756 2103 1886 2145 gratiae
1903 2111 1937 2137 et
1960 2104 2206 2147 promissionis

1217 2157 1395 2190 bonorum
1412 2154 1659 2199 praesentium.
1711 2153 1962 2198 Principaliter
1975 2162 2119 2189 vocatur
2135 2154 2206 2191 Ec-

1219 2207 1322 2241 clesia
1344 2207 1388 2239 ad
1405 2207 1498 2240 bona
1515 2212 1655 2238 aeterna
1680 2217 1768 2250 quae
1783 2212 1865 2239 sunt
1881 2206 2048 2240 omnibus
2074 2219 2205 2252 aequa-

1217 2259 1299 2292 liter
1341 2257 1554 2297 necessaria,
1595 2256 1684 2289 sient
1715 2256 1804 2290 latro
1840 2257 1877 2289 in
1909 2269 2010 2291 cruce
2050 2266 2206 2296 vocatur.

1217 2309 1320 2343 Hanc
1349 2308 1619 2353 promissionem
1657 2307 1789 2350 gratiae
1812 2308 1962 2342 sciamus
1983 2310 2206 2344 credentibus

1218 2361 1385 2395 omnibus
1405 2367 1515 2394 ratam
1542 2365 1575 2392 et
1597 2358 1732 2391 firmam
1751 2371 1840 2399 esse,
1866 2359 1939 2393 sive
1962 2360 2055 2393 bona
2079 2372 2205 2404 corpo-

1216 2412 1303 2445 ralia
1336 2411 1471 2452 adsint,
1513 2410 1586 2443 sive
1621 2410 1748 2445 desint.
1813 2409 1928 2443 David
1967 2411 2069 2444 dehet
2103 2423 2204 2454 agere

1217 2462 1492 2507 poenitentiam,
1535 2468 1567 2494 et
1596 2462 1737 2494 credere
1766 2461 2009 2495 remissionem
2045 2470 2204 2504 peccato-

1218 2526 1316 2554 rum,
1345 2520 1378 2547 et
1411 2519 1505 2546 certo
1538 2519 1689 2546 statuere
1718 2524 1753 2545 se
1791 2524 1863 2546 esse
1894 2510 2079 2545 haeredem
2112 2514 2203 2547 vitae

1218 2571 1400 2605 aeternae,
1426 2564 1499 2596 sive
1523 2564 1559 2596 in
1585 2563 1689 2596 exilio
1713 2563 1942 2597 interficietur
1965 2563 2038 2595 sive
2059 2565 2204 2598 reduce-

1217 2622 1296 2656 tur,
1323 2622 1362 2650 ut
1387 2614 1450 2648 Iob
1474 2614 1607 2660 inquit:
1642 2612 1790 2647 Etiamsi
1815 2615 1949 2647 occidet
1973 2626 2029 2646 me
2054 2616 2201 2658 sperabo

1216 2667 1254 2700 in
1271 2678 1362 2702 oum.
1414 2665 1468 2699 De
1494 2663 1559 2699 hac
1575 2671 1715 2699 aeterna
1738 2665 1947 2699 liberatione
1971 2665 2117 2699 dicitur:
2145 2665 2203 2701 Sic
