2379 2948
110 104 179 139 145
839 104 884 140 ΙΙ.
938 103 1086 139 LIBER

403 188 501 230 Quid
529 193 585 224 est
612 191 754 222 noticia
766 186 784 220 ?

207 253 345 288 Noticia
369 255 453 288 alias
475 255 644 298 significat
660 254 852 293 actionem,
878 252 963 286 alias
987 251 1090 287 habi-

105 312 198 346 tum,
226 303 292 338 hoc
314 312 381 346 est,
415 305 575 338 durabile
601 304 777 348 quoddam
803 304 940 344 lumen,
973 311 1012 337 ut
1037 304 1087 337 sic

104 356 235 396 dicam,
270 356 307 388 in
332 362 464 395 mente,
491 366 560 398 quo
583 353 717 387 utimur
738 366 818 387 cum
841 354 1021 395 volumus,
1047 360 1088 387 ut

103 417 158 438 ars
175 413 225 439 est
243 406 361 439 lumen
377 404 547 438 durabile.
584 402 655 437 Sed
672 404 862 450 loquamur
878 406 921 438 de
937 405 1085 439 actione.

102 454 239 489 Noticia
255 463 305 489 est
322 454 448 488 mentis
468 454 580 495 actio,
608 466 676 499 qua
696 467 769 488 rem
793 455 961 500 adspicit,
986 454 1085 500 quasi

101 506 257 539 formans
279 505 465 547 imaginem
480 504 551 545 rei,
578 517 684 549 quam
708 505 847 549 cogitat.
901 505 972 539 Nec
989 506 1085 538 aliud

102 564 184 590 sunt
208 555 375 597 imagines
401 555 481 588 illae
506 566 567 588 seu
593 555 713 596 ideae,
739 556 807 589 nisi
833 563 928 590 actus
952 556 1085 590 intelli-

100 606 215 649 gendi.
260 604 332 638 Nec
351 603 456 639 huius
473 605 702 639 admirandae
718 606 867 640 actionis
883 607 951 640 alia
972 613 1085 651 potest

101 656 192 690 tradi
216 655 390 690 illustrior
414 656 621 701 descriptio,
649 669 754 702 quam
772 658 867 703 quod
889 657 932 691 sit
953 658 1083 691 sorma-

99 707 147 740 tio
163 706 339 750 imaginis.

200 772 311 817 Saepe
327 779 441 807 autem
457 772 525 806 iam
544 773 675 807 dictum
694 779 763 813 est,
791 773 992 818 copulatum
1011 785 1083 807 esse

96 824 314 859 intellectum
333 836 412 857 cum
430 824 590 857 sensibus
607 824 847 859 interioribus,
891 823 1081 869 Postquam

98 886 220 908 sensus
234 874 386 908 exterior
401 875 532 918 accepit
547 874 677 918 species
701 874 897 916 sensibiles,
924 881 964 909 ut
987 875 1083 908 oculi

96 925 210 960 leonis
226 931 259 958 et
276 925 381 966 cervi,
407 925 650 959 transmittunt
667 936 723 958 eas
739 926 783 958 ad
798 936 920 959 sensus
935 925 1082 960 interio-

96 988 161 1009 res.
215 975 271 1009 Ibi
289 975 423 1009 cerebri
442 982 541 1009 motu
557 981 591 1009 et
606 975 789 1020 spiritibus
805 975 1006 1010 formantur
1023 987 1082 1009 co-

96 1026 300 1070 gitationes,
327 1038 416 1072 quae
432 1033 514 1060 sunt
531 1026 699 1068 imagines
716 1038 852 1066 rerum,
880 1039 968 1071 quae
987 1026 1081 1069 cogi-

94 1083 216 1111 tantur
248 1088 310 1110 seu
338 1077 564 1121 aspiciuntur.
617 1075 753 1110 Eodem
777 1077 882 1109 modo
906 1085 939 1112 et
964 1082 1079 1109 mente

94 1127 273 1172 pingimus
289 1127 477 1171 imagines,
503 1135 543 1161 ut
558 1128 802 1172 unusquisque
825 1127 980 1170 cogitans
998 1137 1079 1160 suos

94 1184 274 1222 parentes,
300 1178 336 1210 in
355 1190 391 1210 ea
412 1179 484 1221 ipsa
506 1178 642 1212 actione
660 1179 786 1211 format
809 1189 930 1211 eorum
954 1177 1080 1219 imagi-

95 1239 168 1261 nes.
221 1225 444 1260 Architectus
462 1229 616 1269 cogitans
633 1229 797 1266 domum,
825 1228 938 1272 pingit
956 1228 1080 1270 imagi-

94 1289 176 1310 nem
195 1277 280 1317 eius,
308 1284 342 1311 et
357 1278 400 1310 de
415 1288 452 1309 ea
470 1278 611 1311 iudicat.
646 1278 801 1311 Tantum
820 1279 1077 1322 propemodum

94 1327 165 1361 dici
182 1333 305 1370 potest,
328 1338 406 1359 cum
427 1328 638 1370 quaerimus,
663 1328 747 1370 quid
763 1327 807 1360 sit
825 1328 966 1363 noticia.
1004 1327 1078 1361 Mi-

94 1377 206 1411 raudo
235 1383 352 1410 autem
382 1376 530 1409 consilio
561 1375 656 1410 Deus
690 1376 838 1410 noticias
864 1378 976 1410 voluit
1006 1389 1079 1410 esse

94 1427 280 1470 imagines,
307 1427 388 1471 quia
405 1427 441 1458 in
460 1427 563 1460 nobis
585 1427 728 1460 umbras
745 1438 816 1459 esse
833 1427 945 1460 voluit
967 1427 1078 1469 signi-

93 1479 234 1511 ficantes
252 1477 387 1522 aliquid
403 1478 445 1509 de
469 1477 557 1522 ipso.
613 1475 787 1510 Aeternus
813 1484 911 1520 pater
933 1489 1005 1510 sese
1023 1477 1079 1510 in-

93 1535 195 1562 tuens
230 1528 342 1571 gignit
378 1528 489 1561 filium
529 1527 734 1570 cogitando,
776 1527 838 1572 qui
872 1535 922 1561 est
963 1528 1078 1570 imago

93 1578 226 1613 aeterni
249 1579 368 1622 patris.
421 1577 489 1612 Sed
506 1579 549 1611 de
567 1576 621 1611 his
646 1578 964 1621 significationibus
988 1578 1079 1612 infra

93 1640 215 1663 rursus
232 1629 399 1662 dicemus.

193 1696 297 1729 Nunc
310 1696 454 1730 usitatas
471 1696 724 1740 adpellationes
741 1696 908 1729 recitabo.
940 1694 1078 1729 Noticia

93 1747 259 1782 intuitiva
282 1746 431 1787 dicitur,
458 1758 537 1779 cum
562 1747 715 1789 cognitio
742 1747 792 1779 rei
815 1747 1008 1789 praesentis
1031 1746 1078 1779 si-

94 1798 169 1831 mul
187 1809 249 1842 per
265 1808 405 1829 sensum
422 1803 456 1830 et
477 1803 630 1829 mentem
654 1797 841 1840 accipitur,
870 1808 978 1840 quare
999 1803 1077 1829 tan-

94 1855 169 1882 tum
188 1853 238 1880 est
253 1847 484 1889 singularium
498 1874 506 1887 ‚
532 1854 570 1880 ut
587 1859 666 1879 cum
687 1847 780 1879 oculi
804 1853 836 1879 et
852 1857 952 1878 mens
973 1847 1077 1879 simul

95 1898 270 1942 aspiciunt
286 1898 459 1942 picturam
476 1897 513 1929 in
529 1897 669 1941 pariete.
712 1895 757 1930 Et
775 1897 856 1941 quia
874 1894 930 1929 hic
950 1898 1078 1940 gradus

95 1949 307 1982 noticiarum
323 1948 472 1981 maxime
490 1947 636 1981 illustris
653 1954 713 1987 est,
738 1954 892 1981 vetustas
908 1947 996 1981 dixit
1013 1960 1078 1980 no-

95 1999 193 2034 ticias
209 1998 390 2032 intuitivas
409 1998 539 2031 similes
563 2010 635 2031 esse
649 1998 906 2032 definitionum.
952 1997 1000 2032 Ut
1018 1999 1078 2031 de—

94 2050 208 2083 finitio
226 2049 334 2093 magis
356 2049 535 2093 perspicua
560 2046 739 2094 absynthii
763 2049 839 2082 dari
863 2060 937 2081 non
955 2055 1077 2092 potest,

97 2111 202 2146 quam
226 2112 305 2134 cum
330 2100 440 2133 oculis
470 2100 583 2133 cernis
608 2099 761 2133 colorem
789 2107 823 2135 et
844 2099 1011 2143 figuram,
1046 2106 1079 2132 et

96 2156 214 2193 gustas
231 2151 351 2195 lingua
371 2162 542 2195 saporem.

199 2216 421 2251 Abstractiva
437 2217 567 2251 noticia
585 2217 808 2258 nominatur,
835 2229 903 2263 qua
921 2217 1078 2251 absentia

99 2268 308 2312 cogitamus,
335 2275 375 2302 ut
399 2269 591 2312 cogitamus
615 2269 774 2302 absentes
796 2269 937 2304 amicos.
989 2268 1079 2302 Nam

99 2318 268 2352 memoria
292 2318 331 2350 in
354 2320 495 2352 cerebro
519 2325 569 2353 est
591 2326 759 2364 tanquam
782 2319 886 2360 cella,
914 2320 950 2352 in
974 2331 1079 2364 quam

99 2369 196 2403 velut
219 2368 333 2412 sigilla
355 2368 567 2413 imaginum,
603 2381 689 2414 quas
719 2370 882 2403 formavit
908 2370 1081 2414 cogitatio,

100 2421 269 2464 impressa
300 2426 400 2459 sunt,
432 2431 517 2464 quas
548 2420 669 2464 aspicit
699 2432 798 2453 mens
826 2421 962 2466 quoties
995 2421 1082 2456 vult.

100 2468 166 2504 Est
181 2477 214 2504 et
231 2481 291 2503 sua
308 2469 476 2502 memoria
494 2470 532 2501 in
554 2470 720 2503 rationali
738 2471 854 2505 anima
870 2472 1081 2515 inorganica.

104 2520 196 2555 Sunt
212 2527 328 2553 autem
343 2519 571 2553 abstractivae
588 2521 736 2554 noticiae
753 2522 1006 2556 universalium
1017 2549 1026 2563 ,
1051 2528 1084 2555 et

103 2569 414 2605 ratiocinationum
426 2595 435 2609 ‚
463 2577 498 2604 et
514 2569 664 2604 aliorum
681 2583 770 2617 quae
789 2584 863 2607 non
884 2573 1085 2607 immediate

105 2632 206 2654 sensu
224 2620 458 2665 accipiuntur.

158 2704 341 2738 Manu-n.
371 2707 475 2738 Ona.
501 2706 584 2738 voi..
612 2706 704 2739 XIII.

1122 103 1187 138 DE
1222 105 1394 143 ANIMA.
2050 116 2119 151 146

1242 187 1313 220 Iam
1336 188 1418 223 haec
1437 193 1668 226 consideratio
1686 196 1726 227 ad
1746 195 1943 230 dialecticos
1958 199 2119 241 pertinet,

1143 237 1204 270 ubi
1223 250 1240 270 a
1260 239 1388 281 priori,
1415 241 1476 273 nbi
1499 254 1516 274 a
1544 245 1748 286 posteriori,
1775 247 1837 279 ubi
1860 259 1877 280 a
1901 250 2030 287 causis,
2058 252 2119 283 ubi

1142 288 1185 321 ab
1201 288 1380 323 effectibus
1398 297 1456 324 aut
1474 291 1580 335 signis
1601 296 1820 330 ratiocinatio
1841 300 2095 342 progrediatur.

1386 391 1471 425 Alia
1489 391 1620 427 divisio
1645 397 1870 432 intellectus.

1242 454 1291 490 Ut
1313 457 1482 490 vocabula
1498 461 1667 503 quaedam
1691 463 1814 496 usitata
1839 465 2120 510 interpretemur,

1139 505 1336 540 adiicienda
1359 514 1408 541 est
1430 515 1462 542 et
1485 509 1552 542 alia
1573 510 1716 551 divisio,
1743 524 1809 556 qua
1835 514 2038 551 discernunt
2063 519 2119 551 in-

1139 557 1318 590 tellectum
1343 559 1597 602 speculativum
1619 567 1653 594 et
1674 562 1875 604 practicum.
1928 565 2118 602 Sciendum

1139 613 1189 640 est
1213 615 1348 649 autem,
1376 606 1441 642 hac
1465 610 1638 644 divisione
1664 624 1736 644 non
1761 612 1946 655 significari
1966 617 2118 653 diversas

1138 658 1332 701 potentias,
1373 660 1432 692 sed
1466 660 1606 693 unicam
1637 662 1827 705 potentiam
1865 663 2117 709 intelligentem

1138 708 1227 741 circa
1245 709 1381 743 diversa
1399 710 1533 744 obiecta
1550 719 1763 753 versantem,
1790 713 1874 745 alias
1893 714 1982 747 circa
1998 728 2119 760 specu-

1136 758 1269 800 labilia,
1296 760 1381 793 alias
1397 761 1488 794 circa
1504 762 1776 796 deliberationes
1793 763 1835 795 de
1850 764 2064 807 actionibus,
2081 775 2119 802 ut

1137 808 1244 842 iidem
1276 810 1370 843 oculi
1400 819 1549 845 cernunt
1571 812 1723 845 colorem
1747 820 1780 847 et
1805 814 1963 856 figuram.
2015 815 2119 850 Pote-

1136 867 1215 893 rant
1239 867 1272 894 et
1297 861 1413 904 plures
1437 862 1522 895 tales
1545 863 1764 896 differentiae
1790 865 2005 900 obiectorum
2024 868 2118 908 addi,

1135 916 1174 943 nt
1208 909 1432 945 mechanicus
1462 913 1662 947 intellectus
1700 914 1737 946 in
1769 912 1968 952 architecto.
2022 916 2117 951 Haec

1134 961 1288 994 breviter
1305 962 1493 1006 adscripsi,
1519 970 1557 997 ut
1575 964 1730 997 iuniores
1745 965 1946 998 varietatem
1963 968 2118 1011 adpella-

1134 1010 1271 1044 tionum
1289 1013 1534 1054 considerent,
1560 1020 1593 1048 et
1609 1026 1664 1048 eas
1681 1021 1772 1049 recte
1794 1015 2081 1059 interpretentur.

1235 1069 1342 1103 Varie
1363 1077 1570 1114 usurpatum
1591 1079 1641 1106 est
1665 1079 1698 1106 et
1714 1073 1926 1107 vocabulum
1944 1073 2118 1113 Rationis.

1133 1118 1317 1153 Interdum
1335 1120 1506 1162 significat
1520 1127 1704 1167 utramque
1719 1129 1852 1166 partem
1864 1150 1872 1164 ,
1900 1124 2117 1160 intellectum

1133 1171 1387 1212 gubernantem
1412 1177 1446 1204 et
1476 1172 1692 1205 voluntatem
1724 1173 2022 1216 obtemperantem
2036 1203 2045 1216 ,
2078 1189 2116 1210 ac

1132 1221 1328 1253 frenantem
1344 1221 1538 1254 contrarios
1556 1222 1720 1266 impetus.
1771 1223 1821 1256 Ita
1839 1222 2014 1258 Platonici
2033 1238 2116 1259 con-

1132 1270 1268 1303 iunctas
1285 1271 1370 1303 duas
1388 1271 1581 1314 potentias,
1608 1273 1823 1306 intellectum
1841 1281 1932 1308 recte
1955 1276 2116 1310 iudican-

1131 1326 1211 1361 tem,
1233 1327 1265 1354 et
1282 1321 1498 1355 voluntatem
1515 1323 1813 1366 obtemperantem
1829 1324 2017 1359 nominant
2034 1324 2116 1373 ἡγε-

1130 1368 1298 1413 μονικὸν.
1352 1370 1534 1404 Aristoteli
1565 1373 1792 1417 plaerumque
1818 1370 1924 1420 λόγος
1947 1376 2115 1418 significat

1132 1420 1298 1453 noticiam
1315 1421 1587 1462 gubernantem,
1615 1429 1653 1455 ut
1673 1435 1749 1454 cum
1768 1423 1814 1456 ait
1832 1424 1868 1456 in
1892 1425 2006 1468 primo
2024 1426 2116 1460 libro

1131 1468 1360 1504 Ethicorum:
1384 1470 1490 1505 Ratio
1507 1469 1668 1506 hortatur
1684 1474 1727 1505 ad
1746 1474 1889 1516 optima,
1916 1475 1951 1508 id
1969 1483 2029 1514 est,
2053 1489 2117 1510 na-

1133 1521 1256 1554 turalis
1274 1521 1423 1562 noticia,
1451 1534 1539 1567 quae
1558 1530 1607 1556 est
1630 1523 1748 1556 radius
1767 1524 1908 1558 divinae
1926 1526 2116 1571 sapientiae

1132 1572 1258 1605 insitus
1273 1572 1384 1605 menti
1401 1570 1586 1608 humanae.
1622 1572 1804 1608 interdum
1822 1587 1893 1608 non
1912 1578 2116 1620 potentiam,

1132 1623 1190 1655 sed
1212 1629 1459 1664 argumentum
1477 1624 1657 1667 significat.
1711 1623 1775 1663 Ut,
1802 1625 1851 1658 sic
1867 1627 1966 1666 volo,
1994 1628 2041 1661 sic
2061 1629 2115 1661 iu-

1132 1673 1199 1706 beo
1210 1699 1219 1714 ,
1242 1673 1285 1706 sit
1301 1685 1363 1716 pro
1379 1673 1514 1707 ratione
1530 1675 1704 1709 voluntas.
1757 1673 1809 1708 De
1834 1673 1898 1709 hac
1914 1678 2114 1712 diversitate

1131 1724 1256 1766 longae
1274 1724 1526 1767 descriptiones
1548 1736 1566 1757 a
1583 1726 1702 1758 multis
1718 1727 1927 1766 traduntur,
1954 1740 2041 1772 quae
2062 1736 2113 1761 ta-

1131 1786 1212 1807 men
1238 1774 1337 1806 sacile
1361 1774 1549 1807 diiudicari
1574 1781 1706 1818 potest,
1732 1775 1760 1807 si
1781 1776 1858 1821 quis
1882 1777 1926 1811 sit
1949 1779 2113 1812 admoni-

1132 1831 1205 1865 tus,
1232 1824 1347 1857 varios
1362 1836 1434 1857 esse
1451 1836 1535 1858 usus
1552 1825 1727 1859 vocabuli.

1232 1881 1457 1916 Conscientia
1477 1890 1527 1916 est
1542 1890 1656 1917 totum
1673 1892 1919 1928 argumentum
1943 1898 2003 1921 seu
2020 1888 2113 1922 iudi-

1132 1933 1223 1966 cium
1239 1933 1275 1965 in
1294 1940 1409 1966 mente
1425 1945 1485 1967 seu
1502 1934 1657 1978 potentia
1673 1943 1913 1978 cognoscente,
1936 1950 2005 1983 quo
2022 1946 2113 1973 recte

1131 1984 1220 2016 facta
1242 1984 1498 2028 adprobamus,
1526 1991 1559 2018 et
1582 1984 1708 2019 delleta
1732 1986 1992 2029 improbamus,
2016 1991 2111 2034 quod

1132 2034 1302 2067 iudicium
1333 2034 1458 2068 ordine
1488 2035 1661 2069 divinitus
1697 2037 1847 2078 sancito,
1887 2039 2046 2084 sequitur
2074 2040 2111 2071 in

1131 2091 1222 2117 recte
1238 2084 1335 2118 factis
1351 2085 1588 2130 tranquillitas
1606 2086 1732 2125 cordis,
1761 2088 1842 2121 etin
1859 2089 1995 2122 delictis
2010 2090 2112 2122 dolor

1132 2135 1264 2176 cordis,
1291 2137 1440 2179 puniens
1457 2143 1490 2170 et
1507 2137 1687 2170 destruens
1701 2150 1799 2171 reum
1817 2138 1945 2174 delicti.

1233 2192 1385 2228 Condita
1403 2201 1452 2229 est
1469 2195 1562 2228 enim
1580 2193 1766 2229 hominum
1784 2203 1907 2230 natura
1925 2209 1943 2230 a
1960 2196 2047 2237 Deo,
2073 2205 2109 2231 ut

1133 2251 1166 2279 et
1183 2245 1373 2278 conformis
1396 2253 1483 2280 esset
1498 2245 1593 2287 Deo,
1618 2253 1650 2279 et
1666 2246 1816 2287 viveret,
1843 2259 1914 2279 non
1933 2254 1971 2281 ut
1987 2248 2110 2282 dolore

1135 2296 1404 2339 extingueretur.
1459 2296 1578 2340 Quare
1592 2297 1620 2330 si
1640 2303 1727 2330 esset
1752 2297 1942 2330 conformis
1957 2296 2051 2339 Deo,
2078 2306 2111 2332 et

1105 2337 1108 2393 i
1133 2348 1237 2380 corda
1257 2354 1490 2390 congruerent
1506 2359 1584 2381 cum
1608 2354 1701 2380 recto
1722 2346 1872 2389 indicio,
1899 2348 2112 2383 laetarentur

1106 2407 1109 2434 ι
1134 2397 1384 2431 benefaciendo
1404 2405 1483 2432 ante
1499 2399 1628 2431 factum
1645 2403 1678 2430 et
1694 2402 1771 2440 post
1786 2398 1928 2433 factum.

1235 2455 1338 2490 Nunc
1357 2469 1438 2490 vero
1458 2457 1494 2488 in
1513 2453 1577 2488 hac
1589 2455 1760 2498 pravitate
1775 2468 1836 2490 cor
1851 2464 1931 2491 ante
1947 2458 2113 2492 delictum

1136 2507 1234 2540 ardet
1252 2508 1323 2540 suis
1343 2507 1492 2539 flammis
1510 2505 1745 2549 pugnantibus
1761 2518 1839 2541 cum
1857 2515 1950 2542 recto
1969 2509 2113 2550 iudicio,

1136 2569 1201 2591 nec
1223 2557 1390 2590 formidat
1406 2557 1526 2590 scelus.
1581 2555 1674 2599 Quia
1693 2568 1774 2591 vero
1791 2558 1948 2593 iusticiae
1962 2558 2029 2593 Dei
2053 2566 2114 2597 est,

1138 2609 1316 2641 destruere
1340 2613 1500 2640 naturam
1525 2619 1598 2640 non
1625 2607 1864 2651 obedientem,
1899 2609 1977 2643 ideo
2001 2610 2114 2643 sanxit

1138 2656 1234 2692 hunc
1261 2657 1440 2699 ordinem,
1474 2663 1513 2691 ut
1533 2657 1636 2692 dolor
1665 2665 1832 2705 tanquam
1861 2661 2014 2694 carnifex
2038 2666 2117 2704 post

1449 2707 1493 2741 10
