2379 2948
165 112 233 146 167
400 104 603 141 SCRIPTA
639 103 712 138 PH,
740 99 854 136 MEL.
883 99 949 134 AD
973 99 1098 137 HIST.
1125 100 1268 140 PROF.
1295 101 1361 137 ET
1387 99 1580 137 PHILOS.
1609 99 1928 137 SPECTANTIA.
2097 101 2166 137 168

167 206 204 226 eo
230 198 365 226 tautum
396 190 520 229 recito,
550 196 588 222 ut
609 187 763 220 iuniores
790 184 989 218 discernant
1013 193 1138 230 poten-

169 245 252 277 tiam
279 247 541 285 cognoscentem
565 245 597 271 et
620 235 811 280 potentiam
837 236 1077 280 adpetentem,
1109 243 1141 270 et

169 295 304 327 diversa
323 292 503 333 utriusque
523 286 723 320 accidentia.

270 342 321 374 De
338 340 476 373 noticiis
494 337 713 370 naturalibus
723 336 826 368 etiam
842 336 952 371 sciant
968 334 1141 370 hasaDeo

171 394 292 426 insitas
309 403 379 424 esse
397 389 572 421 mentibus
594 384 777 425 humanis,
802 392 841 419 ut
857 387 926 420 sint
943 388 1141 421 testimonia

170 446 210 476 de
230 444 303 486 ipso
316 468 324 481 ,
351 446 381 472 et
401 439 469 470 siut
487 437 646 470 rectrices
663 436 775 475 vitae,
801 443 835 470 et
852 438 983 470 semina
1002 438 1141 478 artium,

171 505 258 537 quae
272 497 353 523 sunt
370 488 460 522 vitae
479 487 702 521 necessariae.
756 486 806 520 Ita
824 488 868 520 ab
886 489 1022 521 animae
1042 488 1141 530 agni-

172 544 266 576 tione
282 545 364 573 sunt
379 538 478 572 initia
494 538 637 571 artium.
689 537 781 571 Sunt
803 544 918 571 autem
943 539 1031 571 aliae
1049 538 1142 571 noti-

169 592 240 625 ciae
255 589 429 623 naturales
445 585 679 633 θεωρητικαὶ,
704 599 791 631 quae
809 589 1005 630 gubernant
1022 587 1142 631 cogni-

168 643 318 680 tionem,
348 640 443 672 unde
467 639 632 671 oriuntur
656 636 903 679 Arithmetica,
931 637 1143 677 Geometria,

169 699 202 725 et
225 691 411 734 pleraeque
432 689 519 721 aliae
538 688 727 723 doctrinae.
768 686 869 722 Aliae
890 696 971 722 sunt
991 700 1142 733 πρακτι-

169 739 248 779 καὶ,
288 751 377 784 quae
411 740 608 781 gubernant
640 739 812 777 actiones,
855 740 948 771 uude
974 739 1066 781 leges
1098 739 1141 771 de

169 790 327 824 moribus
347 796 380 822 et
397 791 438 822 de
456 789 709 831 gubernatione
726 788 819 821 civili
839 789 1020 830 oriuntur,
1046 796 1085 823 ut
1101 789 1143 821 de

170 840 357 885 principiis
375 839 548 882 copiosius
565 839 694 872 dicitur
712 839 748 871 in
764 839 978 874 Dialecticis.

270 889 312 922 In
322 890 500 922 voluntate
516 900 576 922 seu
594 889 747 933 potentia
759 890 942 932 adpetente
961 896 1042 922 sunt
1058 887 1141 922 haec

170 948 333 986 quatuor:
360 939 610 973 Inclinationes
637 939 796 979 innatae,
832 939 1005 980 actiones,
1039 937 1142 972 habi—

170 1000 225 1025 tus
255 997 287 1024 et
311 991 476 1024 adfectus.
534 989 626 1023 Sunt
648 997 763 1023 autem
785 989 971 1023 dissimiles
993 990 1144 1022 inclina-

170 1043 283 1075 tiones
300 1041 457 1080 innatae,
485 1039 657 1083 plurimae
673 1046 754 1073 sunt
772 1040 922 1073 viciosae
937 1041 974 1072 in
991 1038 1054 1072 hac
1077 1040 1145 1072 mi·-

170 1104 243 1125 sera
261 1097 385 1124 natura
399 1117 408 1131 ,
434 1097 473 1123 ut
491 1090 625 1122 aversio
645 1101 662 1121 a
680 1089 754 1122 Deo
766 1115 775 1129 ,
802 1101 901 1121 amor
917 1090 1028 1123 nostri
1045 1089 1144 1122 inor-

170 1143 310 1175 dinatus
333 1146 395 1173 etc.
430 1139 580 1183 Aliquae
605 1146 686 1172 sunt
711 1150 773 1172 suo
796 1150 921 1181 genere
946 1140 1079 1179 bonae,
1105 1146 1145 1173 ut

170 1188 338 1237 στοργαὶ,
366 1187 427 1222 καὶ
455 1186 580 1234 ἀρεταὶ
606 1186 779 1234 φυσικαὶ,
804 1200 892 1233 quae
909 1197 989 1223 sunt
1013 1190 1144 1222 semina

168 1242 337 1274 virtutum
354 1239 509 1272 civilium
522 1265 531 1279 ,
558 1246 595 1272 ut
611 1240 648 1271 in
663 1239 834 1279 Aristide,
859 1238 1024 1283 Scipione
1040 1240 1145 1273 incli-

168 1291 267 1325 natio
288 1291 331 1323 ad
354 1290 527 1322 iusticiam
557 1289 695 1322 civilem
729 1296 763 1323 et
795 1291 838 1322 ad
869 1290 1144 1324 beneficentiam.

168 1341 335 1375 Actiones
363 1339 524 1383 propriae
553 1339 745 1372 voluntatis
779 1346 861 1373 sunt
893 1341 1004 1381 velle,
1037 1341 1144 1379 nolle,

169 1391 378 1434 suspendere
404 1390 595 1430 actionem,
634 1389 804 1433 imperare
838 1391 1016 1433 potentiae
1048 1391 1145 1424 loco-

169 1441 335 1475 motivae.

267 1489 480 1534 Frequentes
507 1488 659 1521 actiones
680 1488 810 1521 similes
827 1490 968 1533 pariunt
991 1486 1145 1532 habitus,

169 1542 206 1574 id
222 1547 290 1578 est,
316 1540 434 1572 firmos
452 1539 618 1582 impetus,
645 1539 773 1582 quibus
789 1540 1004 1573 constantius
1025 1541 1145 1572 eadem

170 1591 301 1635 adpetit
319 1596 376 1623 aut
391 1589 480 1632 fugit
498 1590 671 1623 voluntas,
723 1588 771 1621 Hi
793 1587 933 1623 habitus
957 1590 1146 1623 nominan-

173 1648 227 1675 tur
255 1641 419 1680 virtutes,
446 1645 505 1672 aut
542 1639 644 1672 vicia.
709 1638 848 1672 Horum
880 1641 1144 1684 descriptiones,

172 1691 375 1735 partitiones
411 1697 444 1723 et
475 1689 679 1722 discrimina
710 1697 896 1723 sumantur
920 1703 959 1723 ex
983 1691 1143 1724 doctrina

171 1743 214 1774 de
232 1741 417 1780 Moribus,
444 1751 532 1784 quae
555 1751 595 1772 ex
614 1739 793 1781 agnitione
816 1741 952 1773 animae
976 1747 1143 1786 tanquam

172 1804 211 1825 ex
227 1792 324 1825 fonte
339 1790 470 1830 oritur,
495 1790 587 1834 quod
615 1790 837 1822 considerare
862 1791 948 1824 utile
965 1798 1027 1826 est.
1076 1790 1144 1824 Hic

173 1842 264 1874 enim
294 1840 494 1873 monstratis
526 1840 665 1873 animae
700 1840 874 1883 partibus,
910 1842 1146 1875 ostenduntur

172 1891 347 1925 actionum
367 1901 501 1923 causae.
552 1889 654 1922 Mens
670 1890 827 1923 iudicans
843 1897 877 1924 et
901 1892 1065 1925 voluntas
1081 1892 1144 1924 eli-

173 1952 273 1985 gens,
299 1952 338 1973 ac
359 1940 533 1983 imperans
550 1940 723 1982 potentiae
745 1941 986 1975 locomotivae.
1037 1940 1083 1975 Et
1107 1943 1144 1974 in

173 1998 290 2024 mente
315 1990 432 2023 lucent
454 1990 617 2022 immotae
642 1990 811 2029 noticiae,
844 2003 932 2036 quae
953 1999 1036 2026 sunt
1060 2005 1145 2026 nor-

174 2053 250 2073 mae
271 2040 468 2080 actionum,
501 2039 736 2073 discernentes
762 2048 853 2073 recta
883 2049 915 2074 et
937 2055 1010 2075 non
1041 2049 1144 2078 recta.

172 2089 218 2124 Et
234 2091 321 2123 ordo
336 2090 507 2123 divinitus
522 2089 673 2122 sancitus
690 2097 761 2129 est,
785 2098 823 2124 ut
839 2093 881 2123 ad
907 2090 968 2125 has
991 2105 1147 2134 normas,

174 2153 260 2186 quee
275 2147 356 2174 sunt
373 2140 464 2172 radii
479 2139 668 2183 sapientiae
684 2140 826 2174 divinae
849 2141 888 2174 in
913 2143 1034 2184 nobis,
1060 2156 1145 2177 con-

172 2197 299 2235 gruant
321 2191 486 2223 actiones.

271 2241 438 2275 Adfectus
456 2239 532 2284 ἤθη
548 2246 580 2273 et
597 2237 701 2285 πάθη
723 2247 783 2274 aut
798 2248 878 2274 sunt
897 2243 1060 2283 actiones,
1085 2245 1144 2277 scd

173 2302 251 2324 cum
286 2291 405 2335 aliquo
435 2291 557 2323 dolore
586 2291 811 2331 coniunctae,
842 2292 897 2324 vel
927 2305 1005 2325 cum
1029 2294 1144 2339 aliqua

172 2341 327 2381 laeticia,
365 2348 403 2374 ut
430 2341 531 2373 irasci
557 2348 606 2374 est
628 2341 725 2375 nolle
747 2342 996 2381 offensionem,
1024 2351 1056 2377 et
1080 2346 1146 2377 do-

172 2391 243 2423 lere
258 2397 400 2434 propter
422 2392 609 2424 laesionem
621 2418 630 2431 ,
657 2398 689 2425 et
706 2393 795 2425 velle
810 2393 984 2436 depellere
1003 2394 1144 2427 laeden-

171 2447 253 2473 tem.
303 2439 397 2473 Haec
422 2448 501 2475 sunt
527 2442 564 2474 in
590 2442 782 2476 voluntate.
831 2442 871 2476 In
904 2445 1004 2477 seriis
1027 2452 1142 2478 autem

170 2489 327 2522 motibus
353 2491 564 2533 copulantur
591 2504 652 2525 cor
673 2499 706 2526 et
726 2494 901 2527 voluntas.
968 2494 1057 2528 Nam
1083 2508 1145 2528 cor

170 2540 312 2583 proprie
327 2551 496 2582 organum
514 2548 564 2574 est
578 2543 798 2583 adfectuum,
824 2545 917 2588 quod
945 2557 1023 2578 cum
1047 2546 1142 2580 velut

169 2591 275 2623 ictum
292 2601 351 2623 seu
367 2591 584 2624 verberatum
604 2600 652 2626 est
670 2594 715 2625 ab
733 2594 870 2627 insuavi
888 2595 1036 2636 obiecto,
1055 2607 1142 2629 con-

168 2637 321 2673 trahitur
337 2647 368 2674 et
385 2641 506 2674 dolore
529 2642 690 2675 adficitur
710 2652 853 2688 propter
876 2645 1086 2688 laesionem,
1108 2654 1142 2682 et

1193 187 1281 230 fugit
1295 198 1367 220 rem
1387 187 1583 219 insuavem.
1636 184 1678 218 In
1697 182 1764 218 hoc
1779 186 1901 219 dolore
1917 186 1954 220 fit
1970 186 2167 220 torrefactio

1194 238 1308 270 cordis
1322 244 1354 270 et
1371 237 1612 270 incenduntur
1630 236 1786 280 spiritus.
1836 234 1882 269 Et
1899 237 1981 281 quia
1999 237 2035 270 in
2054 237 2105 269 ira
2121 237 2169 270 si-

1194 288 1267 320 mul
1284 294 1333 321 est
1351 294 1494 320 conatus
1510 287 1709 330 depellendi
1727 286 1864 326 obiecti,
1880 293 2080 321 exaestuant
2097 287 2170 331 spi-

1194 338 1281 371 ritus
1298 345 1331 371 et
1345 338 1575 371 effunduntur
1590 337 1624 369 in
1645 337 1815 370 exteriora
1833 336 1999 378 membra,
2015 344 2054 371 ut
2069 338 2168 382 quasi

1194 394 1329 421 arment
1345 400 1383 420 ea
1404 389 1446 420 ad
1462 388 1715 430 depulsionem.

1295 437 1436 470 Timere
1455 444 1503 470 est
1524 437 1559 469 in
1577 438 1758 470 voluntate
1775 437 1870 469 nolle
1889 442 2076 470 venturum
2094 448 2170 469 ma-

1195 488 1268 521 lum
1306 499 1384 520 cum
1416 487 1538 520 dolore
1572 487 1703 531 aliquo,
1764 487 1806 520 ln
1835 488 1940 520 corde
1964 499 2047 519 vero
2070 487 2170 527 ictus,

1195 544 1232 571 ut
1254 538 1302 570 ita
1325 539 1458 575 dicam,
1491 549 1560 581 quo
1588 549 1648 570 cor
1672 535 1913 578 contrahitur,
1948 538 2085 580 fugiens
2107 537 2172 570 ob-

1196 588 1341 627 iectum,
1369 587 1489 631 quain
1511 587 1749 620 contractione
1770 599 1830 620 cor
1853 588 2014 621 adficitur
2038 587 2171 627 dolore,

1195 638 1275 682 quia
1294 637 1342 670 sic
1359 644 1482 670 natura
1508 637 1647 670 condita
1667 644 1726 670 est.
1778 637 1865 670 Vult
1886 638 1980 670 enim
1998 636 2093 671 Deus
2116 638 2170 669 vi-

1195 695 1263 721 tam
1285 699 1355 720 esse
1374 687 1564 725 laeticiam,
1592 699 1722 731 poenas
1734 699 1816 720 vero
1832 688 1907 721 vult
1924 699 1995 721 esse
2010 688 2170 721 dolorem

1196 745 1229 771 et
1247 745 1407 771 mortem.

1297 787 1366 822 Sed
1403 787 1556 821 adfectus
1586 787 1764 820 durabiles
1793 793 1875 820 sunt
1905 787 2037 820 similes
2070 786 2173 821 habi-

1196 845 1295 872 tuum
1308 863 1316 877 ,
1345 839 1403 871 sed
1420 839 1477 877 ita,
1504 845 1541 871 ut
1559 838 1628 870 sint
1645 837 1791 871 admixti
1804 837 1943 870 dolores
1959 845 1993 871 et
2008 838 2175 879 laeticiae,

1196 889 1280 933 quia
1297 888 1506 922 universalis
1523 888 1679 920 definitio
1698 888 1896 921 adfectuum
1912 885 1996 921 haec
2014 895 2074 921 est.

1300 938 1466 972 Adfectus
1484 945 1534 972 est
1552 945 1667 971 motus
1683 938 1798 971 cordis
1815 944 1874 972 aut
1893 938 2098 979 voluntatis,
2122 949 2176 971 se-

1197 1000 1306 1033 quens
1332 989 1587 1032 coguitionem,
1621 1000 1836 1033 prosequens
1868 995 1928 1022 aut
1952 989 2089 1032 fugiens
2111 989 2176 1022 ob-

1197 1039 1302 1078 iecta,
1333 1051 1421 1083 quae
1451 1051 1529 1072 cum
1565 1045 1625 1072 aut
1656 1039 1795 1073 laedant
1824 1046 1985 1072 naturam
2024 1045 2084 1072 aut
2115 1040 2177 1072 de-

1196 1089 1343 1128 lectent,
1371 1100 1507 1132 semper
1526 1089 1739 1122 comitantur
1755 1089 1898 1122 extremi
1915 1096 2041 1128 motus,
2069 1089 2172 1122 dolor

1198 1139 1288 1172 laesa
1305 1146 1448 1177 natura,
1475 1139 1529 1171 vel
1552 1139 1704 1172 suavitas
1729 1151 1789 1172 seu
1812 1139 1949 1172 laeticia
1973 1140 2095 1173 fovens
2112 1151 2176 1172 na-

1197 1196 1324 1223 turam.
1379 1189 1423 1223 Et
1446 1196 1527 1222 sunt
1551 1187 1586 1221 hi
1612 1196 1727 1223 motus
1751 1190 1789 1222 in
1818 1190 1941 1230 corde,
1974 1189 2177 1222 constrictio

1197 1247 1257 1273 aut
1273 1239 1421 1279 laxatio,
1448 1246 1481 1273 et
1498 1240 1535 1272 in
1553 1240 1674 1272 dolore
1692 1240 1797 1272 simul
1819 1239 1857 1272 fit
1882 1239 2081 1273 torrefactio
2099 1251 2177 1272 cor-

1198 1290 1251 1323 dis
1270 1297 1301 1324 et
1319 1290 1517 1332 spirituum,
1543 1296 1576 1323 et
1594 1290 1735 1333 spiritus
1751 1290 1943 1332 gignuntur
1965 1289 2176 1333 languidius.

1198 1339 1289 1373 Sunt
1307 1340 1414 1382 igitur
1436 1340 1585 1380 modici,
1611 1340 1694 1378 atri,
1721 1339 1841 1378 amari,
1867 1345 1899 1372 et
1916 1339 2046 1372 similes
2070 1340 2177 1383 piceis

1198 1390 1318 1422 fumis.
1373 1389 1414 1421 In
1431 1389 1564 1422 laeticia
1582 1395 1697 1421 autem
1718 1389 1754 1421 fit
1770 1388 1921 1429 laxatio,
1947 1395 1979 1422 et
2004 1389 2100 1422 velut
2118 1401 2176 1422 ac-

1198 1440 1310 1483 ceptio
1337 1445 1369 1472 et
1390 1439 1549 1472 attractio
1582 1439 1671 1481 grati
1703 1439 1849 1479 obiecti,
1891 1446 1930 1472 ut
1954 1451 2031 1472 cum
2057 1440 2176 1482 lingua

1198 1497 1333 1532 gratum
1364 1501 1520 1533 saporem
1554 1489 1696 1532 accipit,
1737 1489 1773 1522 fit
1803 1490 1972 1534 quaedam
2006 1490 2177 1524 dilatatio.

1198 1538 1243 1573 Et
1260 1540 1340 1584 quia
1356 1540 1491 1573 laeticia
1509 1546 1559 1573 est
1578 1540 1647 1572 vita
1667 1539 1793 1579 cordis,
1821 1540 2015 1582 gignuntur
2032 1540 2175 1584 spiritus

1198 1590 1391 1634 copiosius,
1418 1596 1449 1622 et
1466 1596 1547 1622 sunt
1564 1590 1683 1622 dulces
1699 1596 1731 1622 et
1749 1590 1871 1624 lucidi.

1298 1638 1410 1672 Amor
1427 1640 1464 1672 in
1482 1640 1661 1673 voluntate
1680 1646 1730 1673 est
1748 1640 1837 1673 velle
1860 1640 2054 1680 obiectum,
2081 1642 2176 1686 quod

1198 1696 1248 1723 est
1264 1697 1323 1723 aut
1342 1690 1481 1723 videtur
1497 1690 1649 1728 bonum,
1675 1702 1753 1723 cum
1776 1691 1925 1735 quadam
1950 1690 2095 1724 laeticia.
2129 1689 2176 1724 Et

1198 1752 1276 1773 cum
1295 1752 1368 1773 non
1384 1747 1433 1773 est
1451 1741 1627 1773 simulatio
1640 1767 1649 1780 ,
1677 1752 1736 1773 cor
1751 1741 1869 1785 aliquo
1886 1742 1991 1774 modo
2005 1741 2178 1784 congruit,

1196 1790 1280 1823 alias
1310 1791 1437 1833 magis,
1471 1791 1555 1823 alias
1585 1791 1713 1825 minus.
1777 1789 1841 1824 Est
1869 1791 1977 1834 igitur
2007 1803 2106 1825 amor
2137 1792 2177 1824 in

1197 1842 1302 1873 corde
1334 1841 1482 1878 laxatio,
1516 1853 1582 1885 qua
1614 1853 1673 1874 cor
1702 1840 1799 1874 velut
1821 1841 1947 1884 accipit
1970 1847 2004 1875 et
2032 1839 2176 1875 attrahit

1197 1892 1391 1932 obiectum,
1419 1892 1551 1934 adpetit
1581 1892 1674 1924 enim
1699 1891 1982 1925 coniunctionem
2006 1903 2085 1925 cum
2111 1893 2176 1925 ob-

1199 1942 1306 1982 iecto,
1333 1948 1372 1975 ut
1393 1943 1491 1986 quasi
1515 1954 1625 1974 unum
1651 1954 1690 1974 ex
1710 1942 1848 1974 duobus
1863 1942 1940 1982 fiat,
1968 1948 2006 1975 ut
2029 1942 2174 1976 dicitur:

1198 1990 1353 2037 σώματα
1377 1989 1446 2036 μὲν
1469 1988 1558 2035 δύο,
1584 1989 1685 2036 ψυχὴ
1708 1988 1748 2025 δὲ
1770 1989 1850 2035 μία.
1910 1990 1956 2025 Et
1982 1993 2064 2037 quia
2089 2004 2176 2026 con-

1198 2050 1345 2076 currunt
1361 2043 1420 2075 illa
1436 2039 1622 2075 vehemens
1647 2043 1805 2077 attractio
1828 2048 1860 2075 et
1879 2042 2035 2083 laeticia,
2057 2055 2117 2076 cor
2141 2049 2173 2077 et

1198 2094 1338 2137 spiritus
1355 2093 1604 2126 incenduntur.
1656 2091 1707 2125 Ita
1729 2091 1835 2125 simul
1859 2104 1957 2126 amor
1979 2099 2030 2126 cst
2051 2093 2173 2126 incen-

1198 2145 1296 2177 dium
1315 2144 1443 2176 cordis.
1501 2141 1629 2176 Oritur
1650 2150 1764 2176 autem
1790 2143 1985 2188 plerunque
2010 2155 2028 2176 a
2048 2143 2175 2176 simili-

1198 2195 1321 2228 tudine
1340 2206 1399 2227 seu
1424 2200 1629 2227 naturarum
1656 2193 1902 2235 congruentia,
1930 2194 2017 2227 sicut
2041 2194 2078 2227 in
2098 2201 2172 2228 tota

1198 2251 1321 2278 natura
1343 2245 1444 2277 facile
1473 2245 1667 2286 iunguntur
1692 2243 1838 2283 similia,
1872 2244 2002 2276 calidae
2023 2255 2079 2277 res
2103 2245 2171 2278 cito

1198 2296 1347 2328 calorem
1366 2295 1610 2328 advenientem
1626 2294 1817 2337 accipiunt,
1843 2300 1881 2327 ut
1903 2292 2054 2338 sulphur
2069 2295 2170 2328 citius

1196 2346 1321 2388 accipit
1342 2346 1537 2384 flammam,
1563 2356 1666 2388 quam
1690 2344 1791 2387 lapis,
1842 2342 1890 2377 Et
1914 2343 2038 2378 Cicero
2059 2357 2170 2378 venu-

1196 2396 1346 2429 stissime
1361 2396 1465 2429 dixit:
1492 2393 1592 2427 Nihil
1610 2394 1769 2438 rapacius
1790 2402 1840 2429 est
1857 2395 2037 2435 similium,
2063 2407 2169 2440 quam

1196 2453 1333 2479 natura.
1387 2445 1437 2478 Ita
1454 2445 1555 2478 facile
1571 2445 1695 2488 accipit
1711 2457 1771 2478 cor
1788 2445 1917 2478 similia
1932 2457 1992 2479 seu
2009 2452 2171 2488 cognata.

1194 2496 1289 2530 Hinc
1306 2496 1395 2529 illud
1412 2502 1462 2529 est
1485 2493 1615 2539 ὅμοιον
1639 2492 1755 2541 ὁμοίῳ
1781 2493 1902 2541 φίλον.

1296 2543 1431 2579 Odium
1468 2546 1506 2578 in
1543 2546 1724 2580 voluntate
1757 2553 1808 2580 est
1847 2545 1942 2578 nolle
1980 2545 2171 2588 obiectum,

1193 2596 1289 2642 quod
1309 2603 1359 2629 est
1373 2602 1433 2630 aut
1449 2596 1590 2630 videtur
1623 2597 1754 2629 malum
1789 2608 1867 2629 cum
1889 2595 2012 2629 dolore
2034 2597 2168 2641 aliquo,

1192 2653 1254 2681 aut
1269 2646 1375 2680 etiam
1401 2646 1596 2691 cupiditate·
1615 2646 1850 2691 depulsionis,
1872 2646 1955 2691 quia
1979 2653 2029 2681 est
2054 2647 2167 2681 conti-
