2379 2948
531 611 607 655 IV.

1008 701 1158 727 Pfflmm’l

799 80 927 117 PfflL.
954 77 1075 116 MEL.
1104 77 1315 115 SCRIPTA
1341 77 1647 116 EXEGETICA.

668 610 1105 656 ARGUMEN'PUM
1161 609 1226 651 IN
1282 608 1567 651 THRENOS

2163 83 2237 119 816

1627 609 1922 652 IEREMIAE

1193 700 1460 726 MELANTRONIS.

736 790 806 830 (Ex
829 789 943 818 schedis
966 790 1036 818 Mel·
1062 788 1171 817 editum
1194 788 1223 815 in
1247 797 1314 826 opp.
1338 787 1446 816 Witeb.
1471 787 1507 814 T.
1523 786 1560 814 ll.
1586 795 1615 824 p.
1630 783 1725 823 411.)

218 963 275 1018 In
306 983 413 1017 totius
445 980 573 1016 veteris
598 980 820 1015 Testamenti
846 981 996 1015 lectione
1020 981 1214 1026 prudenter

220 1033 374 1070 discerni
400 1039 539 1078 oportet
563 1033 833 1076 promissionem
852 1032 1049 1075 generalem
1068 1032 1215 1075 gratiae,

221 1086 459 1133 pertinentem
485 1084 527 1116 ad
553 1083 713 1116 omnium
741 1090 961 1126 temporum,
996 1083 1156 1116 locorum
1182 1089 1214 1116 et

221 1137 379 1182 gentium
394 1133 589 1169 Ecclesiam
601 1160 610 1174 ‚
638 1140 671 1167 et
687 1134 832 1167 alteram
852 1134 1122 1178 promissionem
1140 1133 1214 1166 sin-

222 1189 379 1233 gularem
412 1187 455 1219 de
489 1184 614 1229 politia
638 1183 795 1218 Mosaica
827 1185 909 1218 certi
943 1185 1067 1229 populi
1092 1183 1215 1224 lsrael,

224 1251 313 1285 quae
341 1237 404 1271 etsi
430 1242 463 1269 et
487 1236 560 1280 ipsa
587 1241 638 1268 est
661 1235 784 1279 ingens
809 1235 1018 1269 beneficium
1043 1233 1129 1275 Dei,
1162 1241 1215 1268 ta-

224 1301 306 1324 men
336 1289 548 1321 immensum
582 1286 772 1319 discrimen
799 1293 849 1319 est
875 1286 970 1320 inter
992 1293 1214 1321 aeternarum

225 1351 346 1375 rerum
363 1346 396 1372 et
415 1336 608 1382 praesentis
625 1336 770 1380 politiae
787 1337 1070 1381 promissionem.

329 1389 414 1422 Fuit
437 1394 553 1421 autem
576 1388 764 1421 constituta
790 1387 934 1431 politia,
960 1394 999 1421 ut
1023 1394 1136 1421 certus
1152 1398 1217 1430 po·

226 1443 334 1488 pulus
357 1447 390 1473 et
415 1445 529 1472 certus
552 1437 651 1471 locus
676 1445 784 1481 esset,
812 1438 874 1482 qui
897 1444 984 1471 esset
1006 1438 1103 1472 velut
1125 1444 1217 1471 certa

230 1491 370 1528 scholae
389 1490 506 1530 sedes,
534 1488 597 1522 ubi
616 1488 814 1522 illustribus
831 1488 1042 1522 testimoniis
1058 1495 1090 1522 et
1110 1487 1217 1521 mira—

229 1543 320 1578 culis
346 1542 536 1575 ederentur
561 1540 828 1583 promissiones,
856 1546 888 1573 et
913 1539 1064 1573 subinde
1083 1545 1218 1583 repete-

229 1601 354 1629 rentur
378 1598 412 1625 et
437 1590 754 1631 confirmarentur,
782 1596 814 1623 et
841 1590 903 1623 ubi
928 1590 1023 1623 velut
1042 1590 1079 1622 in
1098 1587 1217 1624 schola

230 1645 395 1679 excitaret
430 1640 527 1675 Deus
562 1640 722 1673 doctores
754 1646 919 1673 sonantes
949 1640 1147 1673 doctrinam
1177 1639 1221 1672 de

232 1696 328 1731 coelo
359 1693 544 1731 traditam,
579 1698 612 1724 et
642 1691 705 1724 ubi
733 1691 816 1724 libri
848 1691 922 1724 eius
953 1690 1137 1724 doctrinae
1160 1701 1221 1734 per

232 1753 346 1781 certos
371 1750 473 1777 testes
498 1741 782 1782 custodirentur,
810 1748 844 1775 et
867 1742 910 1774 ad
934 1748 1091 1786 posteros
1106 1748 1221 1775 trans-

231 1798 469 1832 mitterentur.
511 1791 676 1837 Denique
704 1798 742 1825 ut
774 1799 907 1826 certum
937 1799 1044 1831 esset,
1081 1804 1151 1837 quo
1184 1791 1221 1824 in

232 1850 331 1887 loco,
360 1847 453 1879 inter
477 1856 564 1889 quos
590 1841 771 1885 homines,
799 1849 832 1877 et
857 1855 947 1888 pene
971 1843 1008 1876 in
1027 1855 1096 1888 quo
1116 1842 1222 1875 vesti-

235 1900 293 1943 gio
314 1897 407 1931 Deus
430 1894 597 1928 Messiam
622 1894 736 1935 nasci,
763 1894 940 1939 conspici,
967 1894 1082 1927 deceri
1100 1900 1133 1927 et
1151 1892 1223 1938 pati

236 1949 353 1982 vellet.
405 1945 555 1989 Propter
577 1942 639 1978 has
665 1951 778 1979 tantas
798 1956 919 1978 causas
935 1945 1096 1989 politiam
1113 1943 1223 1978 Isra'e'l

235 1999 335 2036 Deus
357 1996 557 2036 constituit,
587 2002 620 2028 et
637 1995 787 2029 assiduis
802 1996 982 2029 miraculis
1001 1995 1159 2036 ornavit,
1185 2002 1224 2029 ut

238 2058 371 2085 certum
394 2054 482 2082 esset
504 2046 541 2079 in
565 2058 604 2079 eo
631 2047 782 2090 populo,
809 2058 926 2080 veram
953 2047 1151 2080 doctrinam
1170 2045 1224 2079 di-

237 2102 372 2135 vinitus
397 2097 582 2138 traditam,
617 2097 689 2129 veri
713 2095 779 2131 Dei
805 2097 1044 2140 agnitionem,
1080 2097 1225 2130 invoca-

239 2153 374 2188 tionem
386 2177 394 2191 ,
421 2156 455 2183 et
472 2159 591 2181 veram
608 2145 801 2181 Ecclesiam
819 2160 900 2181 esse.

342 2199 455 2235 Erant
492 2199 650 2232 membra
681 2196 860 2232 Ecclesiae
887 2196 954 2231 Dei
989 2199 1093 2232 etiam
1130 2199 1228 2240 alibi,

241 2253 353 2298 aliqui
378 2251 440 2297 qui
462 2250 659 2284 didicerant
673 2249 717 2282 ab
736 2247 802 2282 hoc
818 2249 950 2294 populo
967 2250 1228 2293 promissiones,

243 2313 276 2340 et
300 2305 367 2337 fide
390 2314 470 2336 cum
494 2298 562 2334 boc
587 2300 719 2344 populo
740 2299 920 2333 coniuncti
939 2308 1056 2341 erant,
1084 2307 1117 2334 et
1131 2298 1228 2334 hunc

243 2366 367 2389 verum
390 2352 506 2387 Deum
537 2351 599 2396 qui
628 2362 663 2384 se
693 2351 902 2395 patefecerat
933 2351 971 2383 in
995 2349 1062 2384 hoc
1086 2351 1229 2396 populo,

245 2405 478 2444 invocabant,
513 2414 552 2435 ac
579 2414 614 2436 se
643 2401 750 2446 recipi
783 2408 927 2446 propter
952 2400 1118 2435 Messiam
1144 2413 1230 2435 ven-

245 2463 365 2490 turum
386 2454 590 2488 credebant:
628 2453 687 2487 sed
711 2459 828 2487 tamen
844 2453 942 2486 sedes
958 2452 1141 2486 doctrinae
1157 2460 1230 2486 erat

246 2507 283 2539 in
303 2507 368 2540 isto
387 2505 532 2549 populo.

348 2553 424 2589 Etsi
441 2556 547 2598 igitur
562 2555 750 2588 discrimen
766 2561 817 2588 est
833 2554 1078 2599 promissionis
1091 2554 1231 2598 gratiae,

248 2614 281 2641 et
306 2605 546 2650 promissionis
570 2607 612 2639 de
631 2605 772 2650 politia,
801 2612 937 2645 tamen,
965 2605 1046 2651 quia
1066 2602 1150 2638 haec
1168 2617 1231 2649 po-

248 2656 324 2691 litia
351 2662 424 2690 erat
446 2653 564 2689 schola
587 2663 621 2690 et
645 2658 742 2690 sedes
764 2653 942 2691 Ecclesiae
964 2663 1075 2698 certa,
1119 2655 1232 2701 pluri-

1264 990 1361 1013 mum
1385 978 1558 1012 referebat
1581 976 1672 1011 lianc
1697 979 1813 1011 sedem
1842 990 1914 1011 non
1941 978 2068 1019 deleri,
2094 980 2189 1024 quod
2214 990 2252 1013 ea

1264 1030 1380 1063 deleta
1413 1041 1538 1074 magna
1568 1028 1752 1073 dissipatio
1779 1029 1881 1062 fiebat
1905 1026 2101 1070 Ecclesiae,
2141 1029 2253 1074 impe-

1265 1081 1454 1114 diebantur
1479 1087 1510 1114 et
1536 1080 1806 1123 negligebantur
1832 1079 1947 1113 studia
1973 1081 2174 1122 doctrinae,
2200 1087 2255 1114 at-

1265 1144 1334 1177 que
1370 1131 1416 1165 ita
1454 1131 1615 1165 funditus
1647 1131 1834 1164 interitura
1865 1128 2026 1165 Ecclecia
2056 1131 2255 1171 videbatur,

1266 1183 1356 1216 sicut
1379 1189 1413 1216 et
1436 1194 1561 1226 magna
1584 1194 1625 1215 ex
1648 1188 1745 1226 parte
1772 1188 1848 1225 post
1872 1181 2016 1216 exilium
2043 1189 2181 1216 secutus
2205 1189 2255 1216 est

1266 1233 1430 1267 interitus
1453 1231 1643 1267 Ecclesiae.
1699 1231 1783 1265 Ideo
1805 1232 1980 1266 excidium
2005 1232 2102 1267 urbis
2124 1232 2255 1267 Hiero-

1267 1285 1421 1331 solymae
1451 1291 1484 1317 et
1517 1283 1700 1327 dissipatio
1732 1283 1846 1329 gentis
1880 1282 2044 1317 Iudaicae
2078 1295 2151 1317 non
2188 1283 2256 1317 suit

1266 1342 1404 1369 tantum
1428 1334 1622 1378 corporalis
1640 1334 1836 1374 calamitas,
1863 1335 1922 1366 sed
1942 1335 2048 1367 simul
2067 1335 2171 1368 etiam
2189 1335 2253 1367 du-

1267 1386 1353 1419 riter
1379 1385 1515 1418 adflixit
1537 1382 1753 1425 Ecclesiam,
1787 1394 1933 1430 eamque
1957 1384 2195 1428 angustiorem
2223 1392 2257 1418 et

1268 1435 1522 1482 squalidiorem
1538 1434 1705 1470 reddidit.

1370 1485 1461 1520 Cum
1492 1486 1600 1529 igitur
1632 1486 1676 1519 de
1700 1484 1835 1518 excidio
1862 1486 1962 1519 urbis
1985 1484 2257 1532 Hierosolymae

1269 1537 1480 1581 cogitamus,
1506 1543 1567 1569 aut
1586 1535 1735 1578 legimus
1750 1533 1849 1568 ”hanc
1874 1536 2109 1570 tristissimam
2133 1549 2258 1583 quere-

1270 1588 1358 1628 lam,
1385 1598 1507 1620 causae
1531 1586 1737 1629 cogitandae
1758 1592 1840 1619 sunt
1857 1587 1946 1621 tanti
1966 1587 2081 1621 luctus
2097 1585 2258 1632 Prophe-

1271 1646 1342 1679 tae,
1368 1644 1402 1670 et
1424 1637 1657 1671 discernenda
1676 1643 1758 1670 sunt
1776 1637 1910 1671 excidia
1931 1637 2061 1672 Troiae
2078 1645 2112 1672 et
2128 1637 2257 1673 Hiero-

1271 1689 1437 1734 solymae.
1501 1686 1673 1733 Deplorat
1700 1686 1837 1721 Aeneas
1867 1688 2051 1723 interitum
2084 1701 2167 1723 suae
2194 1701 2258 1734 pa-

1271 1740 1376 1780 triae,
1404 1747 1437 1774 et
1460 1751 1564 1772 nemo
1583 1739 1659 1772 sine
1675 1738 1810 1782 ingemi
1826 1739 1949 1773 dolore
1967 1746 2081 1785 potest
2093 1747 2257 1774 'ruentem

1272 1789 1420 1835 patriam
1443 1790 1579 1823 videre:
1619 1791 1678 1824 sed
1705 1791 1747 1823 de
1771 1788 1984 1836 lerosolyma
2010 1798 2094 1825 tunc
2119 1791 2259 1835 gravio-

1273 1854 1328 1875 res
1352 1852 1475 1875 causae
1497 1841 1632 1874 doloris
1657 1847 1773 1881 erant,
1800 1842 1882 1885 quia
1910 1839 1966 1875 hic
1988 1842 2084 1876 locus
2109 1849 2183 1876 erat
2205 1854 2260 1876 se-

1274 1894 1334 1926 des
1355 1891 1558 1932 doctrinae,
1594 1899 1627 1927 et
1649 1891 1761 1925 forma
1782 1889 1959 1925 Ecclesiae
1984 1893 2203 1937 conspectior
2226 1901 2260 1927 et

1275 1943 1512 1977 venerabilior
1540 1943 1628 1982 suit,
1663 1943 1776 1976 donec
1805 1950 1897 1976 certa
1926 1944 2022 1977 sedes
2044 1944 2191 1984 mansit,
2226 1951 2260 1978 et

1275 1994 1428 2039 populus
1449 1993 1578 2027 melius
1603 1993 1721 2027 doceri
1744 2000 1777 2027 et
1800 1993 1871 2036 regi
1898 1994 2030 2037 potuit,
2058 2001 2091 2029 et
2111 2005 2260 2028 consen-

1275 2056 1333 2079 sus
1349 2045 1531 2079 doctrinae
1546 2044 1684 2078 facilius
1701 2044 1929 2079 retinebatur.

1379 2095 1552 2129 Miserum
1577 2102 1627 2129 est
1649 2097 1686 2128 in
1710 2094 1841 2128 talibus
1864 2095 2008 2129 excidiis
2027 2093 2178 2130 distrahi
2199 2108 2262 2141 pa-

1277 2154 1393 2180 rentes
1417 2154 1450 2180 et
1469 2152 1585 2187 natos,
1613 2145 1788 2188 coniuges.
1843 2144 1939 2179 Haec
1955 2146 2142 2190 deplorant
2158 2147 2261 2181 etiam

1277 2195 1442 2238 Etbnici,
1469 2197 1527 2230 sed
1553 2196 1665 2230 multo
1688 2196 1842 2229 tristiora
1868 2204 1951 2231 sunt
1973 2195 2058 2231 haec
2074 2195 2262 2239 Ecclesiae,

1278 2261 1368 2294 quae
1392 2248 1455 2282 scit
1481 2248 1665 2281 distractos
1687 2247 1847 2281 oblivisci
1872 2260 1974 2281 verae
1996 2249 2197 2290 doctrinae,
2223 2257 2263 2283 ut

1278 2311 1375 2333 nunc
1399 2310 1500 2343 saepe
1522 2298 1577 2338 fit,
1604 2309 1682 2331 cum
1701 2297 1812 2331 Turci
1837 2298 2018 2333 abducunt
2041 2307 2177 2344 captam
2196 2299 2262 2333 ali-

1280 2362 1384 2396 quam
1401 2348 1680 2384 multitudinem.

1380 2399 1518 2434 Harum
1547 2396 1776 2433 horribilium
1805 2399 2027 2434 miseriarum
2055 2401 2262 2444 magnitudo

1280 2463 1353 2485 non
1378 2451 1472 2484 subit
1496 2451 1633 2484 animos
1655 2462 1811 2491 secunos,
1839 2451 1899 2496 qui
1922 2451 1958 2484 in
1983 2451 2060 2484 ocio
2078 2458 2110 2485 et
2126 2452 2163 2485 in
2181 2464 2262 2497 pace

1282 2501 1368 2536 haec
1390 2502 1481 2534 mala
1507 2512 1571 2534 nec
1594 2501 1727 2544 experti
1751 2509 1853 2542 sunt,
1889 2513 1952 2534 nec
1984 2501 2169 2543 viderunt,
2202 2504 2260 2537 sed

1284 2552 1391 2587 vicini
1410 2551 1581 2586 Turcicae
1598 2551 1780 2597 tyrannidi
1797 2552 2002 2597 quotidiana
2029 2554 2187 2598 exempla
2210 2554 2262 2587 vi-

1284 2605 1380 2638 dent.
1446 2600 1494 2636 Et
1522 2603 1685 2637 umbram
1717 2602 1870 2635 vidimus
1896 2602 1932 2635 in
1957 2599 2024 2636 hoc
2049 2602 2263 2639 Germanico

1284 2655 1395 2696 bello,
1420 2654 1530 2688 factae
1548 2661 1630 2688 sunt
1645 2653 1764 2687 multis
1780 2653 1864 2686 locis
1882 2653 2126 2699 dissipationes
2142 2653 2263 2690 Eccle-
