2379 2948
217 159 285 193 125
456 153 663 189 SCRIPTA
693 151 767 186 PH.
795 148 908 184 MEL.
936 145 1006 182 AD
1034 146 1160 183 HIST.
1187 146 1331 186 PROF.
1357 146 1422 183 ET
1449 144 1640 183 PHILOS.
1668 142 1988 183 SPECTANTIA.
2159 144 2231 181 124

219 256 237 276 a
263 252 384 280 sensu,
426 239 608 278 videlicet,
647 233 906 274 attractionem,
947 233 1202 274 retentionem,

219 292 470 337 expulsionem.
533 288 591 321 Sic
624 287 741 330 planta
771 295 929 317 arescens
951 283 1084 328 adpetit
1109 284 1201 326 riga—

220 343 365 377 tionem.
418 337 615 373 Exlianstae
641 341 753 379 partes
773 335 930 378 corporis
948 336 1116 378 adpetunt
1134 345 1201 365 nu-

221 393 437 427 trimentum.
497 386 543 420 Et
572 392 610 419 ut
632 396 774 428 magnes
799 385 930 417 ferrum
956 381 1118 422 attrahit,
1153 383 1200 415 ita

222 442 377 476 membra
402 437 563 471 lambunt
585 447 709 475 venaS,
738 441 770 468 et
793 446 901 467 venae
923 431 1105 468 attrahunt
1121 443 1201 465 san-

221 492 371 534 guinem.
423 486 561 521 Rursus
586 491 729 518 onerata
756 497 835 518 vasa
859 485 1051 528 repletione
1076 483 1202 515 immo-

222 542 313 579 dica,
340 539 508 582 adpetunt
529 536 750 569 levationem.
803 534 870 567 llic
889 535 1063 578 adpetitus
1081 533 1122 564 ad
1143 543 1203 563 ve-

221 589 406 634 getativam
426 586 616 631 potentiani
636 586 795 629 pertinet,
823 596 910 628 quae
925 584 972 616 sic
989 582 1120 626 adpetit
1136 593 1203 614 nu-

222 640 438 674 trimentum.

325 698 393 731 Sed
411 695 495 729 haec
515 695 704 734 vocabula,
727 694 834 726 fames
852 699 884 725 et
894 692 984 732 sitis,
1008 690 1206 734 significant

224 760 297 781 non
317 754 453 781 tanturn
473 745 722 789 adpetitionem
741 743 809 776 cibi
828 749 860 775 et
878 749 996 785 potus,
1024 742 1083 774 sed
1102 740 1206 774 etiam

225 809 364 832 sensum
388 797 482 829 illius
504 795 689 834 suctionis,
723 791 788 826 hoc
814 800 880 833 est,
907 792 1064 825 dolorem
1087 803 1126 823 ex
1148 802 1206 824 su·-

227 849 342 882 ctione
374 854 501 880 ortum.
561 844 633 877 Nos
663 851 779 878 tamen
804 855 876 876 non
902 842 1007 875 nimis
1032 841 1208 875 subtiliter

227 899 427 942 loquentes,
454 895 696 929 transferimus
718 894 834 926 samen
859 899 892 926 et
915 892 1008 926 sitim
1031 893 1075 925 ad
1100 893 1208 935 adpe-

227 949 369 981 titiones
392 945 587 988 naturales,
614 951 653 977 ut
676 942 737 977 has
753 943 983 987 adpetitiones
999 943 1042 975 ab
1063 941 1208 975 adfecti-

226 999 292 1031 bus
314 998 570 1033 discernamus,
595 995 654 1039 qui
675 1001 871 1039 sequuntur
897 993 1150 1035 cognitionem,
1177 997 1210 1023 et

227 1048 345 1092 aliquo
363 1047 467 1079 modo
482 1045 554 1088 regi
574 1051 719 1088 possunt
737 1043 884 1088 imperio
902 1043 1061 1077 rationis.

331 1104 518 1148 Adpetitus
544 1103 730 1135 sensitivns
754 1109 820 1139 est,
846 1102 906 1145 qui
932 1100 1118 1134 comitatur
1132 1110 1210 1132 sen-

229 1167 325 1194 sum,
354 1162 385 1186 et
408 1160 542 1187 tantum
569 1152 735 1195 competit
757 1151 1007 1184 animantibus.
1061 1148 1128 1182 Hic
1145 1150 1212 1182 du-

229 1206 308 1249 plex
324 1211 392 1237 est:
419 1210 478 1237 aut
494 1203 530 1235 fit
556 1214 617 1245 per
633 1207 851 1241 contactum,
874 1207 932 1234 aut
948 1201 1022 1233 sine
1039 1206 1212 1233 contactu.

332 1261 587 1305 AdpetitioneS,
611 1271 697 1304 quae
716 1260 805 1292 fiunt
820 1270 882 1302 per
898 1265 1109 1295 contactum,
1133 1264 1213 1290 sunt

231 1316 338 1352 duae,
373 1311 557 1345 delectatio
594 1316 629 1343 et
657 1310 777 1350 dolor,
809 1315 939 1342 tactum
970 1320 1029 1341 seu
1063 1308 1214 1341 aliorum

231 1363 451 1408 quorundam
471 1371 635 1393 sensuum
654 1359 827 1392 actionem
846 1359 1060 1392 comitantes.

334 1419 398 1453 Est
420 1418 526 1460 igitur
548 1417 731 1450 delectatio
746 1443 754 1456 ‚
782 1416 819 1448 in
842 1416 960 1448 nervis
977 1422 1036 1448 aut
1052 1414 1215 1458 pellicula

234 1482 378 1509 nervea,
409 1468 583 1513 perceptio
608 1466 735 1499 obiecti
760 1466 1017 1505 convenientis,
1050 1477 1123 1497 non
1145 1465 1217 1497 lae—

235 1524 321 1555 dens
343 1531 405 1552 nec
431 1519 584 1551 lacerans
610 1527 754 1556 nervos,
780 1517 839 1548 sed
865 1527 883 1548 a
907 1522 1031 1548 natura
1055 1515 1217 1548 ordinata

237 1573 279 1605 ad
312 1581 431 1603 eorum
459 1567 779 1604 conservationem,
816 1572 853 1598 ut
876 1563 1035 1598 faucibus
1060 1564 1218 1597 arefactis

237 1624 272 1654 in
299 1621 356 1654 siti
380 1618 487 1661 gratia
512 1624 561 1650 est
584 1617 726 1659 rigatio,
753 1627 841 1660 quae
861 1616 898 1649 fit
915 1616 998 1648 boni
1018 1621 1120 1659 potus
1138 1626 1219 1658 per-

238 1671 418 1715 ceptione,
445 1679 511 1713 qna
534 1667 632 1699 nervi
650 1672 861 1700 recreantur.
914 1664 954 1697 In
973 1666 1101 1707 frigore
1121 1664 1219 1708 pedi-

239 1723 304 1755 bus
327 1719 474 1753 nimium
498 1717 702 1760 frigefacti5‚
731 1722 848 1759 gratus
872 1721 921 1748 est
947 1715 1040 1748 calor
1061 1725 1220 1747 recreans

240 1783 377 1805 nervos.

340 1819 451 1853 Dolor
475 1830 556 1851 vero
582 1823 630 1850 est
654 1828 842 1850 nervorum
864 1827 923 1849 seu
940 1815 1124 1858 pelliculae
1140 1826 1220 1846 ner-

239 1882 322 1903 veae
343 1869 448 1902 laesio
474 1875 532 1901 aut
558 1867 738 1907 laceratio,
765 1878 853 1911 quae
876 1867 912 1899 fit
931 1866 975 1898 ab
993 1865 1130 1898 obiecto
1148 1876 1221 1897 non

242 1919 483 1954 conveniente.
544 1916 590 1951 Ut
614 1929 691 1950 cum
710 1918 799 1959 ignis
816 1917 886 1949 urit
906 1922 1037 1959 partem
1055 1915 1222 1958 corporis.

242 1969 305 2004 Est
336 1975 449 2002 autem
473 1975 512 2000 ut
535 1974 664 2007 tactus,
697 1967 743 2000 ita
768 1967 1009 1999 delectationis
1034 1972 1066 1998 et
1090 1965 1223 1997 doloris

244 2030 413 2063 organum
439 2017 603 2061 pellicula
622 2029 748 2050 nervea
774 2018 904 2050 intexta
927 2016 1083 2058 corpori,
1117 2016 1223 2059 fitque

245 2072 348 2103 dolor
371 2068 500 2107 acrior,
529 2078 605 2100 cum
632 2067 697 2110 ipsi
722 2068 819 2099 nervi
844 2066 999 2110 proxime
1025 2066 1224 2104 laeduntur,

245 2127 284 2153 ut
316 2120 351 2152 fit
376 2119 412 2152 in
438 2118 603 2160 spasmis,
636 2124 694 2149 aut
718 2117 754 2148 in
780 2117 1009 2158 cruciatibus,
1044 2115 1105 2160 qui
1127 2115 1225 2155 finnt,

246 2182 324 2203 cum
342 2168 463 2202 calculi
481 2167 686 2200 distendunt
704 2178 807 2198 venas
826 2173 855 2198 et
873 2177 1007 2199 nervos.

348 2226 396 2261 Ut
418 2231 534 2259 autem
559 2234 678 2256 sensus
705 2235 765 2266 per
790 2235 861 2255 sese
882 2231 988 2265 agunt
1007 2223 1225 2258 naturaliter.

249 2276 384 2311 Oculus
406 2274 592 2308 incolumis
615 2280 753 2317 apertus
770 2273 944 2306 obiectum
961 2274 1117 2307 oblatum
1135 2274 1226 2306 iusto

250 2327 459 2365 intervallo,
487 2336 559 2357 non
584 2331 696 2368 potest
720 2335 792 2356 non
820 2323 948 2356 videre:
977 2324 1022 2356 ita
1049 2324 1085 2356 in
1111 2324 1228 2356 nervis

251 2377 458 2410 naturaliter
476 2376 513 2409 fit
529 2374 711 2407 delectatio
727 2381 786 2407 aut
802 2374 914 2407 dolor.
974 2372 1045 2406 Nee
1061 2385 1160 2406 causa
1179 2380 1229 2406 est

251 2427 318 2460 alia
344 2427 538 2470 quaerenda
551 2449 560 2462 ‚
588 2425 645 2457 sed
663 2424 842 2457 sciendum
861 2430 927 2460 est,
956 2424 998 2456 ad
1018 2421 1100 2456 haec
1117 2424 1229 2457 officia

252 2488 380 2510 nervos
404 2474 564 2508 conditos
587 2486 676 2515 esse,
703 2481 741 2508 ut
765 2475 835 2507 sint
858 2474 1087 2507 instrumenta
1112 2485 1231 2507 sensus

253 2535 286 2561 et
306 2533 438 2565 motus,
465 2531 498 2557 et
513 2524 720 2557 adficiantur
736 2524 965 2557 delectatione
981 2530 1014 2556 et
1028 2524 1159 2558 dolore.

354 2583 429 2617 Hac
461 2589 604 2615 naturae
634 2583 845 2626 proprietate
879 2582 1115 2623 considerata,
1152 2583 1233 2616 satis

254 2635 475 2679 perspicuum
492 2633 550 2671 fit,
578 2644 649 2664 non
666 2644 786 2665 omnes
803 2633 940 2666 dolores
959 2640 1017 2667 aut
1033 2633 1232 2666 delectatio-

255 2697 314 2718 nes
335 2685 419 2717 oriri
438 2696 455 2717 a
475 2682 702 2726 cogitatione,
729 2689 786 2716 aut
805 2683 881 2716 tolli
901 2683 1109 2726 cogitatione
1125 2695 1234 2727 posse,

1252 239 1290 266 ut
1317 231 1426 265 Stoici
1449 231 1605 273 fingunt,
1639 242 1790 276 quorum
1816 241 1950 264 errores
1971 232 2014 265 de
2037 228 2230 264 adfectibus

1253 289 1369 325 postea
1386 280 1627 314 refutabimus.

1356 339 1447 373 Sunt
1464 339 1571 382 igitur
1587 339 1646 372 alii
1661 338 1803 384 quidam
1818 338 1947 382 gradus
1963 338 2232 382 adpetitionum,

1254 390 1315 434 qui
1333 402 1405 423 non
1424 390 1512 423 fiunt
1528 401 1589 433 per
1605 396 1820 428 contactum,
1848 390 1907 421 sed
1924 395 2120 433 sequuntur
2136 387 2232 430 cogi-

1254 440 1439 481 tationem,
1467 446 1499 473 et
1524 440 1663 483 proprie
1684 446 1765 472 sunt
1785 439 1821 471 in
1843 440 1965 480 corde,
1990 450 2028 471 ac
2045 437 2233 471 nominan-

1256 497 1313 524 tur
1329 489 1506 525 Adfectus.
1550 489 1624 523 Hos
1645 489 1796 522 discerni
1812 496 1948 532 oportet
1963 489 2005 521 ab
2022 488 2099 521 aliis
2117 487 2234 530 gradi-

1256 541 1342 580 bus,
1370 540 1430 584 qui
1448 546 1528 573 sunt
1545 540 1581 572 in
1600 540 1812 579 ventriculo,
1837 546 1896 573 aut
1911 539 1949 573 in
1965 538 2081 572 nervis
2100 537 2137 569 in
2152 536 2235 570 reli-

1257 602 1326 635 qno
1346 602 1509 633 corpore,
1537 590 1697 622 videlicet
1714 601 1731 622 a
1749 589 1978 622 delectatione
1993 596 2025 622 et
2042 600 2059 621 a
2076 587 2210 621 dolore.

1359 645 1423 680 Est
1445 653 1477 680 et
1500 646 1681 688 diligentia
1703 646 1808 689 digna
1825 646 1989 687 eruditis,
2014 645 2236 679 considerare

1259 697 1412 731 subiecta
1435 708 1496 730 seu
1522 696 1614 737 loca,
1640 697 1675 728 in
1700 696 1829 741 quibus
1851 696 1992 740 proprie
2013 703 2047 729 et
2062 707 2142 728 vere
2155 700 2238 727 sunt

1260 748 1395 790 singula
1425 759 1563 790 genera.
1615 745 1685 779 Nec
1717 746 1938 789 decipiantur
1966 751 2147 790 poetarum
2178 750 2239 778 aut

1261 798 1418 831 Platonis
1440 796 1680 837 sermonibus,
1708 796 1767 841 qni
1786 808 1938 829 amorem
1957 797 1994 828 in
2013 802 2109 839 epate
2126 794 2238 827 collo-

1261 855 1401 888 carunt,
1440 854 1479 880 ut
1511 847 1712 889 allegoriam
1746 847 1788 878 de
1820 846 1926 891 Tityo
1958 847 2240 888 interpretamur,

1262 899 1360 932 cuins
1383 910 1460 931 cum
1485 909 1567 941 epar
1583 897 1700 930 dicant
1719 897 1863 929 lacerari
1878 909 1895 929 a
1913 895 2131 932 vulturibus,
2159 905 2240 937 pro-

1262 957 1377 993 pterea
1403 949 1496 992 qnod
1519 947 1685 980 amaverit
1702 946 1892 985 Latonam,
1921 946 2019 979 aiunt
2042 944 2242 987 significari,

1264 1001 1299 1032 in
1324 1004 1420 1042 epate
1445 998 1561 1030 sedem
1585 1009 1657 1030 esse
1679 997 1825 1037 amoris,
1858 1003 1896 1030 nt
1921 995 2105 1029 Lucretius
2127 993 2243 1039 inquit

1262 1050 1355 1082 libro
1372 1048 1490 1080 tertio:

1364 1099 1423 1130 Sed
1440 1100 1549 1139 Tityus
1564 1101 1649 1129 nobis
1666 1101 1714 1129 hic
1730 1107 1772 1130 est
1783 1124 1791 1138 ,
1816 1102 1847 1129 in
1865 1110 1964 1128 amore
1982 1100 2137 1136 iacentem,

1367 1150 1467 1189 Quem
1485 1153 1620 1180 volucres
1635 1153 1772 1182 lacerant.

1265 1205 1310 1241 Et
1327 1205 1538 1240 Theocritus
1556 1206 1594 1238 in
1611 1206 1777 1239 Adonide
1795 1205 1910 1249 inquit
1925 1205 1968 1237 de
1984 1204 2122 1237 osculo:

1311 1254 1476 1285 Τοσοῦτόν
1497 1266 1535 1293 με
1559 1256 1711 1294 φίλασον,
1744 1253 1822 1283 ὅσον
1843 1252 1910 1289 ζώει
1934 1251 1969 1282 td
1993 1253 2125 1292 φίλαμα.

1302 1297 1416 1337 ’Ἁχρις
1438 1295 1500 1326 ἀπὸ
1524 1298 1625 1336 ψυχῆς
1648 1295 1723 1336 ἐμὸν
1746 1295 1865 1333 στόμα,
1894 1292 1919 1324 κ’
1943 1294 1987 1329 εἷς
2013 1292 2089 1332 ἐμὸν
2111 1288 2204 1331 ἧπαρ.

1309 1341 1437 1379 Πνεῦμα
1452 1338 1522 1369 τεὸν
1538 1336 1658 1377 ῥεύσει,
1681 1337 1715 1366 τό
1733 1338 1765 1365 δὲ
1781 1337 1835 1366 σεῦ
1849 1334 1942 1374 γλυκὺ
1959 1337 2092 1375 φίλτρον
2106 1332 2236 1372 ἀμέλξω.

1313 1386 1471 1424 Tantisper
1487 1385 1524 1413 da
1542 1385 1728 1418 suaviolum,
1754 1383 1826 1412 dum
1841 1384 1919 1411 basia
1936 1384 2052 1418 vivunt,

1313 1435 1361 1464 Ex
1376 1437 1532 1474 animaque
1548 1440 1600 1463 tua
1616 1434 1687 1463 dum
1702 1435 1822 1472 spiritus
1836 1435 1867 1462 in
1884 1443 1948 1461 mea
1966 1433 2046 1461 labra

1319 1483 1440 1519 Influit,
1468 1487 1559 1525 inque
1574 1487 1673 1521 iecur,
1701 1485 1847 1522 mulgenti
1861 1484 1958 1512 dulcia
1975 1482 2097 1521 philtra.

1271 1532 1339 1566 Sed
1363 1530 1447 1565 haec
1470 1532 1604 1576 poetica
1626 1531 1884 1576 relinquamuS‚
1908 1541 1946 1563 ac
1969 1529 2148 1562 veritatem
2166 1538 2251 1560 con-

1271 1583 1473 1616 sideremus.

1374 1631 1465 1666 Sunt
1494 1638 1609 1664 autem
1636 1631 1790 1664 adfectus
1816 1629 1876 1674 qui
1898 1628 2040 1673 proprie
2063 1628 2111 1661 sic
2135 1627 2252 1660 nomi-

1273 1688 1422 1720 nantur,
1449 1688 1564 1714 motus
1586 1682 1701 1714 cordis
1723 1681 1889 1714 noticiam
1905 1685 2108 1724 sequentes,
2133 1688 2253 1721 prose-

1275 1739 1419 1777 quentes
1441 1738 1499 1764 aut
1517 1732 1689 1773 fugientes
1705 1731 1838 1764 obiecta
1849 1757 1858 1770 ,
1885 1730 1946 1774 qui
1962 1740 2041 1762 cum
2058 1734 2117 1761 aut
2131 1728 2253 1761 iuvent

1275 1789 1454 1820 naturam,
1487 1788 1545 1814 aut
1570 1783 1768 1821 destruant,
1800 1791 1935 1823 semper
1960 1778 2172 1812 comitantur
2194 1789 2252 1810 ex-

1275 1832 1376 1866 tremi
1399 1838 1512 1864 motus
1524 1858 1532 1870 ‚
1559 1838 1617 1865 aut
1633 1832 1721 1864 laesa
1740 1838 1863 1864 natura
1880 1830 1982 1862 dolor
1998 1840 2036 1861 ac
2052 1827 2254 1865 destructio,

1275 1889 1334 1916 aut
1358 1882 1510 1915 suaviter
1534 1888 1645 1919 mota,
1673 1881 1855 1915 delectatio
1880 1891 1938 1912 seu
1964 1878 2098 1912 laeticia
2114 1877 2255 1922 acquie-

1276 1944 1373 1966 scens
1390 1932 1427 1964 in
1444 1932 1594 1966 obiecto.

1379 1980 1429 2015 Ac
1448 1983 1534 2014 ordo
1552 1987 1696 2014 naturae
1715 1980 1990 2014 considerandus
2007 1985 2075 2019 est,
2101 1976 2255 2010 motibus
2291 1993 2297 1995 ξ

1278 2033 1393 2066 cordis
1410 2032 1611 2065 antecedere
1627 2031 1863 2073 cognitionem
1875 2057 1883 2070 ‚
1910 2037 1949 2063 ut
1965 2029 2107 2062 dicitur:

1381 2084 1473 2124 Quod
1491 2087 1559 2114 latet
1574 2087 1711 2124 ignotum
1725 2090 1783 2121 est,
1811 2086 1905 2122 ignoti
1922 2085 2004 2112 nulla
2021 2080 2140 2121 cupide.

1281 2132 1384 2167 Item:

1371 2179 1421 2211 'Eu
1446 2182 1502 2212 τοῦ
1525 2178 1603 2221 ὁρᾶν
1626 2183 1762 2220 γίγνεται
1786 2178 1820 2209 τὸ
1846 2177 1927 2219 ἐρᾶν.

1381 2233 1429 2267 Ut
1446 2239 1560 2266 autern
1579 2234 1614 2265 in
1627 2232 1701 2266 Deo
1718 2232 1792 2276 ipso
1807 2238 1857 2264 est
1875 2229 2042 2273 sapientia
2060 2228 2258 2261 discernens

1280 2289 1373 2317 recta
1401 2290 1435 2316 et
1466 2295 1538 2316 non
1570 2290 1680 2323 recta,
1716 2289 1749 2315 et
1772 2281 1899 2314 deinde
1923 2280 2104 2318 voluntas,
2137 2276 2258 2309 volens

1281 2340 1390 2372 recta,
1414 2341 1446 2366 et
1464 2345 1523 2367 sua
1541 2334 1690 2378 quadam
1705 2331 1840 2364 laeticia
1856 2330 2076 2375 acquiescens
2093 2328 2128 2360 in
2144 2326 2257 2363 rectis,

1283 2392 1315 2417 et
1334 2384 1457 2416 nolens
1473 2383 1657 2420 contraria,
1686 2389 1717 2414 et
1734 2393 1811 2414 vera
1829 2380 2070 2423 indignatione
2085 2376 2259 2420 repellens

1283 2446 1321 2466 ac
1352 2434 1551 2467 destruens:
1587 2433 1631 2465 ita
1658 2432 1762 2465 vitam
1785 2430 1969 2464 hominum
1995 2426 2190 2463 ordinavit,
2220 2432 2259 2458 ut

1284 2484 1354 2516 sint
1377 2484 1467 2527 leges
1488 2496 1546 2516 seu
1566 2483 1713 2516 noticiae
1731 2489 1821 2514 recta
1838 2479 2106 2525 praecipientes,
2136 2473 2258 2519 prohi-

1284 2535 1405 2568 bentes
1436 2533 1629 2571 contraria,
1665 2532 1791 2565 deinde
1820 2543 1901 2564 vero
1933 2529 2003 2562 sint
2028 2527 2259 2570 magistratus,

1286 2584 1346 2628 qui
1371 2591 1460 2617 recta
1486 2583 1649 2616 facientes
1673 2587 1873 2626 protegant,
1902 2587 1935 2612 et
1950 2575 2119 2623 repellant
2135 2587 2174 2609 ac
2191 2575 2262 2608 tol-

1287 2634 1361 2666 lant
1383 2633 1555 2666 contraria
1579 2633 1753 2666 facientes.
1806 2630 1889 2664 Ideo
1907 2636 2020 2663 autem
2038 2626 2122 2660 haec
2138 2625 2185 2659 ita
2203 2636 2262 2658 or-

1288 2683 1407 2717 dinata
1431 2689 1528 2724 sunt,
1554 2690 1590 2717 ut
1618 2692 1842 2726 agnoscamus
1863 2686 1896 2714 et
1912 2691 1984 2714 esse
1997 2678 2129 2718 Deum,
2157 2682 2189 2709 et
2207 2686 2263 2708 sa-
