2379 2948
199 129 271 166 555

207 215 354 260 gratiae,
383 219 527 257 propter
543 209 714 244 Ebraicae
729 209 871 251 linguae
889 205 1194 245 consuetudinem,

208 266 319 300 active
336 271 367 297 et
389 264 523 307 passive
546 260 727 303 significat.
770 258 1058 292 Fundamentum
1077 263 1192 290 autem

207 316 339 351 favoris
365 322 415 347 est
444 311 688 346 benevolentia
713 311 751 343 in
774 310 948 353 Augusto.
1002 308 1194 341 Terminus

211 376 260 402 est
286 365 474 399 Mecoenas
504 362 655 406 placens.

211 521 426 563 loquuntur,
455 515 492 547 in
509 514 735 554 mecoenate,
763 521 811 547 est
829 514 943 557 ipsum
962 513 1110 556 placere,
1137 521 1198 543 seu

213 567 404 612 acceptatio
424 566 571 610 passiva.
617 565 830 605 Terminus,
858 562 1105 597 benevolentia
1123 562 1198 594 Au-

213 619 314 663 gusti.
371 618 466 650 lnter
493 614 577 649 haec
603 617 726 649 relatio
753 623 803 649 est
825 616 912 648 ordo
932 613 1101 658 placentis
1120 611 1199 645 Me-

214 669 368 704 coenatis
395 669 437 700 ad
462 668 673 710 Augustum.

215 720 325 765 loqui.
379 718 450 751 Nec
467 719 504 750 in
527 716 684 750 Ecclesia
709 718 751 749 de
775 718 858 750 solis
883 714 1063 748 habitibus
1090 713 1200 756 gratia

215 771 451 813 intelligatur,
487 769 546 801 sed
577 768 683 801 simul
714 768 838 801 relatio
869 763 1201 809 comprehendatur.

218 821 343 855 Gratia
370 827 419 853 est
442 820 652 862 acceptatio,
686 830 754 863 qua
778 817 873 851 Deus
903 824 1046 860 propter
1069 814 1200 848 Filium

217 872 323 916 gratis
347 870 471 913 recipit
494 878 653 912 agentem
681 869 955 913 poenitentiam,
993 874 1025 899 et
1056 867 1202 899 creden-

217 932 306 960 tem,
335 933 414 954 cum
432 932 500 965 qua
517 921 755 964 acceptatione
772 920 959 952 coniuncta
984 924 1035 950 est
1058 916 1201 950 donatio

218 973 373 1018 Spiritus
398 971 528 1011 sancti,
556 969 756 1003 inchoantis
780 971 817 1003 in
840 970 943 1003 nobis
966 980 1094 1001 novam
1118 967 1203 1000 obe-

219 1024 388 1057 dientiam
406 1030 438 1056 et
459 1022 565 1054 vitam
582 1029 770 1054 aeternam.

528 1109 585 1140 Ex
604 1105 895 1151 quantitatibus.

418 1166 487 1199 Par
498 1190 507 1204 ,

718 1164 854 1209 Impar,

419 1215 576 1261 Aequale
587 1239 598 1258 ‚
714 1215 918 1260 Inaequale,

424 1266 612 1311 Proportio
623 1293 631 1306 ‚

422 1317 573 1357 Totum,
714 1316 932 1355 Dimidium,

425 1366 583 1410 Duplum
594 1393 602 1407 ‚
717 1366 902 1410 Triplum,
929 1371 993 1398 etc.

325 1418 413 1452 Item
431 1418 576 1450 nomina
595 1417 831 1460 significantia
850 1425 1032 1449 mensuras
1061 1420 1094 1447 et
1116 1425 1206 1457 pon-

224 1473 326 1511 dera,
351 1476 389 1502 ut
408 1475 522 1512 partes
539 1467 645 1507 assis,
673 1466 851 1507 drachma,
876 1467 984 1500 mina.
1039 1463 1125 1498 Item
1141 1476 1207 1496 no-

222 1522 318 1554 mina
342 1531 432 1565 quae
455 1519 660 1552 discernunt
687 1526 864 1563 tempora,
899 1527 1032 1556 annuS,
1064 1515 1208 1555 mensis,

223 1572 282 1606 sed
315 1569 398 1603 haec
429 1570 571 1614 proprie
604 1570 780 1612 pertinent
810 1570 853 1601 ad
883 1567 1206 1612 praedicamentum

222 1621 387 1664 QuandO.

412 1739 479 1778 De
512 1738 689 1778 Actione
725 1742 765 1777 et
793 1737 1015 1777 Passione.

550 1820 646 1862 Quid
675 1825 729 1855 est
757 1821 863 1855 Actio
873 1819 890 1853 ,Ρ

326 1880 428 1914 Actio
454 1887 502 1914 est
524 1881 712 1924 applicatio
736 1881 870 1923 agentis
895 1880 938 1912 ad
958 1879 1112 1923 patiens,
1139 1889 1208 1923 qua

225 1934 262 1966 fit
277 1932 426 1965 mutatio
441 1932 558 1976 aliqua
581 1931 617 1963 in
635 1931 800 1974 patiente.
837 1930 978 1965 Rursus
997 1937 1114 1963 autem
1131 1941 1208 1961 mo-

224 1995 291 2016 neo
307 1982 491 2022 discentes,
513 1988 552 2015 ut
570 1983 729 2014 ordinem
749 1981 982 2014 considerent.
1017 1980 1207 2025 Postquam

225 2033 418 2067 substantia
438 2039 488 2065 est
505 2032 629 2065 vestita
648 2032 853 2076 quantitate,
879 2038 912 2064 et
928 2031 1056 2064 deinde
1074 2037 1207 2064 armata

224 2084 411 2128 qualitate,
447 2083 604 2116 nuncin
631 2082 740 2115 aciem
774 2082 935 2115 educitur
968 2083 1008 2114 ad
1042 2083 1207 2115 actiones.

224 2134 291 2167 Hic
309 2136 397 2167 ordo
416 2140 466 2167 est
483 2139 638 2169 nfiurae.
668 2132 773 2165 Nulla
792 2133 886 2164 enim
906 2144 960 2165 res
975 2133 1103 2165 frustra
1122 2144 1207 2165 eon-

226 2186 298 2218 dita
330 2193 396 2225 est,
430 2185 490 2217 sed
519 2195 657 2217 necesse
692 2190 744 2216 est
775 2184 901 2216 deduci
927 2183 1138 2216 substantias
1163 2184 1206 2215 ad

225 2237 398 2275 actiones,
415 2242 447 2268 et
459 2234 737 2278 uniuscuiusque
757 2234 972 2267 substantiae
989 2234 1113 2266 ultima
1128 2245 1207 2277 per—

226 2287 327 2319 fectio
351 2298 412 2318 seu
440 2286 519 2318 finis
546 2292 597 2319 est
615 2285 759 2329 propria
776 2291 808 2317 et
826 2285 1013 2328 praecipua
1033 2285 1142 2324 actio,
1169 2292 1207 2317 ut

226 2337 304 2369 finis
327 2336 420 2370 Solis
454 2343 504 2370 est
535 2347 675 2377 cursus,
710 2336 771 2380 qui
802 2335 876 2368 dies
901 2342 934 2369 et
958 2347 1068 2368 annos
1092 2335 1205 2368 efficit.

227 2387 297 2420 Aut
313 2395 404 2421 certe
420 2387 605 2431 praecipua
621 2387 710 2420 actio
727 2393 794 2426 est,
823 2398 911 2431 quae
929 2386 1105 2419 obiectum
1122 2386 1206 2419 ulti-
1232 2419 1234 2426 A

226 2448 321 2468 mum
346 2445 378 2470 et
405 2438 576 2481 optimum
599 2435 852 2481 apprehendit,
879 2438 973 2482 quod
1001 2443 1050 2469 est
1074 2437 1206 2480 princi-
1232 2431 1234 2454 *¹

226 2486 340 2529 palior
357 2488 454 2528 finis,
482 2496 520 2522 ut
544 2489 581 2521 in
606 2486 752 2522 homine
775 2488 908 2531 agnitio
938 2495 971 2521 et
997 2488 1124 2520 ardens
1149 2487 1205 2519 di-
1231 2500 1233 2526 J

226 2537 329 2570 lectio
347 2535 425 2571 Dei.

328 2586 446 2619 Passio
474 2595 523 2621 est
548 2600 677 2621 nomen
704 2590 951 2623 correlativum
978 2589 1146 2629 actionis,
1173 2596 1205 2622 et
1231 2586 1232 2596 ³

225 2637 398 2681 significat
424 2638 658 2681 receptionem
683 2641 852 2682 actionis,
891 2648 924 2674 et
958 2641 1099 2674 effectus
1123 2640 1204 2673 nevi

228 2700 263 2720 m
281 2688 445 2732 patiente.

710 361 806 394 'mer
830 358 914 394 haec
935 360 1023 393 ordo
1040 361 1196 393 benevo‘
1221 385 1223 408 ῑ
1248 389 1286 410 ac
1314 378 1399 412 uirit
1419 379 1463 411 ali
1493 391 1573 412 uem
1593 379 1784 412 terminum

210 417 314 452 lentis
332 413 484 457 Augusti
505 413 548 446 ad
566 412 811 445 Mecoenatem
833 412 1040 455 placentem,
1067 410 1196 442 dicitur
1222 416 1223 423 ¹
1289 391 1311 423 q
1469 391 1490 424 q
1791 406 1797 412 '

212 470 321 502 favor.
365 463 540 504 Econtra,
560 463 833 496 fundamentum
852 463 1000 505 gratiae,
1024 468 1062 494 ut
1079 459 1197 494 Latini
1223 467 1224 473 ¹

735 666 792 700 Sic
816 674 949 699 certum
977 671 1028 697 est
1052 663 1199 696 Latinos
1225 668 1227 673 ’

442 124 651 162 SCRIPTA
679 123 756 158 PH.
785 119 901 155 MEL.
932 118 997 154 AD
1025 117 1153 154 HlST·
1182 117 1325 158 PROF.
1354 121 1419 157 ET
1446 120 1637 157 PHILOS.
1667 121 1988 159 SPECTANTIA.

1223 512 1226 550 t

1224 578 1227 609 4

1225 610 1227 625 l

2161 123 2236 161 556

1396 212 1496 251 Quae
1520 207 1697 243 vocabula
1725 207 1789 242 hic
1817 209 2075 245 collocantur?

1348 276 1466 310 Verba
1493 283 1527 309 et
1551 277 1696 309 nomina
1722 276 1877 309 verbalia
1906 277 2136 319 significantia
2156 289 2233 311 mo-

1247 334 1314 360 tuS.
1367 326 1432 361 Est
1449 334 1566 370 autem
1590 334 1707 360 motus
1725 327 1870 371 agitatio
1887 328 2118 369 substantiae,
2145 341 2233 373 quae

1319 483 1411 522 Quot
1431 486 1680 516 numerantur
1698 484 1841 516 usitate
1858 484 2004 526 species
2022 480 2166 516 motus?

1500 579 1512 590 ,
1701 549 1783 584 Sex:

1433 600 1625 634 Gener-atio
1637 628 1645 642 ‚

1433 650 1687 694 Augmentatio
1857 651 2057 685 Diminutio
2069 680 2077 693 ,

1436 700 1609 735 Alteratio
1622 729 1630 742 ‚
1863 703 1986 736 Motus
2005 704 2136 736 localis.

1358 760 1429 794 Nec
1446 761 1625 794 subtiliter
1643 759 1700 794 hic
1719 762 1760 793 de
1777 761 1826 793 eis
1847 762 2054 805 disputabo,
2079 763 2138 795 sed
2158 763 2239 795 bre-

1256 812 1397 845 vissime
1420 813 1575 845 recitabo
1599 813 1761 854 vulgares
1787 813 2061 856 descriptiones,
2090 825 2238 858 quarum

1256 863 1390 908 aliquas
1407 875 1509 896 nosse
1525 863 1612 895 utile
1630 870 1692 897 est.

1855 601 2046 645 Corruptio
2057 629 2065 641 ,

1750 659 1783 685 et

1359 922 1512 955 Nomine
1530 922 1768 965 generationis
1787 929 1820 956 et
1837 923 2074 966 corruptionis
2097 923 2242 963 utimur,

1258 985 1336 1006 cum
1349 973 1625 1006 desubstantiali
1637 973 1832 1007 mutatione
1842 973 2032 1017 loquimur.
2060 973 2131 1007 Nec
2141 986 2243 1008 causa

1262 1026 1461 1068 quaerenda
1479 1031 1546 1064 est,
1571 1025 1628 1057 sed
1650 1025 1866 1057 consuetudo
1886 1025 1933 1057 sic
1951 1025 2050 1069 loqui
2069 1026 2177 1059 docet.

1361 1082 1424 1117 Est
1448 1090 1563 1117 autem
1592 1084 1769 1127 generatio
1806 1090 1924 1117 motus
1953 1096 1970 1116 a
1997 1090 2069 1117 iton
2101 1096 2173 1118 esse
2197 1085 2241 1117 ad

1260 1146 1341 1169 esse.

1363 1192 1554 1237 Corruptio
1573 1201 1622 1227 est
1638 1201 1753 1227 motus
1772 1194 1816 1226 ab
1834 1205 1905 1226 esse
1924 1195 1966 1226 ad
1983 1206 2056 1226 non
2072 1206 2154 1228 esse.

1362 1252 1515 1285 Nomine
1532 1252 1830 1295 augmentationis
1850 1259 1881 1286 et
1900 1253 2151 1287 diminutionis
2173 1255 2243 1288 uti-

1262 1316 1342 1336 mur
1359 1304 1395 1335 in
1415 1303 1612 1336 mutatione
1631 1304 1879 1348 quantitatum.
1931 1302 1997 1337 Est
2023 1312 2138 1337 autem
2159 1317 2244 1348 aug-

1260 1354 1430 1387 mentatio
1449 1355 1610 1393 mntatio,
1633 1367 1699 1397 qua
1715 1354 1911 1397 aequiritur
1928 1354 2042 1387 maior
2056 1355 2244 1399 quantitas,

1262 1404 1451 1448 Quomodo
1482 1404 1517 1436 id
1545 1404 1620 1441 fiat,
1655 1416 1701 1436 an
1726 1404 1948 1448 appositione
1975 1406 2146 1448 partium,
2185 1413 2244 1439 aut

1261 1455 1339 1488 aliis
1356 1454 1489 1494 modis,
1518 1452 1576 1487 hic
1593 1467 1665 1487 non
1686 1455 1938 1498 disputandum
1956 1463 2016 1490 est.

1366 1512 1567 1547 Diminutio
1593 1521 1642 1547 est
1668 1515 1832 1554 mutatio,
1860 1526 1926 1558 qua
1946 1515 1982 1547 fit
1998 1515 2115 1548 minor
2131 1528 2244 1560 quan—

1263 1566 1351 1599 titas.

1365 1621 1518 1655 Nomine
1544 1623 1762 1656 alterationis
1787 1624 1828 1655 de
1855 1623 2083 1668 qualitatibus
2099 1625 2243 1659 utimur.

1262 1673 1324 1707 Est
1349 1680 1463 1706 autem
1490 1673 1650 1706 alteratio
1673 1681 1808 1713 motus,
1836 1686 1906 1719 quo
1932 1674 1998 1706 alia
2016 1675 2166 1719 qualitas
2188 1688 2244 1709 ac-

1262 1725 1433 1770 quiritur,
1462 1731 1501 1757 ut
1518 1724 1707 1764 calefactio,
1735 1725 1939 1767 frigefactio,
1967 1726 2156 1767 dealbatio,
2182 1734 2243 1760 etc.

1364 1782 1444 1817 Huc
1470 1790 1503 1817 et
1527 1784 1671 1817 affectus
1694 1784 1801 1817 subiti
1826 1796 1946 1816 revera
1973 1785 2171 1829 pertinent,
2205 1794 2244 1820 ut

1263 1835 1384 1873 irasci,
1413 1846 1657 1878 expavescere,
1687 1835 1746 1879 qui
1766 1842 1848 1868 sunt
1864 1835 1959 1868 velut
1982 1837 2243 1870 verberationes

1263 1886 1388 1919 cordis.
1443 1885 1512 1918 Sed
1537 1897 1641 1928 supra
1665 1897 1723 1918 eos
1749 1885 1784 1917 in
1813 1886 2042 1930 qualitatibus
2067 1889 2244 1920 recensui-

1263 1950 1359 1977 mus,
1387 1936 1495 1969 secuti
1512 1936 1749 1969 Aristotelem.

1363 1995 1486 2028 Motus
1510 1995 1629 2028 localis
1657 2002 1707 2028 est
1740 2002 1866 2035 motu5‚
1893 2008 1962 2040 quo
1979 1996 2129 2029 subinde
2147 1998 2243 2031 aliud

1261 2047 1417 2091 spacium
1435 2052 1636 2089 occupatur.

1365 2105 1486 2138 Postea
1513 2112 1710 2149 sequuntur
1744 2104 1891 2142 artium,
1926 2113 1957 2138 et
1984 2107 2176 2149 virtutum,
2211 2117 2244 2142 et

1263 2158 1429 2190 vitiorum
1447 2156 1619 2193 actiones,
1648 2166 1736 2199 quae
1753 2162 1834 2188 sunt
1855 2157 1981 2198 partim
2009 2158 2242 2199 alterationes,

1262 2216 1293 2241 et
1314 2208 1440 2252 partim
1466 2214 1580 2239 motus
1608 2207 1746 2240 locales,
1804 2205 1884 2239 Ideo
1910 2214 1941 2240 et
1969 2208 2072 2241 aliam
2096 2209 2241 2243 divisio-

1233 2279 1235 2290 >
1261 2272 1339 2292 nem
1364 2257 1536 2291 adiiciam.
