2379 2948
190 112 262 147 419
422 105 630 144 SCRIPTA
657 105 733 141 PH.
760 101 875 138 MEL.
904 101 969 138 AD
996 102 1125 138 HlST.
1152 101 1296 139 PROF.
1325 102 1390 138 ET
1416 102 1610 138 PHILOS.
1639 101 1957 139 SPECTANTIA.
2128 104 2202 138 420

191 195 286 228 enim
303 195 346 227 de
361 193 547 237 religione,
571 192 614 224 de
630 196 755 222 natura
772 200 909 227 rerum,
937 189 979 222 de
996 189 1083 228 iure,
1112 190 1175 222 de-

193 246 299 290 nique
318 246 360 278 de
379 245 451 277 ulla
468 243 557 275 vitae
576 247 671 284 parte
687 239 772 272 dicit
791 239 838 279 is,
859 239 920 284 qui
936 240 1096 273 doctrina
1113 240 1174 272 illa

192 308 265 329 non
283 296 473 328 instructus
491 298 559 331 est,
588 302 675 335 quae
695 302 750 322 eas
771 301 825 323 res
843 290 1023 323 continet?

293 342 493 378 Rhetorica
510 353 591 374 vero
612 347 662 374 est
683 352 757 381 ars,
788 352 876 385 quae
894 342 995 374 docet
1021 342 1113 373 viam
1138 351 1176 372 ac

194 396 366 430 rationem
394 399 484 425 recte
512 398 544 425 et
577 398 699 424 ornate
733 391 887 426 dicendi.
947 391 1045 424 Voco
1081 389 1175 422 enim

192 444 410 480 Rhetoricen
436 440 520 475 haec
544 449 742 486 praecepta,
770 453 859 486 quae
884 442 1001 485 pueris
1030 442 1176 475 tradun-

193 504 269 536 tur,
297 505 446 540 quorum
470 493 645 536 cognitio,
672 492 734 525 etsi
754 492 946 525 necessaria
965 499 1014 524 est
1037 492 1079 524 ad
1104 490 1177 522 elo-

194 546 393 591 quentiam,
418 551 534 577 tamen
560 543 760 587 eloquentia
785 549 921 585 praeter
944 540 1034 574 lianc
1057 548 1177 581 artem,

193 597 260 630 alia
278 595 388 629 multa
405 594 627 633 adiumenta,
654 600 728 626 tum
754 600 920 635 naturae,
944 599 1018 625 tum
1046 590 1177 624 doctri·

194 658 260 680 nae
275 645 435 691 requirit.
472 643 614 677 Tenent
630 644 721 676 enim
739 649 920 686 praecepta
938 642 1031 675 docti
1047 652 1179 679 ornnes,

196 698 232 729 in
252 697 380 741 quibus
398 695 500 728 multi
518 701 599 727 sunt
616 694 785 733 infantes,
812 693 940 736 quibus
959 700 1074 726 tamen
1092 702 1179 735 opus

196 754 246 780 est
270 745 333 779 hac
356 752 428 779 arte
461 746 504 777 ad
539 744 784 782 iudicandum,
820 744 1117 787 quemadmodum
1148 749 1177 775 et

195 796 387 831 Dialectica
407 796 449 828 ad
467 794 696 827 iudicandum
717 805 804 837 opus
822 791 951 826 habent
967 805 1100 827 omneS.
1132 790 1179 825 Ut

195 855 311 881 autem
328 845 528 879 dialecticae
547 844 625 877 finis
644 851 704 882 est,
731 844 898 884 iudicare,
917 843 1042 878 Utrum
1062 844 1098 875 in
1116 844 1180 875 do-

195 899 305 931 cendo
322 903 400 940 apte
418 895 640 928 consentiant
663 894 799 932 omnia,
827 895 931 933 item,
959 895 997 926 in
1021 896 1179 927 docendo

194 948 294 993 sequi
311 953 440 980 certam
459 945 568 983 viam,
597 946 644 979 ita
669 951 701 978 et
726 943 921 978 rhetoricae
942 945 1029 977 fines
1050 945 1177 977 consti-

194 1006 350 1037 tuamus,
380 996 538 1029 iudicare
568 997 610 1028 de
645 996 748 1038 longa
779 996 953 1036 oratione,
992 996 1106 1040 qualis
1137 995 1181 1027 sit

194 1048 347 1093 partium
366 1047 480 1086 series,
509 1058 597 1090 quae
612 1046 683 1079 sint
702 1046 886 1089 praecipua
904 1047 1071 1085 membra,
1093 1057 1180 1089 quae

194 1099 264 1132 sint
288 1104 512 1136 ornamenta,
543 1095 631 1129 Item
647 1123 655 1136 ,
683 1096 719 1128 in
738 1097 888 1129 dicendo
906 1097 1029 1139 etiam,
1059 1096 1096 1128 in
1116 1094 1182 1136 his,

194 1149 345 1193 quinon
362 1147 603 1180 destituuntur
620 1158 638 1179 a
655 1153 800 1186 natura,
828 1147 980 1186 efficere,
1007 1153 1045 1180 ut
1067 1147 1180 1179 oratio

194 1205 303 1232 certas
318 1205 431 1242 partes
458 1195 603 1237 habeat,
628 1203 661 1230 et
684 1208 738 1229 res
762 1208 906 1240 magnas
931 1209 1004 1230 non
1032 1204 1182 1240 exponat

194 1250 358 1288 breviter,
376 1255 415 1282 ut
431 1247 623 1288 dialectica,
648 1249 706 1281 sed
723 1248 830 1281 addat
848 1249 1032 1282 verborum
1050 1248 1181 1282 lumen.

471 1335 528 1368 De
555 1330 698 1380 officiis·
726 1335 898 1367 oratoris.

296 1400 385 1435 Cum
414 1400 527 1433 oratio
555 1399 671 1432 omnis
698 1399 804 1432 rebus
829 1411 868 1432 ac
893 1399 1009 1432 verbis
1038 1404 1181 1438 constet,

193 1463 311 1485 rerum
329 1451 426 1494 prior
444 1461 515 1483 esse
533 1461 615 1482 cura
637 1450 758 1489 debet,
786 1450 960 1492 posterior
982 1450 1180 1483 verborum.

193 1502 361 1546 Quinque
373 1501 480 1543 igitur
490 1507 721 1534 numerantur
732 1500 845 1533 officia
855 1500 1019 1533 oratoris:
1050 1498 1179 1532 Inven-

194 1553 264 1592 tio,
306 1551 521 1594 Dispositio,
560 1548 744 1605 Elocuti00,
777 1549 979 1590 -RIemoria,
1014 1549 1180 1583 Pronun-

193 1603 309 1638 ciatio.
362 1601 521 1635 Primum
541 1601 633 1633 enirn
651 1602 805 1641 dicturo,
833 1612 887 1633 res
909 1613 969 1633 seu
994 1600 1179 1632 invenien-

193 1655 274 1694 dae,
302 1664 363 1686 seu
389 1652 568 1695 eligendae
593 1658 694 1691 sunt,
728 1658 761 1685 et
781 1663 859 1684 cum
885 1651 955 1684 sint
981 1651 1179 1695 inquisitae,

192 1705 317 1738 ordine
335 1703 572 1747 explicandae.
624 1700 821 1736 Versantur
838 1702 944 1744 igitur
961 1701 1119 1734 inventio
1147 1707 1179 1733 et

192 1754 378 1799 dispositio
408 1753 498 1786 circa
531 1763 604 1794 reS‚
641 1753 792 1786 elocutio
823 1765 905 1785 vero
942 1753 1030 1785 circa
1059 1753 1178 1786 verba.

192 1806 283 1839 Nam
302 1817 339 1837 ea
352 1831 360 1843 ‚
388 1816 476 1848 quae
494 1803 776 1846 excogitavimus,
798 1810 831 1836 et
847 1803 972 1836 ordine
990 1804 1082 1846 apud
1102 1803 1178 1834 ani-

192 1868 289 1889 mum
316 1855 574 1897 disposuimus,
610 1860 786 1896 postremo
809 1854 925 1886 verbis
948 1853 1177 1896 significanti-

192 1907 259 1939 bus
285 1905 488 1949 exponenda
514 1910 606 1938 sunt.

194 1958 266 1989 fere
286 1962 357 1988 tota
373 1966 427 1987 ars
445 1954 674 1988 consumitur.
714 1954 833 1999 Itaque
852 1967 916 1988 nos
932 1957 976 1988 de
994 1955 1072 1987 aliis
1091 1956 1175 1987 dua-

193 2008 260 2040 bus
283 2005 441 2050 partibus
470 2002 562 2037 nihil
593 2005 863 2048 praecipiemus,
902 2006 983 2050 quia
1010 2006 1175 2038 memoria

194 2069 318 2101 parum
344 2056 535 2088 admodum
555 2055 600 2087 ab
619 2062 692 2087 arte
716 2056 913 2089 adiuvatur.
967 2054 1070 2089 Actio
1093 2068 1176 2088 vero

194 2109 298 2150 longe
323 2106 391 2139 alia
414 2117 508 2138 nunc
535 2112 602 2143 est,
638 2117 742 2149 quam
774 2106 888 2149 qualis
920 2107 1013 2150 apud
1046 2113 1177 2139 veteres

194 2158 271 2192 fuit.
324 2155 370 2190 Et
387 2156 472 2201 quid
491 2156 642 2188 maxime
659 2157 696 2188 in
713 2156 848 2200 agendo
871 2157 1008 2196 deceat,
1036 2156 1073 2188 in
1100 2157 1177 2189 soro

195 2208 400 2242 discendum
418 2214 467 2241 est
491 2206 699 2240 imitatione.
754 2206 924 2239 Videmus
948 2215 1080 2240 veteres
1102 2219 1177 2239 ma-

194 2259 286 2292 xime
308 2257 556 2291 verecundiam
582 2257 619 2288 in
643 2258 778 2300 agendo
805 2258 981 2300 probasse.
1039 2257 1178 2291 Laudat

196 2310 288 2342 enim
306 2306 474 2342 Eschines
492 2306 679 2348 Solonem,
707 2309 798 2352 quod
818 2308 911 2341 inter
927 2309 1114 2341 dicendum
1133 2321 1177 2341 ne

196 2360 337 2404 quidem
362 2370 486 2391 manus
511 2365 606 2392 extra
630 2358 777 2402 pallium
804 2360 1009 2402 protulerit,
1044 2359 1178 2401 signifi-

197 2421 278 2443 cans
293 2410 444 2442 sedatam
461 2409 677 2453 minimeque
693 2409 901 2443 concitatam
913 2411 1087 2444 actionem
1104 2422 1177 2442 ma-

196 2460 288 2493 xime
305 2460 437 2492 decere.

300 2544 512 2577 Discrimen
539 2543 762 2578 dialecticae
790 2550 829 2579 et
852 2544 1076 2579 rhetoricae.

298 2609 414 2642 Tanta
431 2615 481 2641 est
498 2609 698 2643 dialecticae
722 2618 754 2644 et
779 2609 976 2644 rhetoricae
1003 2611 1178 2654 cognatio,

667 1902 713 1937 Et
739 1905 774 1936 in
799 1901 855 1936 his
880 1905 992 1938 tribus
1019 1905 1178 1948 partibus
1200 1901 1202 1954 l

1224 189 1466 223 inventionem
1483 200 1521 222 ac
1543 188 1809 232 dispositionem
1827 200 2047 223 communem
2064 190 2206 234 utrique

1225 240 1291 272 arti
1311 246 1435 283 putant
1455 251 1542 280 esse,
1566 240 1645 272 ideo
1669 239 1706 271 in
1723 239 1913 272 dialecticis
1928 241 2017 272 tradi
2039 241 2131 273 locos
2147 240 2206 271 in-

1225 291 1481 323 veniendorum
1520 297 1826 333 argumentorum,
1875 289 2003 333 quibus
2047 288 2206 323 rhetores

1225 341 1328 373 etiam
1364 341 1416 374 uti
1445 341 1569 374 solent.
1631 339 1761 373 Verum
1793 338 1859 372 hoc
1885 340 2051 373 interesse
2074 340 2208 380 dicunt,

1225 392 1319 435 quod
1353 391 1534 424 dialectica
1561 402 1615 423 res
1643 392 1754 423 nudas
1779 390 1956 434 proponit.
2016 388 2207 423 Rhetorica

1226 453 1308 473 vero
1326 442 1425 474 addit
1441 442 1675 474 elocutionem
1695 441 1793 486 quasi
1810 441 1982 475 vestitum.
2037 439 2114 472 Hoc
2137 441 2207 473 dis-

1226 492 1358 524 crimen
1384 492 1447 524 etsi
1472 492 1638 525 nonnulli
1672 489 1956 535 reprehendunt,
1996 502 2058 533 ego
2092 497 2208 523 tamen

1227 553 1299 574 non
1327 542 1493 584 repudio,
1512 543 1609 586 *quia
1638 548 1671 575 et
1695 543 1736 574 ad
1764 549 1902 586 captum
1935 541 2210 574 adolescentium

1227 591 1328 631 facit,
1358 599 1392 625 et
1421 594 1595 632 ostendit,
1637 593 1721 636 quid
1752 578 1926 626 rhetori-ca
1951 592 2100 624 maxime
2124 603 2209 634 pro-

1227 641 1344 685 prium
1364 640 1502 680 habeat,
1528 642 1691 675 videlicet
1710 643 1955 682 elocutionem,
1972 655 1989 675 a
2009 654 2075 686 qua
2096 642 2210 685 ipsum

1228 689 1420 725 rhetorices
1438 704 1567 725 nomen
1587 693 1716 725 factum
1735 700 1794 727 est.
1848 692 1898 726 Ac
1915 694 1943 725 si
1964 693 2042 737 quis
2069 692 2210 725 subtili-

1228 750 1281 776 ter
1300 743 1532 783 existimabit,
1560 743 1730 785 intelliget
1747 741 1813 775 hoc
1829 744 2018 776 discrimen
2038 751 2129 776 recte
2147 744 2210 775 (le-

1228 794 1325 826 fendi
1342 805 1453 838 posse.
1507 793 1544 827 Si
1561 793 1655 826 enim
1671 791 1845 826 rhetorica
1870 805 1941 826 non
1971 801 2106 827 tantum
2132 804 2212 825 ver-

1229 851 1324 878 satur
1342 845 1431 877 circa
1449 845 1604 877 forenses
1624 850 1656 877 et
1680 844 1853 877 suasorias
1877 844 2061 884 materias,
2089 844 2149 876 sed
2174 843 2211 875 in

1229 906 1353 938 genere
1370 895 1459 928 circa
1477 906 1599 927 omnes
1616 895 1790 935 materias,
1815 895 1858 927 de
1876 894 2005 938 quibus
2023 895 2211 926 dicendum

1230 953 1297 986 est,
1332 946 1432 978 nullo
1460 947 1565 978 modo
1589 945 1719 989 poterit
1742 946 1785 978 ab
1810 956 1849 977 ea
1871 945 1994 977 divelli
2019 944 2214 983 dialectica,

1230 1008 1317 1041 quae
1339 1003 1391 1029 est
1407 996 1496 1029 ratio
1514 997 1663 1040 perfecte
1679 995 1840 1029 docendi.
1890 994 2000 1039 Saepe
2020 995 2114 1028 enim
2132 1005 2212 1027 ora-

1229 1053 1284 1079 tor
1302 1053 1420 1079 utetur
1437 1044 1501 1079 hac
1517 1047 1572 1079 via
1590 1047 1627 1078 in
1645 1047 1817 1087 docendo,
1841 1052 1881 1079 ut
1897 1044 2020 1079 Cicero
2040 1046 2076 1078 in
2096 1045 2211 1088 primo

1230 1094 1460 1137 Officiorum‚
1506 1103 1539 1130 et
1573 1097 1610 1129 in
1645 1097 1724 1130 aliis
1752 1096 1874 1130 multis
1902 1096 2215 1140 disputationibus,

1229 1154 1411 1191 praecepta
1428 1147 1608 1180 dialectica
1628 1148 1785 1193 sequitur
1802 1148 1838 1179 in
1856 1148 2035 1187 docendo,
2063 1154 2096 1179 et
2114 1146 2214 1179 addit

1230 1198 1465 1231 elocutionem
1486 1211 1525 1230 ex
1541 1195 1725 1232 rhetorica.
1778 1197 1826 1231 Et
1842 1197 1971 1230 nostris
1993 1197 2213 1241 temporibus

1230 1249 1323 1281 idem
1347 1249 1481 1282 faciunt
1497 1247 1660 1282 homines
1677 1249 1806 1282 eruditi
1823 1255 1856 1282 et
1874 1247 2026 1292 copiosi,
2053 1259 2131 1280 cum
2151 1248 2215 1280 do-

1230 1307 1308 1333 cent
1326 1297 1488 1333 homines
1507 1301 1549 1333 de
1564 1300 1745 1343 religione.

1331 1372 1475 1406 Veteres
1493 1373 1540 1405 ita
1569 1372 1833 1415 discernebant,
1862 1369 2056 1405 rhetoricae
2080 1372 2213 1405 tribue-

1228 1424 1315 1458 bant
1342 1423 1498 1456 forenses
1523 1429 1555 1456 et
1584 1423 1757 1455 suasorias
1787 1422 1968 1462 materias,
2010 1422 2213 1455 dialecticae

1229 1486 1311 1507 vero
1338 1486 1459 1506 omnes
1484 1473 1706 1518 quaestiones
1731 1472 1839 1514 alias,
1885 1473 1927 1505 de
1961 1473 2091 1516 quibus
2119 1480 2213 1506 certa

1229 1525 1381 1569 quadam
1398 1521 1565 1557 methodo
1581 1530 1614 1556 et
1629 1524 1765 1557 ratione
1781 1523 1932 1556 docendi
1945 1529 2027 1556 sunt
2041 1520 2213 1556 homines.

1230 1574 1328 1608 quta
1347 1571 1413 1607 hoc
1432 1574 1622 1607 discrimen
1642 1574 1804 1618 proprius
1833 1573 2033 1606 dialecticae
2057 1573 2137 1606 finis
2163 1580 2214 1607 est

1228 1626 1370 1665 docere,
1398 1622 1594 1657 rhetoricae
1610 1631 1726 1657 autem
1746 1636 1952 1668 permovere
1967 1630 2070 1669 atque
2087 1624 2213 1668 impel-

1227 1676 1298 1708 lere
1324 1675 1480 1716 animos‚
1515 1682 1547 1709 et
1571 1676 1614 1708 ad
1639 1675 1814 1708 adfectum
1844 1674 1997 1720 aliquem
2019 1676 2216 1715 traducere,

1227 1733 1267 1760 ut
1284 1738 1363 1759 cum
1381 1727 1425 1758 de
1445 1732 1569 1759 natura
1594 1725 1736 1759 virtutis
1761 1725 1998 1769 disputamus,
2032 1725 2213 1759 dialectica

1227 1777 1442 1810 consulenda
1461 1776 1545 1817 erit,
1570 1788 1658 1821 quae
1675 1777 1760 1821 quid
1779 1777 1824 1810 sit
1840 1776 1969 1817 virtus,
1997 1782 2029 1810 et
2047 1787 2133 1822 quas
2149 1775 2214 1810 ha-

1227 1829 1305 1861 beat
1321 1839 1459 1867 causas,
1486 1834 1620 1871 partes,
1649 1827 1810 1870 effectus,
1835 1828 2006 1861 ostendat.
2042 1826 2132 1860 Cum
2148 1839 2212 1860 au-

1227 1886 1296 1912 tem
1315 1879 1358 1911 ad
1385 1879 1550 1911 virtutem
1575 1878 1758 1911 colendam
1784 1875 1946 1911 homines
1970 1875 2213 1921 adhprtamur‚

1226 1929 1294 1962 loci
1327 1926 1493 1961 rhetorici
1525 1929 1695 1973 sequendi
1729 1935 1844 1963 erunt.
1902 1926 1993 1961 Cum
2015 1929 2060 1961 de
2084 1935 2212 1962 natura

1227 1979 1463 2024 poenitentiae
1481 1979 1650 2019 dicimus,
1676 1990 1825 2023 cumque
1851 1979 2017 2011 docemus
2039 1976 2233 2019 homines„

1227 2030 1311 2075 quid
1327 2029 1372 2062 sit
1388 2029 1622 2073 poenitentia,
1649 2041 1734 2074 quas
1752 2026 1878 2063 habeat
1901 2035 2015 2073 partes
2027 2056 2035 2070 ‚
2063 2029 2213 2075 sequen-

1226 2082 1269 2114 da
1287 2087 1391 2113 erunt
1408 2087 1589 2124 praecepta
1605 2080 1812 2112 dialectices.
1865 2077 2079 2113 Adhortatio
2095 2087 2214 2115 autem

1226 2133 1270 2165 ad
1284 2131 1555 2175 poenitentiam,
1581 2128 1727 2164 adhibet
1743 2131 1837 2164 locos
1853 2128 2058 2166 rhetoricos.

1329 2206 1396 2241 Sed
1414 2207 1496 2252 quia
1513 2206 1649 2239 ratione
1668 2207 1819 2240 docendi
1836 2204 1994 2241 rhetores
2015 2219 2088 2240 non
2112 2214 2211 2251 pote-

1226 2265 1307 2291 rant
1329 2270 1462 2298 carere,
1504 2258 1708 2301 praesertim
1742 2257 1779 2290 in
1811 2258 1967 2291 materiis
1998 2258 2210 2298 forensibus,

1228 2310 1306 2342 ideo
1339 2309 1544 2341 dialecticen
1578 2308 1683 2341 etiam
1713 2308 1978 2342 admiscuerunt
2007 2320 2070 2342 suo
2100 2308 2209 2352 operi.

1226 2359 1316 2393 Nam
1338 2359 1513 2392 finitivum
1537 2365 1683 2399 statum,
1709 2371 1812 2404 quem
1837 2359 1875 2391 in
1893 2359 2118 2392 iudicialibus
2136 2370 2210 2391 ma-

1227 2410 1323 2443 teriis
1339 2416 1539 2450 recensent,
1565 2421 1584 2442 a
1609 2409 1801 2443 dialecticis
1825 2416 1949 2443 mutuo
1973 2414 2210 2453 sumpserunt.

1228 2459 1261 2493 Is
1284 2467 1393 2494 status
1416 2467 1466 2493 est
1495 2461 1584 2494 ratio
1614 2460 1858 2494 informandae
1886 2457 2061 2499 methodi,
2103 2471 2209 2505 quam

1228 2511 1335 2544 tradit
1360 2509 1567 2544 Aristoteles
1593 2511 1631 2543 in
1656 2509 1898 2548 ἇναλυτικοῖς.
1949 2508 2146 2544 Accersunt
2168 2523 2209 2543 ex

1201 2535 1204 2586 l
1228 2562 1407 2594 dialectica
1430 2569 1463 2595 et
1486 2562 1635 2594 formam
1661 2562 1960 2606 syllogismorum,
1986 2567 2019 2594 et
2042 2561 2209 2606 pleraque

1202 2596 1205 2672 l
1228 2612 1296 2644 alia
1314 2619 1506 2656 praecepta.

1558 2612 1609 2646 Ita
1625 2613 1777 2645 admixta
1799 2611 1979 2644 dialectica
2002 2609 2208 2652 rhetoricae,

197 2660 254 2693 vix
271 2666 311 2694 ut
325 2658 514 2693 discrimen
528 2657 737 2703 reprehendi
756 2662 875 2705 possit.
908 2661 1064 2704 Quidam
1080 2661 1174 2695 enim
1202 2674 1205 2699 ι
1228 2675 1300 2696 non
1317 2670 1428 2707 potest
1444 2664 1488 2697 ab
1505 2674 1543 2696 ea
1564 2673 1708 2707 prorsus
1730 2662 1868 2703 divelli,
1896 2662 1999 2696 etiam
2024 2674 2103 2696 cum
2124 2659 2206 2695 rhe-
