2379 2948
186 124 261 161 515

191 222 291 244 verso
316 209 451 253 positu,
480 207 574 252 quod
597 206 640 239 ad
658 204 725 237 loci
750 205 983 238 mutationem
1010 205 1180 249 pertinet,

193 268 232 295 ut
249 260 335 304 ligni
351 259 509 303 partibus
525 257 626 290 aliter
641 254 763 299 positis
779 255 817 289 fit
833 262 959 290 statua.

295 325 444 360 Erudita
471 321 641 356 sententia
668 328 759 354 extat
780 323 873 366 apud
891 321 1115 355 Aristotelem
1143 321 1179 352 in

195 379 298 412 tertio
315 374 541 412 Ethicorum,
570 372 633 405 ubi
657 383 777 405 causas
801 373 1003 416 praecipuas
1021 372 1179 405 omnium

199 440 317 462 rerum
349 432 380 457 et
412 423 589 456 actionum
619 422 786 463 recitans,
822 423 870 456 sic
904 435 959 456 eas
983 421 1180 455 distribuit:

196 478 377 513 Naturam,
393 473 653 516 Necessitatem,
682 472 888 513 Fortunam,
904 473 1074 506 Mentem.
1109 471 1182 504 Has

199 527 299 572 ponit
315 524 443 569 species
461 534 643 557 causarum
662 523 900 558 efficientium.
936 523 1049 566 Supra
1066 528 1180 555 autem

201 576 397 621 expositum
412 581 474 614 est,
503 573 589 618 quid
606 581 765 607 naturam
786 574 903 607 vocari
919 579 1088 617 oporteat,
1118 572 1184 604 sci-

201 629 303 670 licet,
331 624 562 659 substantiam
591 635 629 656 ex
657 625 801 657 materia
826 631 859 658 et
881 625 993 657 forma
1020 629 1184 656 constan-

201 685 294 720 tem,
321 688 382 709 sua
402 675 436 707 vi
452 675 671 718 gignentem,
701 682 761 708 aut
778 681 993 708 moventem:
1028 680 1066 706 ut
1094 672 1184 715 ignis

202 740 275 761 non
293 726 436 760 aliunde
456 725 562 758 sumit
581 725 652 757 vim
671 725 913 764 calefaciendi,
943 725 1001 756 sed
1022 724 1184 757 substan-

202 780 251 812 tia
277 785 327 811 est
352 787 454 809 causa
477 775 622 815 caloris,
656 787 726 819 quo
757 775 923 808 calefacit.
976 773 1027 807 Ita
1060 780 1184 806 natura

201 828 344 873 proprie
360 828 403 859 de
421 826 615 859 substantia
633 826 783 866 dicitur,
809 825 995 858 constituta
1014 837 1053 858 ex
1075 830 1184 857 mate-

202 880 252 912 ria
272 885 304 912 et
324 878 449 911 forma.

303 943 441 978 Deinde
458 949 557 976 vocat
580 943 819 975 necessitatem
839 943 999 975 ordinem
1023 948 1184 975 motuum

203 995 424 1029 coelestium:
453 1000 492 1026 ut
513 1004 613 1026 causa
635 993 887 1026 vicissitudinis
903 993 1039 1025 dierum
1064 1000 1095 1025 et
1119 1004 1185 1024 no-

203 1046 330 1085 ctium,
358 1043 678 1089 aequinoctiorum,
701 1050 732 1075 et
749 1043 979 1076 solstitiorum
998 1050 1048 1075 est
1066 1053 1185 1075 neces-

203 1097 304 1134 sitas,
332 1095 369 1127 id
386 1101 453 1134 est,
481 1100 641 1126 aeternus
663 1094 750 1125 ordo
769 1099 929 1125 motuum
947 1093 1160 1126 coelestium.

303 1161 458 1201 Deinde,
492 1161 633 1193 fortuna
659 1166 707 1193 est
724 1171 825 1193 causa
851 1172 911 1203 per
936 1161 1117 1199 accidens,
1143 1160 1186 1192 de

202 1224 270 1258 qua
288 1212 404 1245 statim
421 1211 512 1243 iufra
530 1211 696 1243 dicemus.
749 1210 927 1254 Significat
945 1219 1060 1244 autem
1078 1210 1186 1243 actio-

202 1275 283 1296 nem
302 1263 339 1294 in
364 1269 486 1304 agente
511 1261 694 1300 rationali,
721 1261 776 1294 cui
793 1261 918 1294 accidit
939 1261 1071 1305 aliquid
1093 1261 1187 1299 boni,

203 1321 261 1347 aut
278 1312 375 1352 mali,
402 1312 495 1356 quod
514 1323 587 1343 non
606 1311 806 1354 praevisum
820 1317 880 1350 est,
908 1318 945 1344 ut
963 1312 1070 1343 fossio
1086 1322 1186 1344 causa

204 1371 253 1396 est
271 1374 333 1406 per
353 1363 531 1401 accidens,
558 1361 696 1393 inventi
713 1358 878 1394 thesauri.
930 1360 998 1393 Hic
1015 1367 1075 1394 aut
1089 1361 1187 1393 nulla

205 1423 307 1446 causa
339 1411 534 1455 praecedit,
568 1417 606 1443 ut
639 1408 849 1454 Philosophi
880 1411 1096 1455 loquuntur,
1128 1417 1187 1443 aut

205 1470 296 1497 certe
317 1462 435 1505 ignota
455 1461 594 1494 iudiciis
612 1459 787 1495 humanis.
838 1458 1022 1504 Expositio
1039 1459 1186 1494 Romuli

204 1524 307 1547 causa
330 1518 379 1545 est
403 1523 465 1555 per
491 1511 652 1544 accidens
683 1511 888 1544 nutritionis
915 1511 1025 1544 factae
1049 1524 1066 1543 a
1094 1512 1187 1552 lupa.

205 1563 275 1598 Sed
294 1563 490 1596 doctrinam
510 1562 552 1594 de
573 1561 683 1594 causis
699 1573 761 1604 per
781 1561 940 1594 accidens
953 1588 961 1600 ,
994 1568 1111 1606 postea
1130 1573 1187 1593 ex—

205 1624 397 1657 ponemus,
424 1612 487 1645 ubi
511 1612 611 1644 etiam
629 1612 999 1648 commemorabimus,
1028 1623 1134 1656 quare
1151 1612 1189 1644 iu

205 1660 429 1708 philosophia
448 1662 587 1695 recitari
603 1673 658 1694 eas
675 1673 811 1694 necesse
829 1662 883 1694 sit.

306 1728 465 1762 Mentem
490 1726 556 1760 hoc
590 1728 668 1760 loco
690 1734 791 1761 vocat
815 1726 1022 1761 Aristoteles
1057 1735 1187 1771 partem

204 1779 417 1813 iudicantem
446 1785 478 1811 et
511 1778 738 1812 voluntatem.
780 1777 862 1810 Ideo
881 1779 973 1810 euim
991 1779 1041 1811 ibi
1059 1780 1189 1812 discer-

205 1830 259 1862 nit
276 1841 404 1867 causaS,
433 1840 516 1873 quas
533 1828 701 1867 recensui,
720 1834 757 1861 ut
774 1830 934 1861 ostendat
951 1829 1091 1862 virtutis
1107 1841 1189 1862 cau-

208 1892 281 1913 sam
309 1891 397 1919 esse,
425 1891 498 1911 non
522 1885 701 1917 naturam,
728 1890 802 1911 uon
824 1879 1080 1917 necessitatem,
1116 1891 1187 1912 non

206 1931 404 1968 fortunam,
440 1929 498 1961 sed
525 1935 677 1961 mentem
703 1935 734 1961 et
760 1930 993 1962 voluntatem:
1028 1937 1065 1962 ut
1087 1930 1188 1963 iusti-

208 1981 281 2013 ciae
308 1980 345 2011 in
361 1978 517 2012 Aristide
538 1978 613 2011 vult
637 1990 773 2010 causam
798 1990 887 2018 esse,
920 1992 993 2011 non
1016 1987 1188 2023 tempera-

206 2036 378 2069 mentum,
396 2029 488 2073 quod
507 2035 556 2061 est
573 2040 612 2060 ex
628 2029 771 2060 materia
791 2035 823 2061 et
840 2029 949 2061 forma
962 2056 970 2068 ,
999 2042 1061 2062 nec
1078 2031 1186 2073 legem

206 2080 359 2125 aliquam
384 2079 546 2116 fatalem,
580 2085 618 2111 ut
643 2077 753 2111 Stoici
776 2079 973 2120 fingebant,
1008 2079 1188 2114 Aristiden

206 2131 275 2163 fato
302 2130 433 2162 iustum
465 2140 555 2168 esse,
595 2127 791 2171 Harpalum
822 2130 893 2162 fato
924 2140 996 2161 esse
1025 2130 1189 2172 furacem,

206 2192 268 2213 nec
293 2180 471 2213 fortunam
490 2190 561 2212 esse
576 2190 713 2211 causam
732 2179 872 2211 virtutis
885 2206 893 2217 ,
921 2186 959 2212 ut
978 2180 1101 2223 vulgus
1125 2193 1187 2224 pu-

206 2237 273 2267 tat,
302 2241 363 2263 suo
388 2231 539 2274 quodam
567 2229 718 2272 impetu,
746 2240 817 2261 non
843 2229 1094 2263 deliberatione
1116 2232 1188 2264 for—

205 2287 274 2312 tem
296 2291 366 2313 esse
384 2280 635 2313 Alexandrum.

308 2345 364 2379 Ab
382 2344 436 2379 his
454 2347 565 2379 causis
583 2346 749 2378 discernit
766 2352 929 2386 mentem,
958 2346 992 2378 id
1012 2354 1078 2387 est,
1107 2346 1189 2394 ἦγε-

207 2394 361 2438 μονικόν
379 2397 416 2429 in
433 2395 596 2435 homine,
624 2396 785 2429 videlicet
803 2396 971 2428 iudicium
984 2423 993 2436 ,
1021 2408 1081 2430 seu
1101 2399 1187 2431 deli-

207 2447 421 2479 berationem
450 2454 481 2480 et
514 2447 729 2479 voluntatem
770 2447 1069 2489 obtemperantem
1094 2456 1187 2482 recto

206 2496 356 2535 iudicio,
383 2508 470 2540 quae
499 2503 579 2529 sunt
597 2497 805 2540 principales
824 2508 944 2530 causae
961 2495 1186 2532 honestarum

207 2553 398 2580 actionume

434 120 641 159 SCRIPTA
669 119 744 156 PH.
772 115 889 153 MEL.
917 115 985 152 AD
1009 116 1136 154 HIST.
1161 117 1305 156 PROF.
1334 116 1401 153 ET
1429 116 1620 154 PHILOS.
1648 116 1967 156 SPECTANTIA.

2150 121 2222 156 316

1511 204 1571 238 De
1598 207 1722 238 causis
1746 201 1934 250 finalibus.

1333 270 1480 304 Necesse
1512 277 1562 304 est
1596 271 1811 304 considerari
1856 271 1979 304 finium
2007 272 2223 310 discrimina,

1234 321 1315 366 quia
1331 332 1431 365 saepe
1445 321 1637 354 bonitatem
1652 321 1801 355 actionis
1816 328 1927 354 mutat
1941 321 2032 357 finis.
2067 321 2114 356 Ut
2128 323 2218 356 alius

1235 371 1345 405 amico
1362 372 1577 415 gratificatur
1593 372 1804 415 captatione,
1828 372 1918 404 alius
1933 371 2070 404 liberali
2087 373 2219 410 animo,

1235 422 1271 455 id
1290 428 1358 462 est,
1385 422 1525 454 virtutis
1542 433 1663 462 causa,
1689 434 1750 455 seu
1767 421 1899 455 officio:
1927 429 1966 455 ut
1990 419 2074 454 haec
2089 422 2219 455 finibus

1235 472 1414 512 differunt,
1430 468 1544 506 νόσον
1559 471 1659 516 ἔχεις,
1684 469 1824 518 χαίρεις
1839 468 1978 515 διδούς,
2006 472 2123 516 inquit
2133 469 2220 516 Epi-

1237 520 1416 562 charmus,
1442 522 1543 556 letari
1567 524 1707 563 dando,
1728 524 1893 556 morbum
1919 534 2001 555 esse.
2055 522 2123 555 Sed
2142 534 2222 555 cum

1237 570 1304 605 hoc
1324 572 1416 605 dicto
1441 583 1597 615 pugnare
1620 573 1760 606 videtur
1784 573 1957 606 sententia
1972 572 2091 605 Pauli:
2118 571 2221 605 Hila-

1237 634 1310 655 rem
1331 623 1486 655 datorem
1504 622 1620 664 diligit
1639 621 1748 658 Deus.
1785 622 1881 656 Haec
1897 623 2028 656 finibus
2043 622 2223 662 differunt,

1238 672 1382 705 morbus
1406 679 1455 705 est
1478 673 1597 704 dando
1619 672 1739 710 letari,
1767 673 1916 711 scilicet,
1943 674 2148 718 profusione
2171 673 2222 705 le-

1238 723 1316 756 tari.
1372 722 1438 755 Sed
1463 722 1572 766 pietas
1589 729 1658 762 est,
1685 723 1800 755 officio
1818 723 1928 758 letari.
1981 722 2149 767 Exempla
2163 723 2221 755 in-

1238 772 1472 806 numerabilia
1499 772 1600 805 offert
1631 773 1838 817 quotidiana
1863 773 1944 806 vita.
2001 773 2147 806 Necesse
2172 780 2224 806 est

1238 824 1346 866 igitur
1367 826 1411 856 de
1443 822 1643 856 differentia
1670 823 1794 856 finium
1819 823 1995 857 studiosos
2021 834 2223 857 commone-

1238 874 1325 908 fieri.

1340 922 1508 967 Duplices
1523 930 1639 956 autem
1657 931 1739 957 sunt
1753 922 1853 959 fines.
1887 922 1962 957 Alii
1980 930 2224 966 congruentes»,

1240 986 1300 1007 seu
1317 974 1484 1016 legitimi,
1510 981 1548 1007 ut
1570 975 1696 1007 ducere
1711 975 1895 1017 coniugem
1912 975 2149 1018 procreandae
2163 985 2224 1006 so-

1240 1025 1331 1057 bolis
1349 1035 1462 1057 causa.
1507 1024 1581 1057 Alii
1597 1025 1797 1058 aberrantes
1813 1037 1874 1058 seu
1890 1036 1963 1058 non
1981 1030 2223 1067 congruentes,

1240 1082 1279 1108 ut
1310 1075 1436 1108 ducere
1461 1074 1644 1116 coniugem
1667 1082 1811 1119 propter
1840 1086 2002 1118 magnam
2029 1074 2223 1118 pecuniam.

1240 1125 1331 1159 Sunt
1358 1131 1472 1157 autem
1502 1132 1751 1167 congruentes,
1785 1127 1828 1158 ad
1853 1137 1939 1170 quos
1963 1136 2017 1158 res
2045 1132 2103 1157 aut
2132 1124 2221 1157 actio

1241 1187 1322 1208 vere
1346 1175 1506 1207 ordinata
1530 1183 1595 1208 est:
1635 1182 1673 1208 ut
1704 1174 1799 1208 Ruta
1826 1176 1988 1208 ordinata
2013 1182 2083 1211 est,
2114 1181 2155 1208 ut
2178 1174 2223 1207 sit

1241 1225 1535 1259 medicamentum
1568 1237 1774 1268 corporum,
1809 1237 1882 1258 non
1906 1232 1945 1258 ut
1972 1224 2078 1268 pellat
2102 1224 2224 1257 incan-

1241 1277 1402 1310 tationes.

1341 1324 1388 1358 Et
1406 1323 1444 1357 hi
1461 1325 1544 1358 fines
1566 1332 1796 1367 congruentes
1817 1326 1972 1368 duplices
1990 1332 2083 1359 sunt.
2123 1323 2224 1358 Unus

1241 1376 1367 1419 aliquis
1385 1382 1434 1407 est
1452 1375 1655 1418 principalis
1672 1382 1705 1408 et
1723 1375 1885 1415 ultimus,
1913 1387 2017 1420 quem
2035 1386 2114 1408 cum
2131 1386 2223 1407 asse-

1242 1426 1313 1458 cuti
1332 1436 1470 1461 sumus,
1495 1425 1765 1469 acquiescimus,
1791 1437 1854 1458 nec
1870 1426 2063 1469 expetimus
2079 1425 2224 1468 insuper

1242 1476 1350 1508 alium
1377 1475 1499 1507 finem:
1535 1482 1574 1508 ut
1601 1475 1687 1507 belli
1710 1475 1789 1507 finis
1813 1475 1959 1509 ultimus
1974 1483 2042 1516 est,
2068 1487 2134 1518 pax
2159 1473 2225 1507 ho-

1242 1533 1338 1559 nesta
1375 1532 1407 1558 et
1439 1525 1550 1559 firma.
1602 1525 1671 1558 Sed
1703 1525 1783 1557 finis
1814 1526 1950 1559 medius
1982 1533 2031 1559 est
2066 1525 2224 1559 victoria.

1241 1575 1323 1609 Non
1353 1575 1447 1608 enim
1472 1582 1608 1608 tantum
1633 1575 1764 1618 geritur
1785 1576 1939 1616 bellum,
1968 1583 2005 1609 ut
2031 1576 2223 1612 vincamus,

1241 1627 1301 1659 sed
1318 1633 1356 1659 ut
1373 1626 1472 1658 victis
1484 1623 1656 1663 hostibus,
1679 1632 1797 1669 postea
1812 1632 1886 1659 tuto
1904 1627 2045 1659 educari
2059 1634 2091 1659 et
2107 1626 2224 1659 erudi-

1242 1677 1273 1709 ri
1293 1676 1395 1709 liberi
1412 1676 1522 1708 nostri
1540 1676 1683 1719 possint,
1710 1682 1743 1708 et
1760 1673 1906 1710 honeste
1922 1677 1995 1720 regi
2011 1676 2208 1720 disciplina.

1343 1724 1413 1759 Nec
1431 1726 1583 1758 difficilis
1605 1733 1654 1758 est
1671 1726 1877 1759 diiudicatio
1897 1727 1990 1760 inter
2014 1727 2100 1759 fines
2124 1727 2225 1770 prin-

1243 1777 1370 1821 cipales
1398 1784 1431 1809 et
1455 1776 1572 1808 minus
1596 1776 1817 1820 principales.
1870 1776 1940 1810 Sed
1956 1777 2073 1810 minus
2092 1777 2225 1820 princi—

1244 1828 1337 1871 pales
1354 1826 1576 1859 discernendi
1592 1833 1684 1860 sunt.
1739 1827 1810 1860 Alii
1827 1834 1910 1860 sunt
1927 1827 2158 1866 subordinati,
2184 1834 2224 1860 ut

1243 1877 1484 1922 principaliter
1506 1883 1596 1909 recte
1628 1876 1828 1909 faciendum
1855 1885 1905 1910 est
1930 1884 2072 1921 propter
2096 1876 2224 1916 Deum,

1243 1928 1370 1961 deinde
1395 1927 1498 1960 etiam
1522 1934 1661 1959 nostrae
1683 1927 1948 1971 tranquillitatis
1971 1939 2091 1964 causa,
2119 1927 2222 1960 tertio

1243 1986 1276 2012 et
1310 1984 1452 2022 propter
1485 1977 1634 2009 aliorum
1670 1977 1972 2021 tranquillitatem.
2036 1977 2088 2010 lta
2123 1989 2223 2021 saepe

1243 2029 1348 2062 unius
1362 2028 1423 2066 rei,
1443 2027 1497 2059 vel
1514 2027 1662 2059 actionis
1678 2027 1779 2060 multi
1797 2027 1882 2059 fines
1895 2034 1977 2060 sunt
1992 2028 2117 2060 ordine
2134 2039 2224 2072 quo·

1242 2081 1323 2111 dam
1341 2077 1546 2111 comitantes
1563 2077 1804 2120 principalem,
1832 2084 1891 2110 aut
1906 2079 2161 2118 antecedentes,
2184 2085 2223 2111 ut

1243 2129 1388 2162 victoria
1407 2139 1525 2170 pacem
1541 2128 1725 2160 antecedit.

1345 2177 1419 2211 Alii
1435 2183 1516 2210 sunt
1533 2189 1605 2210 non
1623 2177 1861 2216 subordinati,
1882 2177 1940 2209 sed
1957 2188 2098 2221 quoquo
2118 2178 2222 2210 modo

1243 2235 1509 2267 concurrentes,
1535 2234 1574 2260 ut
1593 2240 1670 2261 cum
1688 2227 1898 2267 ambulatio,
1926 2237 1986 2259 seu
2002 2235 2105 2270 potus
2121 2239 2222 2271 expe-

1243 2280 1330 2313 titur
1344 2278 1501 2311 sanitatis
1517 2289 1636 2318 causa,
1663 2278 1768 2312 simul
1785 2284 1875 2310 recte
1898 2284 2011 2321 potest
2032 2278 2143 2321 expeti
2160 2289 2221 2309 vo-

1244 2330 1386 2373 luptatis
1402 2340 1513 2361 causa.

1366 2423 1441 2455 De
1470 2422 1665 2454 causis
1697 2431 1788 2464 per
1817 2419 2094 2454 accidens.

1425 2495 1523 2536 Quid
1546 2499 1601 2529 est
1621 2505 1735 2528 causa
1754 2506 1821 2539 per
1838 2492 2042 2528 accidens?

1343 2562 1455 2595 Causa
1481 2574 1542 2606 per
1564 2562 1723 2594 accidens
1751 2569 1819 2601 est,
1860 2573 1927 2605 qua
1946 2561 2056 2604 posita
2076 2561 2113 2593 in
2132 2567 2223 2600 actu,

1213 2635 1215 2664 l
1242 2624 1314 2645 non
1337 2625 1472 2646 necesse
1499 2620 1547 2646 est
1569 2612 1666 2656 sequi
1690 2612 1867 2650 effectum,
1891 2612 1950 2644 sed
1974 2611 2150 2644 interdum
2169 2622 2223 2643 se·

1212 2664 1363 2707 {quitur
1397 2670 1540 2707 propter
1575 2662 1685 2696 aliud.

1745 2660 1840 2694 Haec
1875 2662 2127 2705 qualiscunque
2161 2662 2223 2693 de-
