2379 2948
151 92 168 125 1
176 90 249 127 329

145 188 220 210 ram
239 176 431 221 quotannis
451 183 580 210 certam
600 176 784 221 pecuniam
798 203 806 217 ,
834 184 872 210 ut
889 187 992 220 saepe
1013 176 1147 210 reditus

145 240 163 261 a
191 228 396 262 civitatibus
422 235 602 263 emuntur.
662 227 842 261 Probatur
867 228 911 261 ab
936 228 1085 261 eruditis
1113 234 1147 261 et

145 277 230 312 haec
255 280 372 315 emtio.
426 278 515 313 Nam
543 277 601 312 hic
626 291 768 324 quoque
792 285 874 312 sunt
899 279 1144 313 substantialia

145 331 322 366 emtionis.
376 328 479 363 Merx
506 330 639 364 scilicet
672 330 726 363 ius
757 330 848 363 illud
872 331 983 363 annui
1008 331 1143 365 reditus

145 382 322 424 capiendi.
376 380 463 414 Item
489 382 646 425 precium
675 388 708 415 et
725 393 926 416 consensus.
979 380 1143 427 Cumque

143 433 198 465 ius
221 433 408 466 fundatum
440 444 512 465 esse
541 432 579 464 in
610 432 731 477 aliquo
765 444 912 476 corpore
934 433 1078 473 debeat,
1104 433 1142 465 in

142 481 210 516 hoc
229 495 333 526 casu,
363 483 416 516 ius
434 483 624 516 fundatum
643 493 694 516 est
711 483 747 515 in
768 483 944 516 universis
961 484 1075 525 bonis,
1102 491 1141 517 ut

141 534 170 567 si
199 535 237 567 in
264 546 348 578 agro
377 534 528 568 alicuius
556 541 647 568 emta
677 541 766 568 esset
795 535 964 576 servitus,
992 535 1059 569 iter
1082 542 1142 569 aut

141 592 248 619 actus.

244 642 309 678 Est
328 644 437 687 igitur
453 651 485 678 et
506 644 543 677 in
560 641 627 677 hoc
653 657 735 678 casu
752 657 832 677 vera
859 645 985 683 ennio,
1013 646 1072 677 sed
1097 646 1142 678 il-

141 697 201 730 lud
223 696 418 729 videndum
439 703 507 737 est,
536 702 576 729 ut
593 707 673 729 vere
690 696 864 729 referatur
881 704 1080 729 contractus
1096 697 1138 729 ad

139 748 234 781 bona
259 747 354 794 ipsa,
388 758 462 780 non
494 749 536 780 ad
568 759 753 791 personas,
790 745 858 781 hoc
885 754 952 788 est,
980 755 1019 781 ut
1045 748 1138 781 bona

138 799 276 843 possint
292 798 467 832 sustinere
483 799 517 832 id
542 811 652 839 onus,
680 805 713 831 et
740 811 818 832 cum
835 805 1015 832 attenuata
1033 799 1139 832 susti-

138 862 224 883 nere
256 861 330 882 non
367 856 556 893 poterunt,
590 862 655 898 pro
688 850 919 895 proportione
944 850 986 883 de
1019 851 1135 884 reditu

139 907 276 946 partem
292 900 463 934 remittas.

240 960 345 1004 Quod
364 968 481 995 autem
500 959 558 994 hic
576 961 699 995 tertius
717 973 815 995 casus
839 961 883 995 sit
901 961 1007 994 emtio
1020 988 1028 1002 ‚
1051 973 1136 994 con-

139 1013 256 1046 firmat
273 1009 356 1045 haec
374 1013 476 1046 ratio.
531 1011 688 1046 Maxime
704 1012 888 1056 proprium
913 1019 963 1046 est
979 1012 1139 1053 emtioni,

138 1070 309 1097 emtorem
325 1076 398 1097 non
418 1061 549 1098 habere
564 1064 619 1097 ius
637 1064 820 1108 repetendi
839 1064 958 1108 precii.
1012 1063 1052 1097 In
1069 1061 1135 1096 hoc

139 1127 222 1149 casu
247 1122 361 1149 emtor
385 1127 528 1159 prorsus
554 1115 685 1149 amittit
719 1115 773 1148 ius
802 1114 984 1159 repetendi
1017 1115 1137 1158 precii.

137 1165 285 1200 Necesse
310 1174 359 1200 est
387 1167 496 1210 igitur
520 1166 675 1200 vicissim
701 1167 848 1213 aliquod
883 1167 937 1199 ius
967 1173 1136 1211 tanquam

139 1229 291 1251 mercem
311 1218 346 1250 in
367 1230 445 1251 eum
466 1218 677 1252 translatum
706 1229 788 1251 esse.
843 1217 915 1250 Nec
941 1224 1055 1261 potest
1080 1215 1137 1250 hic

137 1276 340 1303 contractus
366 1281 439 1303 esse
463 1269 658 1310 mutuatio,
688 1269 771 1314 quia
788 1270 876 1302 dans
899 1275 1023 1301 mutuo
1050 1268 1135 1302 reti-

137 1328 197 1354 net
215 1321 270 1355 ius
287 1321 470 1365 repetendi
493 1320 620 1354 mutui.

238 1389 287 1423 Hi
313 1396 534 1430 contractus,
562 1401 651 1434 quos
675 1390 742 1421 iam
764 1389 940 1429 recensui,
966 1397 1047 1422 sunt
1072 1390 1135 1422 ad-

136 1443 283 1475 modum
303 1441 435 1474 usitati.
490 1440 612 1483 Quare
627 1441 770 1484 prodest
787 1453 847 1479 eo,
875 1441 934 1485 qui
955 1441 991 1472 in
1010 1439 1133 1473 Eccle—

137 1494 196 1527 siis
224 1494 371 1532 docent,
413 1492 598 1524 admoneri
630 1504 719 1536 quae
758 1493 892 1524 formae
927 1492 1134 1536 probandae

136 1546 218 1578 sint.
272 1542 318 1577 Et
336 1542 421 1576 haec
438 1543 596 1586 exempla
615 1543 806 1576 discrimen
828 1545 1019 1576 ostendunt
1041 1544 1133 1575 inter

136 1596 311 1630 emtiones
341 1602 374 1627 et
407 1594 658 1627 mutuationes.
723 1593 786 1628 Est
817 1594 909 1626 enim
947 1594 1133 1634 mutuatio,

136 1660 215 1680 cum
240 1658 314 1679 non
340 1646 468 1679 emitur
494 1645 612 1691 aliqua
639 1657 756 1685 merx,
792 1646 850 1678 sed
882 1644 1029 1688 pecunia
1061 1645 1136 1677 sine

134 1710 248 1732 merce
264 1698 487 1737 transfertur,
512 1704 551 1730 ut
570 1697 780 1729 tantundem
800 1696 968 1740 pecuniae
987 1696 1135 1739 recipia-

135 1758 207 1784 tur.
261 1747 330 1782 Hic
352 1755 552 1782 contractus
576 1749 681 1781 debet
707 1760 778 1780 esse
797 1747 987 1790 gratuitus,
1015 1747 1135 1779 reddi—

135 1809 192 1835 tur
208 1801 302 1834 enim
322 1801 546 1833 tantundem.
602 1799 720 1842 Quare
747 1799 774 1831 si
802 1799 953 1842 amplius
981 1800 1135 1839 daretur,

135 1854 204 1885 iam
230 1852 337 1885 fuerit
364 1851 617 1896 inaequalitaS,
652 1858 684 1883 et
708 1851 905 1883 lucraretur
935 1851 1022 1881 dans
1054 1862 1132 1881 mn-

135 1912 217 1944 tuo,
246 1915 325 1937 cum
354 1903 444 1936 alter
467 1899 559 1935 nihil
584 1902 764 1946 reciperet.
819 1901 907 1934 Tale
932 1901 1071 1934 lucrum
1096 1901 1131 1933 in

134 1962 276 1995 mutuo⁷
305 1954 400 1999 quod
419 1954 550 1997 petitur
568 1961 715 2001 propter
738 1953 849 2000 ipsam
875 1953 1131 1985 mutuationem

134 2018 240 2050 supra
259 2013 408 2045 sortem,
436 2012 486 2038 est
505 2005 648 2049 proprie
672 2017 792 2038 usura.
846 2003 1001 2048 Ideoque
1026 2016 1133 2036 usura

135 2056 298 2091 exhaurit
313 2057 495 2090 facultates
511 2057 661 2095 alienas,
691 2056 772 2102 quia
792 2056 820 2088 is
837 2056 898 2101 qni
921 2055 1025 2089 solvit
1049 2067 1133 2088 usu-

134 2122 232 2150 ram,
261 2106 353 2141 nihil
377 2108 511 2152 recipit.
566 2107 646 2140 Non
674 2114 787 2152 potest
807 2114 924 2141 autem
952 2118 1024 2139 esse
1052 2119 1131 2151 per-

136 2168 239 2206 petua
257 2159 544 2200 communicatio,
571 2160 632 2192 ubi
651 2167 701 2193 est
716 2159 963 2204 inaequalitas,
992 2159 1049 2191 sed
1072 2171 1132 2191 ne-

135 2224 228 2246 cesse
248 2218 298 2245 est
314 2210 459 2243 alteram
480 2218 613 2254 partem
633 2208 824 2244 exhauriri.
876 2207 1049 2243 Prohibet
1067 2210 1134 2252 igi-

135 2271 193 2297 tur
216 2262 312 2296 Deus
336 2273 498 2301 usuram,
534 2262 623 2295 sicut
646 2263 739 2295 furta
765 2269 825 2295 ant
852 2261 1013 2305 rapinas,
1048 2262 1131 2306 qnia

135 2316 226 2349 sicut
260 2312 345 2347 haec
377 2313 563 2346 continent
600 2313 910 2359 inaequalitatem,
941 2319 973 2345 et
999 2310 1131 2345 exhau-

136 2367 236 2400 riunt
260 2365 392 2397 alienas
417 2364 618 2408 facultates,
646 2365 694 2398 sic
719 2377 824 2398 usura
854 2364 1011 2397 continet
1037 2365 1133 2397 inae-

137 2417 363 2463 qualitatem,
392 2422 425 2448 et
448 2422 497 2449 est
521 2413 652 2449 hirudo
677 2417 790 2450 multo
809 2415 1042 2460 perniciosior
1062 2417 1134 2459 pri-

135 2476 296 2502 vatarum
326 2474 357 2501 et
389 2467 613 2511 publicarum
637 2468 866 2509 facultatum,
910 2479 1016 2512 quam
1056 2479 1133 2501 cae—

138 2528 211 2554 tera
233 2520 339 2553 furta.

230 2585 326 2620 Haec
343 2587 386 2619 de
403 2587 520 2620 usuris
539 2586 693 2620 breviter
711 2587 834 2628 adieci,
851 2593 890 2621 ut
905 2586 1054 2621 studiosi
1072 2587 1135 2619 ad-

138 2638 269 2672 moniti
285 2650 357 2672 uno
377 2645 480 2682 atque
504 2637 615 2671 altero
636 2639 795 2682 exemplo
812 2639 984 2672 eruditius
1003 2638 1135 2671 discer-

138 2702 224 2724 nere
244 2689 381 2734 possint
397 2695 616 2730 contractus,
641 2696 675 2723 et
690 2689 801 2724 sciant
819 2702 897 2723 vere
915 2690 1136 2724 damnandas

192 2744 369 2774 MELANTH.
393 2743 497 2775 OPER.
523 2742 605 2773 Vox„
624 2742 717 2775 XIII.

757 89 818 124 IX.
873 86 1240 124 COMMENTARH
1269 86 1319 121 IN
1346 86 1591 124 PSALMOS.

2094 101 2189 135 1330

1197 186 1269 207 esse
1288 186 1430 215 usuras,
1458 183 1490 209 et
1506 174 1764 219 prohibendam
1783 181 2007 224 rapacitatem
2025 186 2187 220 foenera-

1197 232 1334 266 torum,
1370 238 1459 271 quae
1490 224 1556 260 hoc
1589 235 1747 273 tempore
1774 232 1914 274 crescit,
1949 242 1980 268 et
2011 245 2187 279 grassatur

1197 277 1336 321 turpius
1353 285 1385 310 et
1403 278 1573 317 atrocius,
1602 292 1706 325 qnam
1724 284 1816 326 apud
1834 281 2019 322 Ethnicos.

1298 328 1454 362 Pertinet
1480 336 1595 363 autem
1621 333 1664 363 ad
1691 333 1844 367 officium
1878 347 2020 379 eorum,
2057 341 2118 384 qui
2148 341 2184 373 in

1194 377 1348 413 Ecclesia
1374 380 1520 420 docent,
1556 389 1592 415 ut
1628 379 1694 416 hoc
1719 393 1897 427 peccatum
1923 387 2185 433 reprehendant

1195 439 1228 465 et
1250 432 1440 471 damnent,
1468 438 1498 464 et
1526 429 1713 467 hortentur
1731 438 1963 480 magistratum,
1989 448 2026 474 ut
2047 442 2184 485 legibus

1194 489 1226 515 et
1245 483 1366 526 poenis
1386 480 1475 515 hanc
1492 484 1714 526 rapacitatem
1736 486 1957 531 prohibeant,
1975 505 2079 536 quam
2090 493 2187 528 Deus

1193 541 1225 567 et
1243 534 1394 567 aeternis
1420 534 1602 578 suppliciis
1627 544 1659 569 et
1682 539 1861 572 interdum
1884 543 2018 585 magnis
2041 546 2186 578 calami-

1194 586 1326 619 tatibus
1342 585 1378 617 in
1398 582 1462 617 hac
1480 585 1548 618 vita
1570 588 1682 629 punit.
1710 589 1862 624 Athenis
1878 598 1911 624 et
1931 592 2067 628 Romae
2083 609 2184 641 saepe

1195 637 1402 679 magnitudo
1432 637 1590 669 foenoris
1621 645 1654 672 et
1686 640 1949 675 foeneratorum
1983 648 2185 689 crudelitas,

1193 688 1357 722 excitavit
1383 687 1574 721 seditiones
1601 695 1633 722 et
1656 690 1772 724 civilia
1790 693 1899 734 bella,
1927 707 2015 739 quae
2041 698 2186 733 fuerunt

1193 751 1326 781 poenae
1346 751 1424 773 cum
1443 739 1594 772 aliorum
1612 741 1801 783 vitiorum,
1829 750 1903 777 tum
1928 746 2030 780 etiam
2052 751 2186 794 rapaci-

1193 791 1274 824 tatis
1291 797 1322 824 et
1339 801 1540 824 usurarum.

1295 840 1362 875 Hic
1378 842 1482 874 etiam
1501 841 1623 887 quaeri
1639 843 1740 884 solet,
1767 842 1825 878 An
1845 856 1991 890 peccent
2008 861 2079 883 non
2097 852 2187 885 dan-

1192 900 1242 927 tes
1260 899 1406 933 mutuo,
1434 905 1513 926 cum
1531 899 1649 927 tamen
1668 895 1832 929 videatur
1856 909 1928 931 esse
1951 900 2106 935 officium
2130 904 2187 937 in-

1191 944 1362 978 debitum.
1417 942 1651 989 Respondeo,
1688 947 1731 979 de
1764 944 1819 980 his
1849 949 1972 983 officiis
2004 951 2185 996 indebitis,

1191 996 1233 1028 de
1251 995 1488 1036 mutuatione,
1515 997 1742 1036 venditione,
1766 998 1850 1032 item
1874 1001 1917 1033 de
1943 1002 2188 1051 eleemosynis,

1191 1048 1343 1080 tenenda
1360 1053 1410 1080 est
1426 1047 1546 1089 regula
1566 1046 1685 1081 Pauli:
1713 1048 1766 1082 Ne
1790 1050 1856 1084 tibi
1880 1052 1924 1085 sit
1946 1054 2129 1090 tribulatio
2155 1066 2187 1093 et

1191 1098 1342 1131 aliorum
1364 1098 1480 1132 alatur
1496 1099 1648 1142 ignavia,
1666 1107 1726 1134 aut
1743 1101 1860 1136 luxus.
1898 1102 1978 1137 Non
1996 1115 2113 1150 peccat
2132 1121 2187 1142 re-

1191 1161 1318 1182 cusans
1341 1150 1424 1183 dare
1447 1157 1572 1184 mutuo
1598 1148 1653 1184 his
1667 1178 1676 1193 ,
1701 1152 1760 1197 qui
1779 1160 1903 1196 petunt
1924 1163 2017 1189 extra
2035 1161 2187 1193 necessi-

1191 1207 1295 1234 tatem
1329 1201 1571 1245 probabilem,
1609 1203 1698 1236 sicut
1732 1203 1892 1249 plerique
1925 1209 1967 1239 ad
1997 1208 2119 1243 luxum
2153 1219 2185 1246 et

1191 1252 1414 1295 profusiones
1437 1259 1581 1296 petunt:
1609 1254 1666 1286 sed
1687 1262 1802 1298 peccat
1820 1268 1984 1291 recusans
2006 1260 2089 1294 dare
2106 1275 2186 1296 mu-

1189 1310 1249 1336 tuo
1276 1301 1350 1344 his,
1389 1303 1450 1349 qui
1475 1311 1601 1348 petunt
1631 1305 1668 1337 in
1695 1307 1916 1348 necessitate,
1954 1322 2044 1355 quae
2081 1310 2187 1348 habet

1190 1355 1412 1398 probabilem
1430 1367 1581 1389 causam.

1294 1405 1393 1440 Idem
1427 1406 1653 1440 sentiendum
1689 1415 1739 1441 est
1772 1409 1815 1441 de
1847 1411 2056 1446 venditione
2085 1422 2117 1449 et
2143 1417 2187 1450 de

1190 1457 1443 1502 eleemosynis,
1473 1464 1511 1490 ut
1537 1457 1563 1490 si
1582 1458 1661 1502 quis
1679 1459 1772 1492 nolit
1789 1467 1914 1494 mutuo
1934 1463 2016 1496 dare
2035 1462 2186 1501 honesto

1189 1508 1434 1551 patrifamilias
1459 1519 1541 1540 vere
1565 1510 1699 1551 egenti,
1728 1517 1790 1544 aut
1810 1513 1983 1546 sacerdoti
2012 1515 2132 1561 inopi,
2157 1520 2185 1552 si

1190 1560 1299 1602 possit
1316 1559 1396 1593 illos
1416 1560 1538 1592 iuvare
1557 1561 1632 1593 sine
1655 1573 1801 1594 suorum
1819 1563 1949 1597 iniuria
1968 1573 2001 1599 et
2020 1575 2185 1610 egestate:

1188 1611 1216 1643 is
1251 1607 1345 1643 haud
1382 1611 1490 1643 dubie
1528 1618 1656 1653 peccat.
1731 1611 1827 1646 Haec
1865 1616 1984 1658 regula
2034 1621 2188 1654 traditur

1191 1662 1221 1695 1.
1242 1661 1332 1694 loant
1349 1663 1400 1696 2:
1429 1661 1501 1704 Qui
1519 1659 1624 1695 habet
1643 1663 1835 1706 facultates,
1866 1673 1896 1700 et
1915 1679 1986 1700 non
2004 1669 2063 1703 dat
2081 1683 2186 1715 egen-

1188 1713 1212 1745 ti
1226 1738 1234 1750 ‚
1265 1714 1445 1757 quomodo
1464 1720 1581 1746 manet
1600 1714 1742 1747 dilectio
1761 1713 1861 1763 [Dei]
1881 1718 1916 1750 in
1934 1718 1999 1753 eo?

1298 1762 1351 1797 Ac
1382 1765 1528 1797 modum
1566 1762 1672 1798 huius
1705 1766 1928 1801 liberalitatis
1962 1773 2184 1815 probabilem

1189 1816 1395 1859 praescribit
1423 1815 1615 1854 Salomon,
1651 1829 1728 1849 cum
1756 1818 1820 1851 ait:
1863 1818 1994 1855 Fontes
2014 1824 2064 1856 tui
2090 1826 2185 1859 deri-

1189 1874 1317 1900 ventur
1342 1868 1454 1907 foras,
1492 1874 1523 1900 et
1550 1873 1587 1899 tu
1610 1867 1789 1902 Dominus
1815 1882 1937 1904 corum
1959 1882 2119 1917 maneto,
2147 1878 2182 1910 id

1189 1925 1257 1956 est,
1285 1916 1381 1951 Deus
1398 1930 1470 1950 non
1490 1918 1583 1951 tollit
1599 1920 1832 1965 proprietates
1851 1929 1883 1955 et
1900 1924 2058 1959 dominia
2071 1952 2078 1965 ‚
2109 1941 2183 1962 non

1189 1970 1263 2002 vult
1283 1969 1448 2012 dissipari
1467 1967 1700 2003 haereditates
1725 1983 1783 2005 seu
1804 1976 2042 2016 possessiones
2060 1978 2183 2026 singu-

1188 2021 1317 2054 lorum.
1372 2020 1465 2063 Quia
1484 2021 1624 2064 expedit
1643 2022 1782 2066 reipub.
1800 2024 1892 2057 cives
1918 2024 2048 2061 habere
2069 2038 2181 2065 certos

1187 2073 1328 2105 sundos-
1383 2072 1567 2115 sicigitur
1584 2073 1700 2105 danda
1722 2081 1772 2108 est
1790 2075 2030 2123 eleemosyna,
2057 2093 2101 2114 ne
2123 2095 2181 2116 ex-

1187 2124 1329 2156 cutiaris
1355 2136 1394 2156 ex
1419 2124 1553 2162 fundo,
1583 2121 1648 2157 hoc
1670 2132 1740 2165 est,
1776 2134 1812 2159 ut
1841 2128 2004 2173 princeps
2031 2133 2181 2168 retineat

1187 2187 1289 2209 suum
1305 2175 1564 2220 principatum,
1595 2182 1631 2208 ut
1650 2177 1902 2219 paterfamilias
1928 2182 2077 2216 retineat
2101 2196 2182 2218 suos

1187 2238 1307 2270 agros,
1334 2238 1412 2259 suas
1431 2228 1542 2259 aedes.
1590 2225 1674 2259 Ideo
1694 2228 1826 2273 inquit:
1853 2229 1908 2262 Tu
1928 2229 2103 2268 Dominus
2123 2248 2182 2269 eo-

1188 2291 1266 2311 rum
1288 2285 1439 2311 maneto.
1495 2278 1564 2311 Sed
1580 2277 1714 2318 fontes,
1744 2280 1880 2324 inquit,
1907 2282 1999 2317 foras
2017 2285 2181 2320 deriven-

1187 2337 1262 2370 tur,
1292 2330 1325 2362 id
1343 2326 1412 2369 est,
1442 2330 1485 2362 de
1510 2329 1684 2362 fructibus
1713 2330 1989 2374 impertiendum
2017 2343 2067 2369 est
2091 2338 2182 2375 aliis.

1188 2381 1237 2414 lta
1258 2382 1375 2419 iubet,
1404 2392 1467 2413 nos
1484 2382 1636 2413 retinere
1653 2382 1779 2422 fontes,
1807 2389 1839 2415 et
1858 2390 1974 2418 tamen
1992 2386 2075 2421 inde
2094 2390 2183 2423 edu—

1188 2444 1263 2466 cere
1283 2433 1418 2465 rivulos
1437 2439 1469 2465 et
1488 2432 1670 2474 egentibus
1688 2433 1880 2477 impertire.

1240 2515 1494 2550 Administrat
1512 2517 1663 2562 negocia
1679 2530 1750 2551 sna
1771 2517 1874 2554 iuste.

1291 2583 1427 2619 Usitata
1454 2585 1638 2618 translatio
1664 2586 1798 2630 inquit,
1826 2587 1986 2632 disponit
2006 2601 2185 2629 sermones

1190 2649 1270 2671 suos
1290 2637 1326 2669 in
1344 2637 1488 2671 iudicio.
1516 2635 1552 2670 Id
1576 2634 1726 2670 Ebraica
1749 2635 1868 2682 phrasi
1885 2639 2059 2683 significat
2076 2645 2182 2688 idem,

1191 2690 1286 2734 quod
1313 2688 1535 2722 administrat
1560 2688 1705 2730 negocia
1726 2701 1787 2723 sua
1805 2690 1905 2726 iuste.

1623 2738 1671 2773 84

1961 2691 2056 2727 Haec
2076 2695 2185 2731 inter-
