2379 2948
160 126 233 161 555

160 212 227 243 bus
245 215 305 242 aut
321 206 457 241 naturis
475 218 548 239 non
567 204 680 236 dicam
693 229 702 243 ,
728 199 814 235 haec
837 202 904 235 tria
927 209 1026 236 sunt:
1051 201 1150 247 ἕξεις,

161 257 355 304 δυνάμεις,
383 255 443 292 καῖ
461 253 578 299 πάθη.

162 312 273 355 signia
291 309 348 343 hic
368 310 404 341 in
422 305 706 351 praedicamento
735 304 934 349 qualitatis,
962 306 1088 338 ordine
1114 305 1150 337 in

161 371 231 396 tres
249 361 436 395 distributa
456 357 587 402 species
607 362 844 397 recensentur,
871 363 902 389 et
925 356 1060 390 erudite
1079 357 1150 389 dis·
1177 371 1178 385 ;

163 418 367 446 cernuntur.

356 497 450 536 Quot
468 497 559 528 sunt
574 495 718 537 species
733 491 958 538 qualitatis?

263 560 444 603 Quatuor:
473 561 639 602 Habitus,
667 561 852 594 Potentiae
869 559 1058 600 naturales,
1086 558 1151 592 As-
1178 564 1179 568 ’

160 614 286 653 fectus,
314 611 476 656 Figurae.

468 696 565 739 Quid
583 701 640 731 est
656 694 842 730 Habitus?

262 765 434 806 Habitus,
473 764 608 798 Graece
633 762 720 803 ἕξις,
755 769 805 796 est
832 762 982 807 qualitas
1007 773 1150 806 compa-

161 824 234 850 rata
252 829 291 849 ex
309 817 439 849 crebris
457 815 658 848 actionibus
676 815 713 846 in
735 811 954 854 homiuibus,
971 825 1039 858 qua
1057 820 1149 846 recte

160 875 195 901 et
220 868 321 900 facile
346 865 507 899 homines
533 866 668 898 efficere
693 865 771 897 illas
802 865 958 898 actiones
992 871 1150 908 possunt,

160 931 248 964 quae
273 930 292 950 a
318 930 380 951 suo
407 915 532 951 habitu
558 917 802 960 gubernantur
826 923 858 949 et
882 915 1070 957 iuvantur,
1100 923 1150 954 ut,

158 970 197 1002 in
212 969 306 1002 Luca
326 969 460 1013 pictore
487 980 542 1001 ars
570 967 739 1010 pingendi
763 973 813 1000 est
835 964 997 1006 habitus,
1024 967 1150 1000 didicit

160 1021 304 1064 pingere
322 1019 455 1059 Lucas,
483 1025 516 1052 et
533 1026 718 1063 postquam
736 1030 860 1051 manus
881 1018 1070 1051 assuefacta
1089 1025 1150 1058 est,

395 118 603 156 SCRIPTA
633 117 707 152 PH.
736 113 850 150 MEL.
880 114 944 151 AD
972 115 1102 150 HlST.
1130 115 1274 155 PROF.
1303 116 1369 153 ET
1394 117 1590 154 PHILOS.
1618 116 1940 156 SPECTANTIA.

2112 122 2188 159 536

1176 207 1179 238 l
1204 201 1346 238 habitus
1371 205 1408 238 in
1435 216 1474 238 eo
1500 205 1612 238 factus
1635 212 1686 239 est
1713 206 1894 239 ardentior
1918 213 1951 240 et
1975 207 2129 249 firmior,
2157 215 2190 242 et

630 253 729 287 Haec
745 253 812 287 tria
830 264 957 296 genera
972 254 1075 287 valde
1094 255 1150 286 in-
1177 262 1179 266 ⁴

1205 255 1310 289 altius
1330 257 1367 288 in
1383 257 1477 301 ipsos
1498 268 1637 295 nervos,
1665 257 1762 301 quib.
1781 263 1952 299 reguntur
1969 269 2101 300 sensus,
2128 271 2188 303 pe-

1205 308 1369 343 netravit.
1411 306 1585 348 Econtra‚
1611 308 1672 340 ubi
1691 309 1818 341 desunt
1833 308 2010 341 naturales
2028 309 2190 354 impetuS,

1206 358 1271 391 etsi
1288 364 1469 404 utcunque
1485 359 1662 392 assuefieri
1680 358 1762 392 talia
1781 358 1922 402 ingenia
1947 367 2112 402 possunt,
2137 367 2190 394 ta-

1206 421 1287 442 men
1303 407 1444 443 habitus
1461 410 1654 454 imperfecti
1674 411 1782 450 fiunt,
1809 415 1865 450 ut,
1892 406 2080 442 Choerilus
2102 423 2192 455 quo-

1205 471 1275 504 quo
1292 461 1399 493 modo
1415 460 1497 494 facit
1515 472 1646 500 versus,
1664 463 1721 495 sed
1740 472 1813 493 non
1831 460 1950 506 fundjt
1963 460 2072 493 simili
2085 462 2192 494 uber-

1205 516 1275 544 tate
1298 518 1332 545 et
1353 512 1543 553 suavitate,
1579 521 1618 547 ut
1640 512 1830 546 Homerus.
1885 511 1970 544 ldeo
2003 511 2093 545 dixit
2116 506 2192 545 Ho-

1205 561 1332 595 ratius:

1362 613 1439 640 Tum
1455 612 1526 640 nihil
1544 612 1634 640 invita
1649 612 1727 641 dices
1743 612 1872 641 faciesve
1888 613 2033 641 Minerva.

1308 663 1413 698 Unde
1428 664 1473 697 sit
1490 671 1606 698 autem
1627 665 1851 707 ingeniorum
1869 665 2137 706 dissimilitudo,
2162 672 2195 700 et

1177 742 1178 745 ,
1205 714 1301 746 unde
1317 715 1387 748 sint
1404 715 1535 748 diversi
1552 715 1589 747 in
1608 722 1733 749 natura
1750 716 1911 761 impetus,
1938 716 2195 762 inquirendum

1176 999 1177 1002 =
1204 977 1398 1012 accidentia
1423 992 1486 1025 per
1516 980 1670 1013 subiecta
1704 980 1912 1013 discernere.

158 1071 298 1104 facilius
318 1077 351 1103 et
369 1070 497 1103 certius
517 1070 632 1113 pingit
648 1082 703 1102 eas
720 1069 848 1108 lineas,
874 1080 960 1113 quas
978 1080 1076 1101 mens
1093 1069 1149 1101 in-
1173 1075 1177 1082 ⁴

158 1130 278 1156 tuetur
300 1128 333 1155 et
357 1122 500 1166 pingere
525 1121 639 1161 iubet,
674 1132 779 1164 quam
805 1119 867 1152 alii
893 1120 998 1152 rudes
1026 1120 1150 1163 pinge·

158 1180 247 1209 rent.

279 1261 386 1293 Fitne
413 1257 567 1293 habitus
592 1261 632 1293 in
658 1256 823 1293 omnibus
851 1256 1026 1292 natm-is?

260 1326 362 1367 Non,
390 1328 450 1361 sed
473 1334 612 1361 tantum
640 1327 677 1359 in
706 1326 871 1360 rationali
894 1333 1040 1364 natura,
1066 1326 1149 1370 quia

157 1385 295 1412 tantum
320 1377 506 1411 rationalis
532 1384 657 1409 natura
686 1377 862 1409 assuefieri
892 1383 1018 1420 potest.

1205 771 1254 798 est
1270 765 1307 798 in
1326 763 1498 811 Physicis,

1398 859 1584 902 Quomodo
1613 859 1797 895 dividitur
1824 860 2003 895 habitus?

1306 925 1490 962 Dividitur
1506 940 1614 973 penes
1630 929 1796 962 subiecta.
1840 928 2017 962 Usitatum
2036 935 2087 962 est
2101 929 2196 962 enim

1967 979 2060 1014 Sunt
2088 980 2197 1023 igitur

1205 1029 1265 1061 alii
1284 1027 1426 1063 habitus
1442 1031 1620 1075 corporis,
1649 1031 1709 1063 alii
1735 1031 1885 1066 animae.
1938 1029 2093 1065 Habitus
2116 1042 2195 1065 cor-

1206 1081 1320 1124 poris,
1347 1088 1387 1115 ut
1404 1082 1629 1125 palaestrica,
1655 1082 1852 1122 saltatoria,
1880 1082 2099 1118 iaculatoria,

1306 1138 1459 1174 Habitus
1478 1140 1616 1173 animae
1635 1140 1793 1183 duplices
1811 1147 1903 1173 suut.
1939 1140 2014 1173 Alii
2033 1148 2115 1175 sunt
2131 1139 2195 1174 ha—

1175 1208 1177 1219 :
1204 1190 1300 1223 bitus
1317 1191 1538 1232 intellectus,
1566 1191 1627 1223 alii
1644 1191 1849 1225 voluntatis,
1888 1190 1957 1224 Hic
1973 1191 2196 1236 ingredimur

1205 1243 1579 1276 commemorationem
1607 1242 1737 1275 artium
1763 1249 1797 1275 et
1819 1242 2008 1277 virtutum.
2071 1242 2195 1277 Genus

1175 1304 1177 1320 ἐ
1204 1299 1319 1326 autem
1338 1291 1526 1328 habituum
1546 1293 1745 1327 intellectus
1762 1300 1909 1327 vocatur
1924 1293 2076 1330 Noticia.

1078 1377 1149 1409 Nec

157 1429 255 1462 cerni
272 1429 402 1468 oculis,
428 1440 492 1461 nec
509 1428 625 1460 verbis
646 1427 727 1460 satis
745 1428 873 1470 exponi
899 1434 1030 1470 potest,
1059 1438 1148 1471 quae
1175 1426 1176 1429 ¹

158 1492 212 1513 res
230 1481 274 1513 sit
290 1477 454 1519 habitus,
481 1480 541 1512 sed
557 1479 694 1521 agilitas
711 1479 881 1522 quaedam
899 1485 960 1511 est.
989 1477 1035 1511 Ut
1054 1478 1147 1510 enim
1175 1498 1176 1510 1
1204 1505 1400 1538 recordatio
1427 1505 1546 1539 Caroli
1574 1505 1814 1549 Imperatoris.

158 1543 235 1564 cera
253 1537 400 1564 tractata
427 1530 546 1573 digitis
569 1530 606 1563 fit
632 1529 792 1569 mollior,
813 1529 860 1561 ita
884 1530 1055 1574 quaedam
1082 1526 1148 1561 ho-

156 1582 264 1615 minis
284 1588 399 1625 partes
419 1581 508 1614 fiunt
530 1581 695 1623 agiliores
717 1585 802 1618 usu,
831 1587 864 1613 et
883 1580 982 1624 quasi
997 1580 1149 1613 facilita-

157 1640 227 1667 tem
252 1633 431 1677 quandam
461 1643 520 1664 seu
546 1632 738 1664 molliciem
764 1631 930 1664 induunt.
984 1630 1054 1663 Nec
1081 1631 1147 1663 alia

157 1696 260 1717 causa
278 1684 478 1728 quaerenda
499 1689 567 1722 est,
591 1683 659 1714 nisi
685 1682 766 1727 quia
784 1682 877 1714 Deus
903 1688 1065 1713 naturam
1092 1694 1148 1715 ra—

157 1735 327 1768 tionalem
352 1734 513 1767 condidit
539 1734 663 1774 talem,
699 1733 775 1766 vult
793 1745 867 1765 eam
889 1733 1073 1765 doctrinae
1091 1746 1147 1766 ca-

157 1797 276 1830 pacem
295 1796 385 1824 esse,
414 1791 447 1817 et
465 1797 539 1817 eam
557 1796 656 1828 posse
675 1785 716 1817 ad
737 1784 902 1817 virtutem
923 1784 1024 1817 flecti.
1058 1784 1147 1817 Nam

158 1838 200 1869 ad
218 1835 303 1869 haec
324 1837 394 1868 duo
415 1836 506 1868 bona
526 1836 713 1880 praecipue
732 1847 805 1868 eam
831 1835 1010 1873 condidit,
1039 1842 1076 1868 ut
1093 1837 1149 1868 di-
1174 1844 1175 1853 ¹

158 1895 229 1921 scat
246 1887 442 1920 doctrinam
461 1888 502 1918 de
521 1886 595 1919 Deo
615 1894 646 1920 et
667 1887 745 1919 aliis
769 1887 874 1919 rebus
899 1886 1023 1927 bonis,
1053 1894 1083 1920 et
1110 1894 1148 1921 ut

158 1939 318 1971 flectatur
336 1939 377 1969 ad
399 1938 574 1970 virtutem.

313 2022 498 2065 Quomodo
524 2022 569 2070 fit
593 2021 790 2068 perfectus
817 2023 996 2058 habitus?

262 2090 345 2124 Ideo
364 2092 400 2123 in
417 2088 483 2124 hoc
502 2091 789 2135 praedicamento
808 2092 1059 2124 discernuntur
1082 2104 1147 2135 po-

160 2142 290 2176 tentiae
308 2149 339 2175 et
359 2140 501 2175 habitus
519 2149 557 2175 ut
576 2142 744 2181 sciamus,
773 2142 867 2174 aliud
887 2155 958 2175 esse
977 2140 1148 2181 habitum,

160 2194 221 2238 qui
252 2200 370 2226 nostra
398 2194 652 2226 assuefactione
680 2199 922 2236 comparatur,
955 2201 1014 2231 ut,
1050 2194 1149 2226 saber

160 2245 285 2278 didicit
311 2245 483 2277 fabricare
509 2242 748 2287 horologium.
787 2244 894 2276 Aliud
915 2256 986 2276 esse
1004 2251 1148 2277 natura-

160 2297 228 2328 lem
255 2296 447 2339 poteutiam
462 2322 470 2335 ,
502 2307 590 2340 quae
612 2295 769 2327 nascitur
792 2307 829 2326 ea
848 2295 883 2326 in
901 2308 955 2333 re,
983 2296 1080 2328 cuius
1099 2303 1149 2329 est

161 2347 322 2390 propria,
345 2353 383 2379 ut
400 2348 556 2390 potentia
574 2343 738 2379 trahendi
758 2346 891 2378 ferrum
917 2346 953 2378 in
979 2353 1148 2388 magnete.

163 2397 229 2430 Sed
255 2404 370 2430 tamen
396 2405 521 2431 natura
549 2395 736 2430 hominum
761 2397 839 2430 talis
864 2405 930 2437 est,
957 2404 995 2429 ut
1019 2398 1085 2429 alia
1106 2399 1146 2430 ad

1447 1387 1659 1431 Quotupleoe
1682 1390 1739 1419 est
1766 1384 1948 1419 Noricia?

1307 1453 1458 1498 Duplex.
1495 1453 1576 1488 Alia
1596 1461 1645 1487 est
1663 1453 1792 1487 noticia
1810 1453 1938 1486 obiecti
1954 1453 2134 1497 simplicis,
2157 1461 2196 1488 ut

1868 1504 1950 1537 Alia
1983 1511 2033 1537 est
2064 1504 2194 1537 noticia

1174 1574 1175 1588 ;
1204 1556 1510 1599 propositionum,
1537 1556 1667 1601 quibus
1693 1555 1924 1596 assentimur,
1952 1561 2012 1588 aut
2038 1567 2112 1587 non
2139 1566 2196 1588 as—

1174 1618 1175 1634 1
1203 1607 1389 1640 sentimur.

1174 2399 1175 2403 ¹
1203 2391 1315 2422 maius
1335 2388 1492 2433 qualibet
1511 2400 1571 2421 sua
1591 2395 1699 2431 parte.

163 2447 248 2479 alias
276 2455 366 2480 artes
388 2461 447 2481 seu
471 2449 617 2481 virtutes
645 2448 749 2481 etiam
780 2461 796 2480 a
837 2455 964 2481 natura
997 2449 1147 2491 impetus
1174 2466 1175 2475 ι

163 2498 300 2542 aliquos
320 2496 456 2537 habeat,
483 2500 612 2544 quibus
630 2500 784 2533 excitatis
801 2500 917 2532 studio
937 2506 969 2532 et
987 2500 1146 2533 doctrina

163 2549 266 2582 citius
283 2549 450 2591 arripitur
469 2548 621 2589 habitus,
648 2558 687 2584 ut
703 2563 780 2584 cum
801 2550 836 2582 in
855 2550 1023 2595 Iosquino
1042 2557 1146 2583 natu-

163 2600 253 2633 rales
268 2600 309 2631 ad
330 2598 502 2632 Musicam
520 2601 671 2644 impetus
686 2609 816 2640 essent,
846 2602 982 2635 avidius
999 2602 1147 2646 arripie-

162 2652 221 2683 bat
241 2648 463 2690 harmonias,
491 2657 523 2684 et
539 2652 755 2686 diiudicabat
774 2654 920 2693 rectius,
949 2666 1052 2698 quam
1073 2654 1144 2687 alii.

162 2700 301 2735 Deinde
327 2713 405 2735 cum
432 2714 486 2735 ars
510 2703 693 2744 accedere,
730 2704 855 2738 didicit
885 2705 1032 2738 facilius.

1173 2487 1175 2500 l

1173 2522 1174 2532 i

1172 2533 1174 2548 l

1093 2703 1144 2738 Ita
1170 2698 1172 2701 V

1444 1606 1525 1640 Alia
1552 1608 1647 1639 enim
1671 1606 1800 1639 noticia
1826 1613 1918 1639 certa
1946 1613 2016 1646 est,
2044 1606 2111 1639 alia
2136 1606 2195 1638 in-

1203 1664 1307 1692 certa.
1361 1657 1413 1690 Ac
1445 1658 1575 1691 noticia
1611 1658 1741 1690 incerta
1767 1657 1899 1690 dicitur
1922 1655 2079 1701 Opinio,
2115 1669 2193 1690 cum

1203 1709 1367 1742 videlicet
1386 1709 1539 1752 agnitam
1558 1708 1836 1753 propositionem
1856 1720 1929 1741 non
1947 1708 2194 1751 amplectimur

1203 1760 1302 1792 firma
1321 1760 1533 1793 assensione.
1569 1759 1636 1793 Sed
1656 1759 1822 1803 languide
1837 1765 1972 1803 partem
1988 1771 2096 1792 unam
2119 1771 2194 1792 ma-

1203 1811 1254 1854 gis
1272 1811 1492 1855 probabilem
1513 1822 1584 1844 esse
1602 1811 1851 1844 existimamus.

1444 1906 1548 1945 Quae
1577 1908 1634 1938 est
1661 1908 1761 1937 certa
1788 1901 1956 1937 noticia?

1307 1970 1402 2004 Haec
1428 1972 1560 2016 species
1578 1969 1683 2004 habet
1711 1969 1887 2003 Noticiam
1916 1970 2191 2014 principiorum:

1203 2023 1413 2059 Scientiam,
1443 2023 1584 2064 Artem,
1612 2021 1859 2061 Prudentiam,
1887 2020 2023 2056 Fidem,

1307 2081 1446 2115 Noticia
1462 2082 1719 2126 principiorum
1737 2088 1798 2121 est,
1812 2092 1999 2124 agnoscere
2016 2081 2190 2126 principia

1203 2135 1280 2167 luce
1305 2134 1432 2166 mentis
1455 2133 1640 2166 nobiscum
1663 2139 1764 2172 nata,
1800 2138 1833 2164 et
1860 2132 1961 2164 firmo
1986 2144 2127 2166 assensu
2153 2145 2191 2167 ea

1203 2185 1386 2229 amplecti,
1427 2184 1581 2217 naturali
1611 2182 1764 2226 iudicio,
1808 2183 1884 2215 sine
1914 2183 2192 2225 confirmatione,

1203 2243 1241 2269 ut
1259 2236 1312 2269 bis
1329 2235 1351 2269 4
1369 2247 1440 2268 esse
1459 2235 1480 2268 8
1500 2235 1574 2268 sine
1592 2234 1860 2267 confirmatione
1886 2241 1980 2267 certo
2004 2235 2191 2268 constitui-

1203 2299 1291 2322 mus.
1346 2286 1395 2320 lta
1412 2284 1475 2319 has
1494 2286 1624 2330 primas
1641 2285 1900 2329 propositiones
1923 2285 2040 2318 firmas
2067 2292 2099 2319 et
2123 2285 2189 2318 im-

1204 2345 1315 2371 motas
1335 2349 1407 2370 esse
1424 2337 1577 2370 naturali
1597 2337 1731 2369 iudicio
1755 2336 1957 2369 statuimus:
1986 2335 2117 2369 Totum
2139 2342 2190 2369 est

1754 2386 1947 2429 Quodlibet
1969 2394 2019 2420 est
2036 2393 2094 2420 aut
2115 2399 2187 2420 non

1203 2449 1263 2474 est.
1316 2436 1475 2472 Aessnfra
1495 2441 1537 2472 de
1556 2439 1741 2482 principiis
1759 2438 1934 2482 copiosius
1952 2437 2098 2470 dicetur.

1304 2498 1459 2532 Scientia
1479 2505 1527 2532 est
1544 2499 1673 2531 noticia
1693 2510 1770 2530 vera
1791 2496 2076 2536 conclusionum,
2106 2498 2188 2542 qui-

1201 2551 1267 2584 bns
1282 2557 1426 2594 propter
1442 2549 1779 2582 demonstrationem
1797 2547 1945 2580 firmiter
1967 2548 2188 2590 assentimur,

1200 2609 1238 2636 ut
1256 2599 1346 2634 hanc
1365 2601 1659 2646 propositionem:
1688 2598 1834 2633 Coelum
1855 2605 1904 2631 est
1922 2598 2072 2639 finitum,
2087 2600 2185 2633 firma

1199 2653 1400 2687 assensione
1425 2649 1586 2697 'propter
1627 2649 1963 2684 demonstrationem
2006 2650 2187 2694 amplecti·

1198 2717 1231 2737 m
1236 2717 1256 2738 U
1261 2717 1289 2739 1⁸0
