2379 2948
118 105 192 141 817
560 106 622 142 IV.

115 192 246 225 siarum
271 197 303 224 et
328 189 547 233 scholarum,
576 204 666 238 quae
692 193 829 227 etiamsi
855 194 1015 226 nondum
1035 205 1110 226 ma-
1134 192 1136 195 ⁴

113 253 202 286 gnae
234 242 396 284 fuerunt,
433 251 551 277 tamen
578 244 736 277 orandus
761 251 812 277 est
835 242 948 283 Deus,
983 251 1021 277 ut
1047 256 1108 278 sua

114 294 285 327 immensa
310 295 551 329 misericordia
576 301 696 338 parcat
720 291 804 327 huic
826 294 989 328 infirmae
1009 307 1110 327 sene-

114 352 189 378 ctae
213 342 410 388 Ecclesiae,
446 358 510 379 nec
542 345 635 378 sinat
667 345 752 377 alias
784 345 973 379 atrociores
1005 347 1136 379 ‹lissi-.

114 396 278 441 pationes
296 398 406 442 sequi.

217 446 362 482 Dictum
379 455 478 482 vetus
494 453 541 480 est
560 446 724 479 Pindari:
754 444 954 481 Domestica
974 456 1109 491 angunt

115 499 270 540 animm,
297 500 412 533 aliena
432 499 556 532 leviter
574 504 754 531 curantur.
808 497 867 531 Sic
888 499 996 542 igitur
1016 499 1109 532 lere-

114 551 206 586 miac
231 551 392 595 querelae
419 550 527 592 magis
555 549 818 591 intelligentur,
854 556 886 583 et
909 551 1020 593 magis
1045 552 1109 584 ad-

116 602 234 635 ficient
257 602 394 635 animos
420 608 580 640 nostros,
609 612 688 633 cum
716 602 758 634 ad
778 608 916 634 nostras
935 609 969 635 et
988 615 1109 635 recen-

114 659 164 686 tes
182 652 395 686 calamitates
413 652 653 685 conferentur.

217 702 316 745 Quae
340 703 481 736 collatio
509 703 588 736 idco
611 702 713 736 etiam
740 703 900 737 facienda
929 711 998 745 est,
1025 705 1107 750 quia

115 754 250 799 scripsit
267 754 432 787 Ieremias
450 752 534 787 haec
553 754 716 797 lugubria
736 754 907 799 carmina,
935 767 1007 788 non
1026 768 1109 789 suae

113 812 248 839 tantum
274 805 398 845 aetati,
433 806 493 838 sed
517 803 693 838 Ecclesiae
717 812 900 838 secuturae
924 813 1002 850 post
1027 819 1106 839 enm

113 856 278 890 omnibus
313 857 543 901 temporibus.
623 855 814 901 Nunquam
848 857 917 891 fuit
949 856 1105 891 Ecclesia

112 907 187 940 sine
219 907 426 950 ingentibus
456 908 655 945 aerumnis,
691 909 749 940 sed
777 914 892 941 tamen
922 915 1106 954 postquam
1133 924 1135 939 t

111 965 195 992 tunc
229 957 397 992 Ieremiae
429 966 587 1004 tempore
622 959 721 1001 regui
755 959 868 992 forma
902 960 1014 993 deleta
1048 968 1108 1002 est,

111 1022 226 1055 neque
254 1008 338 1043 haec
360 1010 519 1055 Respub.
543 1011 647 1044 etiam
675 1010 836 1043 restituta
862 1018 930 1050 est,
961 1012 1107 1055 perinde

110 1068 229 1105 postea
255 1062 397 1102 floruit,
431 1069 471 1095 ut
496 1069 576 1095 ante
599 1061 743 1094 exilium
771 1061 956 1100 floruerat,
992 1075 1107 1108 neque

111 1113 184 1145 ulla
216 1120 294 1155 post
326 1111 461 1147 Christi
494 1113 793 1158 praedicationem
827 1113 953 1146 similis
983 1115 1105 1157 politia

111 1163 176 1196 suit
208 1162 386 1197 Ecclesiae
421 1171 495 1198 toto
528 1165 614 1197 orbe
648 1171 834 1198 terrarum.
899 1164 971 1198 Nec
1002 1163 1108 1199 habet

111 1227 206 1248 nunc
226 1213 382 1249 Ecclesia
404 1216 675 1260 promissionem
696 1222 808 1248 certae
827 1216 938 1256 sedis,
968 1224 1006 1250 ut
1024 1224 1106 1250 tunc

111 1264 248 1299 habuit.

203 1316 346 1350 ⁴Paulus
365 1324 397 1350 et
418 1315 595 1350 lohannes
614 1317 805 1360 Apostolus
825 1318 1021 1352 docuerunt
1039 1317 1105 1352 Ec-

110 1367 248 1401 clesiam
268 1368 306 1400 in
323 1365 487 1412 Epheso,
514 1380 610 1401 nunc
631 1365 723 1400 nihil
741 1375 790 1401 est
806 1366 978 1412 Ephesus.
1035 1369 1107 1403 Ta-

110 1420 155 1452 lia
181 1419 337 1462 exempla
361 1425 443 1452 sunt
462 1418 757 1457 innumerabilia,
786 1431 825 1451 ac
842 1420 963 1452 ruinas
983 1421 1105 1453 talium

109 1469 347 1504 Ecclesiarum
372 1470 477 1503 simul
501 1468 558 1503 hic
583 1470 755 1513 significat
779 1477 811 1503 et
832 1471 994 1514 deplorat
1013 1471 1106 1505 Iere-

110 1522 216 1562 mias,
245 1528 278 1554 et
297 1521 418 1554 miscet
436 1521 588 1566 querelis
606 1521 877 1554 consolationes.

213 1572 310 1607 Haec
332 1572 437 1606 initio
465 1573 649 1616 cogitanda
672 1580 754 1606 sunt
779 1573 815 1605 in
831 1573 982 1607 lectione
1000 1571 1106 1607 huius

110 1624 274 1670 querelae
302 1623 487 1664 termine,
516 1624 698 1662 videlicet,
727 1624 812 1668 quid
838 1632 869 1657 et
894 1637 957 1658 cur
978 1626 1106 1664 doleat,

111 1683 144 1710 et
187 1675 270 1721 quid
312 1675 527 1709 vaticinetur
556 1675 696 1708 suturae
728 1673 924 1716 Ecclesiae,
977 1677 1106 1709 deinde

111 1727 236 1767 etiam,
288 1739 374 1772 quas
412 1732 590 1770 proponat
629 1727 898 1760 consolationes.
971 1725 1107 1761 Omnes

111 1779 204 1811 enim
231 1790 331 1811 veras
357 1777 491 1810 doloris
516 1788 636 1810 causas
660 1777 802 1817 recitat,
843 1778 972 1811 deinde
996 1786 1027 1812 et
1047 1791 1107 1810 ve-

111 1842 166 1863 ras
199 1829 458 1862 consolationes
491 1829 627 1871 ignotas
654 1826 923 1873 Philosophiae,
960 1842 998 1863 ac
1025 1842 1107 1873 pro-
1133 1848 1134 1862 i

1133 1876 1134 1880 ’
1162 1872 1369 1914 impendent
1388 1878 1562 1905 extremae
1581 1873 1814 1914 calamitates,
1842 1883 1880 1909 ut
1897 1877 2022 1912 accidit
2038 1878 2154 1925 Asiae,

110 1881 204 1926 prias
224 1878 422 1921 Ecclesiae,
452 1880 630 1924 proponit.

212 1930 347 1976 Estque
378 1931 483 1965 lectio
518 1932 617 1964 utilis
650 1943 722 1963 non
757 1931 870 1964 solum
901 1932 937 1964 in
964 1933 1106 1976 publico
1133 1959 1134 1972 ἶ

111 1984 228 2023 luctu,
264 1984 321 2017 sed
347 1983 453 2016 ctiam
480 1983 516 2014 in
543 1982 691 2026 privatis
719 1983 926 2021 doloribus,
956 1984 1037 2028 qnia
1065 1985 1107 2016 de

113 2034 264 2078 publicis
300 2041 333 2068 et
362 2034 510 2078 privatis
541 2034 691 2067 miseriis
718 2041 748 2067 et
775 2046 895 2067 causas
921 2042 1108 2072 monstrat,

114 2092 146 2118 et
168 2086 334 2128 proponit
358 2085 619 2119 consolationes
640 2086 776 2129 ignotas
795 2083 1050 2130 Philosophiae
1069 2099 1107 2119 ac

112 2136 297 2181 patefactas
314 2137 350 2169 in
371 2135 537 2170 Ecclesia.

217 2185 279 2219 Est
304 2188 421 2233 itaque
445 2195 691 2231 argumentum
710 2185 816 2221 huius
832 2189 995 2233 querelae
1014 2188 1108 2221 Iere-

115 2239 215 2271 miae.
285 2237 412 2272 Narrat
449 2239 621 2272 excidium
655 2239 752 2271 urbis
784 2239 1040 2285 lerosolymae,
1075 2247 1107 2273 et

115 2289 380 2333 dissipationem
397 2288 570 2323 Ecclesiae
589 2290 674 2331 Dei,
703 2297 735 2323 et
754 2303 873 2324 causas
892 2291 1014 2324 recitat
1033 2291 1106 2324 veri
1134 2323 1135 2326 ,

115 2348 148 2374 et
174 2340 291 2383 magni
317 2340 471 2379 doloris„
497 2342 589 2385 quod
617 2354 688 2374 non
715 2342 852 2383 solum,
882 2349 919 2376 ut
940 2343 1017 2381 alii,
1047 2355 1106 2385 pa-

115 2393 201 2426 triae
235 2392 419 2426 interitum
454 2392 596 2431 defleat,
631 2394 688 2425 sed
717 2394 877 2438 deploret
903 2395 1018 2427 sedem
1043 2395 1107 2427 do-

115 2444 248 2477 ctrinae
271 2443 399 2481 everti,
429 2443 589 2486 dissipari
607 2441 823 2486 Ecclesiam,
848 2442 996 2479 distrahi
1020 2446 1108 2478 libe-

114 2507 173 2528 ros
200 2508 218 2529 a
246 2494 474 2539 parentibus,
504 2494 674 2538 populum
700 2507 716 2527 a
736 2496 960 2537 doctoribus,
989 2509 1006 2530 a
1026 2497 1106 2541 qui-

115 2547 183 2580 hus
207 2546 339 2580 erudiri
367 2546 535 2583 debebat,
565 2546 657 2589 quod
685 2546 800 2581 doleat
826 2548 956 2581 multos
981 2548 1017 2580 in
1044 2546 1108 2580 hac

117 2598 190 2642 ipsa
223 2597 454 2642 dissipatione
486 2596 683 2630 defecturos
715 2609 787 2631 esse
821 2610 839 2630 a
869 2600 967 2639 Deo,
1012 2600 1105 2644 quod

117 2650 282 2683 scandalo
316 2649 552 2688 excrucietur,
597 2647 678 2691 quia
712 2645 857 2682 Ethnici
889 2650 1109 2684 insultabant

117 2701 238 2741 victis,
266 2700 481 2735 obiiciebant
500 2698 639 2733 Iudaeis
660 2698 783 2732 falsam
808 2712 866 2733 eos
889 2701 931 2735 de
952 2713 1014 2734 suo
1032 2700 1108 2735 Deo

174 2754 350 2785 Menas-ra.
383 2754 485 2785 Orsa.
513 2752 594 2782 Vox..
626 2750 718 2782 ΧῙΠ.

683 104 1056 142 ARGUMENTUM
1094 107 1142 142 ΙΝ
1179 105 1418 144 THRENOS
1455 108 1715 148 IEREMIAE.

2082 121 2158 157 818

1166 193 1429 237 persuasionem
1456 193 1598 233 babere.
1651 197 1833 233 Postremo
1861 197 1956 235 hunc
1979 202 2155 247 ingentem

1164 245 1323 278 dolorem
1350 254 1524 281 auxerunt
1548 248 1643 292 ipsae
1670 262 1810 290 causae,
1835 251 1885 285 ira
1903 251 1970 286 Dei
1994 266 2058 288 nos
2075 269 2157 300 pro-

1164 303 1240 339 pter
1257 301 1377 328 nostra
1399 304 1537 339 peccata
1555 301 1741 344 oppressit.

1297 365 1354 397 Est
1379 369 1494 408 aliquid
1521 373 1636 409 magnis
1662 374 1772 402 crimen
1797 375 1896 405 abesse
1922 379 2019 407 malis.

1265 430 1305 465 ld
1332 444 1412 465 vere
1437 433 1576 468 dicitur.
1632 434 1768 471 Crescit
1793 439 1901 482 igitur
1926 442 2047 484 dolor,
2075 456 2154 479 cum

1163 494 1228 516 nos
1258 483 1353 527 ipsos
1387 484 1489 527 culpa
1520 492 1639 519 nostra
1673 490 1891 524 accersivisse
1922 493 2155 529 calamitatem

1163 534 1405 577 agnoscimus,
1434 542 1465 568 et
1485 548 1563 569 cum
1583 537 1671 570 iram
1688 534 1754 571 Dei
1772 541 1962 583 sentimus,
1990 545 2079 580 sicut
2097 545 2154 581 hic

1163 586 1308 619 dicitur:
1343 584 1494 628 Propter
1520 595 1658 630 peccata
1684 587 1943 633 Prophetarum
1970 602 2050 635 etc.‚
2093 600 2153 643 qni

1163 637 1365 670 effuderunt
1385 638 1594 683 sanguinem
1613 639 1799 676 iustorum.

1264 686 1359 721 Haec
1393 700 1472 732 pars
1498 689 1541 722 de
1565 690 1679 723 causis
1703 691 1836 725 doloris
1861 694 2014 737 primum
2039 700 2154 731 consi-

1162 739 1318 771 deranda
1350 746 1417 780 est,
1454 747 1570 783 postea
1596 748 1629 773 et
1654 742 1912 777 consolationes
1936 750 2155 790 quaerendae

1162 797 1264 831 sunt,
1298 802 1336 823 ac
1368 791 1410 823 de
1434 792 1547 824 causis
1572 792 1762 835 diligenter
1785 791 1851 827 hic
1868 795 2075 831 observetur
2098 800 2154 833 in-

1162 841 1319 883 dignatio
1338 839 1547 885 Prophetae.
1603 842 1712 876 Multi
1737 852 1836 879 erant
1860 845 1897 878 in
1917 844 1982 880 hoc
1997 848 2072 891 ipso
2092 863 2154 894 po-

1162 892 1265 935 pulo,
1301 892 1361 937 qui
1393 900 1429 925 ut
1455 891 1600 926 Etlinici
1636 895 1677 927 ad
1713 907 1851 935 casum,
1886 905 1947 931 aut
1969 900 2010 932 ad
2034 900 2154 936 fatales

1162 954 1281 977 causas
1312 944 1510 978 referebant
1543 945 1664 986 initia,
1700 946 1914 981 incrementa
1945 956 1978 983 et
2005 951 2154 987 inclina-

1162 995 1276 1027 tiones
1302 989 1553 1038 imperiorum‚
1590 1003 1621 1029 et
1645 997 1777 1030 excidia
1803 999 1959 1035 urbium.
2014 1000 2152 1038 Horum

1163 1046 1334 1089 impietati
1363 1046 1526 1080 irascitur
1549 1045 1746 1091 Propheta,
1774 1051 1867 1094 quod
1893 1063 1956 1084 nec
1981 1055 2153 1088 constitu-

1162 1104 1231 1130 tam
1252 1108 1324 1129 esse
1342 1109 1359 1129 a
1375 1096 1452 1130 Deo
1468 1095 1559 1131 hanc
1576 1099 1736 1142 politiam
1748 1124 1757 1137 ,
1785 1112 1849 1133 nec
1859 1099 1935 1135 Deo
1951 1115 2055 1137 curae
2070 1117 2153 1146 esse,

1162 1160 1225 1180 nec
1243 1160 1316 1180 eam
1339 1155 1483 1192 propter
1498 1149 1586 1182 iram
1603 1148 1667 1182 Dei
1687 1151 1794 1184 everti
1813 1153 2023 1190 sentiebant.

1265 1207 1375 1241 Docet
1392 1208 1500 1251 igitur
1519 1209 1741 1252 praecipuam
1763 1223 1902 1245 causam
1920 1224 1993 1246 esse
2010 1227 2155 1259 magna-

1162 1271 1239 1291 rum
1272 1259 1511 1292 calamitatum
1547 1261 1790 1303 publicarum,
1828 1265 2084 1299 contumaciam
2117 1269 2154 1301 in

1163 1310 1310 1353 peccatis
1341 1311 1539 1349 atrocibus,
1572 1311 1736 1344 videlicet
1768 1312 1805 1344 in
1837 1314 1934 1348 cultu
1963 1315 2154 1360 idolorum,

1162 1360 1325 1404 epicureo
1344 1367 1523 1394 contemtu
1542 1359 1627 1400 Dei,
1657 1363 1856 1405 parricidiis
1874 1373 2094 1410 sanctorum,
2122 1378 2154 1404 et

1161 1411 1385 1445 libidinibus,

1264 1460 1342 1495 Etsi
1372 1469 1488 1496 autem
1512 1463 1632 1504 nulla,
1668 1476 1872 1510 quanquam
1895 1479 2002 1511 parva
2030 1471 2155 1506 domus

1161 1513 1236 1546 sine
1260 1513 1410 1557 peccatis
1432 1521 1500 1554 est,
1527 1521 1644 1547 tamen
1668 1515 1839 1550 differunt
1862 1526 2001 1562 peccata
2018 1528 2051 1555 et
2069 1534 2155 1556 con-

1161 1565 1312 1598 tumacia
1331 1565 1365 1597 in
1385 1565 1565 1599 atrocibus
1582 1567 1749 1610 peccatis.-
1775 1569 1886 1611 parcit
1900 1568 1997 1605 Deus
2013 1575 2155 1617 populo,

1162 1617 1273 1648 donec
1290 1623 1407 1650 manet
1425 1617 1631 1660 disciplina,
1660 1629 1698 1650 ac
1717 1619 1917 1662 puniuntur
1932 1630 2091 1667 peccata,
2117 1633 2155 1659 ut

1161 1667 1280 1711 aliqua
1307 1679 1387 1711 pars
1410 1667 1533 1711 populi
1554 1680 1669 1702 mores
1689 1671 1862 1705 emendet.
1897 1671 1966 1706 Sed
1985 1686 2063 1708 cum
2081 1688 2152 1710 non

1161 1718 1275 1769 solum
1293 1725 1411 1761 peccat
1428 1718 1619 1753 multitudo
1632 1747 1640 1760 ,
1668 1721 1727 1752 sed
1746 1721 1848 1754 etiam
1867 1722 2012 1767 impune
2028 1737 2156 1770 peccat,

1162 1777 1193 1802 et
1220 1769 1476 1802 confirmantur
1494 1770 1607 1811 idola,
1635 1783 1673 1803 ac
1693 1772 1858 1805 ridentur
1877 1775 2059 1817 epicureae
2077 1779 2155 1823 opi-

1161 1821 1286 1853 niones
1316 1827 1350 1853 et
1382 1820 1571 1859 libidines,
1606 1828 1690 1854 tunc
1722 1823 1797 1856 sine
1829 1824 1900 1857 ulla
1931 1826 2156 1863 dubitatione

1163 1922 1333 1956 Graeciae
1366 1929 1399 1956 et
1433 1923 1560 1955 vicinis
1591 1924 1771 1966 gentibus,
1814 1933 1847 1959 et
1868 1927 2000 1961 similes
2023 1942 2157 1974 poenae

1161 1974 1365 2018 oppriment
1383 1974 1469 2006 alias
1485 1980 1616 2016 gentes,

1264 2024 1366 2058 Nunc
1389 2025 1532 2070 quidem
1558 2027 1725 2059 mediocri
1752 2028 1980 2072 castigatione
1998 2044 2157 2068 commo-

1162 2076 1288 2109 nefacti
1315 2088 1454 2115 summ,
1492 2084 1524 2110 et
1549 2077 1721 2110 iudicium
1748 2091 1766 2111 a
1792 2080 1898 2114 domo
1922 2079 1989 2114 Dei
2014 2083 2157 2129 incepit,

1161 2128 1241 2161 satis
1275 2128 1392 2166 triste,
1427 2129 1520 2172 qnod
1548 2128 1595 2160 sic
1621 2130 1805 2174 descripsit
1828 2128 1970 2172 Esaias,
2006 2134 2156 2179 loquens

1162 2181 1204 2212 de
1230 2179 1324 2212 bello
1344 2178 1460 2217 civili,
1488 2179 1741 2225 Unusquisque
1761 2182 1899 2215 vorabit
1917 2194 2056 2217 carnem
2075 2187 2157 2220 bra-

1163 2228 1231 2264 chii
1260 2230 1324 2262 sui.
1377 2229 1453 2263 Hac
1479 2231 1706 2273 castigatione
1726 2232 1753 2264 si
1773 2233 1955 2288 flectemur
1973 2236 2015 2268 ad
2034 2248 2155 2270 emen-

1161 2282 1354 2321 dationem,
1382 2281 1641 2325 mitigabuntur
1658 2283 1760 2323 mala,
1786 2282 1832 2316 Et
1849 2284 2050 2330 aliquorum
2067 2300 2156 2332 pau-

1162 2345 1282 2366 corum
1317 2334 1600 2366 emendationem
1625 2333 1700 2366 fore
1724 2345 1845 2377 spero,
1884 2342 1916 2368 et
1939 2335 2054 2371 Deum
2081 2352 2155 2381 oro,

1161 2395 1200 2418 ut
1223 2391 1367 2428 propter
1386 2382 1578 2418 Ecclesiam
1604 2391 1637 2417 ct
1663 2383 1881 2419 inventutem
1908 2387 2044 2431 mitiget
2071 2403 2154 2434 poe-

1162 2448 1235 2468 nas.
1296 2434 1363 2469 Sed
1396 2436 1424 2467 si
1456 2435 1562 2467 nimis
1592 2446 1716 2477 magna
1748 2436 1940 2471 multitudo
1973 2439 2040 2474 erit
2069 2454 2153 2475 con-

1163 2486 1396 2521 temnentium
1424 2485 1557 2525 Deum,
1586 2493 1619 2518 et
1642 2493 1801 2529 potentes
1825 2489 2006 2524 stabilient
2029 2503 2153 2535 magna

1163 2546 1320 2582 peccata,
1355 2537 1477 2570 odium
1508 2548 1609 2570 verae
1639 2537 1820 2571 doctrinae
1849 2546 1882 2573 et
1914 2540 2000 2583 alia,
2036 2551 2154 2579 metuo

1162 2596 1341 2623 secuturas
1360 2599 1431 2620 esse
1449 2586 1644 2621 horrendas
1664 2589 1886 2626 vastationes.

1264 2647 1360 2681 Haec
1385 2648 1428 2680 de
1452 2647 1564 2681 causis
1588 2647 1825 2683 calamitatum
1846 2650 1883 2684 in
1902 2648 2030 2687 horum
2049 2655 2155 2699 lugu-

1162 2701 1281 2734 brium
1302 2698 1499 2732 carminum
1517 2698 1666 2732 lectione
1682 2701 1867 2744 cogitanda
1884 2711 1974 2737 sunt.
2029 2704 2153 2740 Postea

1599 2750 1647 2785 52
