2379 2948
141 115 215 152 725

140 201 234 247 quod
251 200 373 234 multis
388 201 503 234 modis
519 207 621 236 nocet
638 201 865 237 discentibus,
898 198 1017 234 Efficit
1032 201 1124 233 enim

140 252 178 284 in
201 251 337 286 artibus
360 249 602 298 labyrinthos,
635 252 695 297 qui
722 252 863 295 ingenia
890 258 1127 293 remorantur,

136 309 170 336 et
184 302 370 347 implicant
385 303 686 337 inextricabilibus
702 302 850 347 laqueis,
869 308 907 336 ut
923 302 1126 337 crucientur

136 353 235 386 inani
264 366 364 395 cura,
408 361 441 388 et
467 366 485 387 a
517 365 599 387 vero
627 353 756 386 artium
791 364 855 386 usu
887 353 1126 394 abducantur,

136 405 265 439 deinde
294 403 480 439 hebetatur
502 403 694 444 iudicium,
726 410 758 437 et
784 415 883 437 amor
907 405 1124 448 argutiarum

134 456 219 490 facit
250 457 392 490 odiosos
421 454 641 489 cavillatores
670 461 702 488 et
727 455 914 496 rixatores,
949 455 1053 489 etiam
1087 455 1124 488 in

106 550 108 553 v
136 507 280 541 caeteris
300 507 390 540 vitae
405 506 586 551 partibuss

135 616 194 650 De
229 618 339 650 tertio
374 613 504 657 mode,
551 614 719 657 scilicet,
759 615 806 650 de
838 615 1026 650 solutione
1055 626 1125 660 per

510 667 748 700 instantiam.

237 732 392 767 Multum
409 732 529 766 valent
545 733 701 778 exempla
720 733 871 767 illustria
882 760 890 774 ‚
918 733 998 766 ideo
1014 733 1124 767 inter-

135 786 230 826 dum,
253 796 330 817 cum
348 783 543 828 propositio
560 785 678 829 aliqua
694 784 832 818 ratione
851 784 1034 828 perspicua
1050 796 1123 818 non

134 836 215 870 satis
233 835 379 869 refutari
393 841 525 880 potest,
551 836 706 869 breviter
727 847 802 868 earn
824 835 987 879 opposito
1007 847 1123 869 exem-

132 887 190 930 plo
208 886 406 925 reficimus,
434 893 582 921 vocatur
599 887 728 921 solutio
748 899 810 931 per
826 887 1041 927 instantiam,
1067 893 1122 920 ut:

285 945 408 989 Legati
429 957 489 979 seu
513 946 637 980 nuncii
663 946 700 979 in
727 947 915 980 itineribus
944 958 1017 980 non
1046 947 1123 979 vio-

338 998 468 1036 lentur,

284 1046 380 1092 Ergo
398 1060 462 1082 nec
478 1048 542 1082 iste
559 1049 710 1082 nuncius
730 1049 918 1082 violandus
934 1049 1013 1084 suit.

233 1107 449 1152 Respondeo
479 1109 523 1142 ad
563 1109 774 1143 antecedens
811 1120 873 1153 per
898 1108 1121 1142 instantiam:

131 1158 367 1194 Athenienses
384 1159 648 1204 interceperunt
668 1161 800 1203 legatos
822 1160 1121 1193 Lacedaemonio-

131 1224 211 1245 rum
237 1218 358 1245 euntes
382 1211 426 1243 ad
451 1222 566 1254 regem
584 1210 785 1249 Persicum,
812 1218 851 1245 ut
869 1223 946 1244 eum
967 1211 1035 1244 sibi
1060 1212 1122 1243 ad-

131 1263 319 1305 iungerent
349 1268 473 1295 contra
505 1262 682 1295 civitatem
714 1261 887 1302 Atticam,
929 1269 968 1295 ut
1001 1262 1123 1295 recitat

132 1310 363 1356 Thucydides
387 1313 449 1348 lib.
469 1315 504 1348 2.
558 1311 605 1346 Et
619 1312 775 1347 Romani
801 1321 971 1357 ceperunt
994 1314 1124 1356 legatos

130 1361 346 1395 Hannibalis
374 1367 497 1394 euntes
533 1363 577 1394 ad
614 1375 728 1403 regem
758 1363 1049 1404 Macedonicum,
1086 1371 1125 1397 ut

129 1411 385 1447 narratLivius
401 1411 463 1447 lib.
475 1411 508 1445 3.
526 1413 688 1447 decad.3.
721 1410 814 1445 Haec
835 1413 990 1457 exempla
1006 1420 1125 1446 osten-

131 1466 223 1498 dunt
247 1463 415 1498 usitatum
434 1462 561 1504 fuisse,
586 1463 716 1506 legatos
735 1460 890 1497 hostium
911 1464 1124 1508 perferentes

131 1515 296 1549 mandata
313 1514 475 1548 nocitura
494 1515 626 1558 patriae
651 1515 871 1559 intercipere.
928 1514 978 1548 lta
1007 1516 1124 1549 brevi-

131 1574 184 1599 ter
200 1566 373 1601 refutatur
389 1567 599 1599 antecedens
617 1566 788 1611 oppositis
808 1566 985 1611 exemplis.

552 1652 704 1687 Aliud.

287 1710 391 1744 Plato
409 1711 532 1745 recitat
551 1709 618 1744 hoc
633 1718 880 1753 argumentum
896 1712 933 1743 in
953 1709 1126 1749 Phaedro,

286 1760 407 1796 Omne
425 1762 520 1807 quod
539 1773 611 1795 sese
630 1769 766 1800 movet,
795 1773 932 1806 semper
950 1768 1124 1796 movetur.

287 1812 419 1846 Anima
439 1825 512 1846 sese
533 1821 661 1850 movet,

287 1862 382 1907 Ergo
403 1876 540 1908 semper
560 1872 734 1898 movetur.

233 1923 448 1957 Brevissima
467 1924 650 1967 responsio
670 1930 719 1957 est
744 1924 785 1956 ad
813 1924 993 1957 maiorem.
1028 1921 1125 1966 Nego

132 1975 302 2008 maiorem
320 1981 353 2008 et
371 1976 415 2008 do
431 1975 654 2014 instantiam,
684 1975 766 2020 quia
784 1975 885 2008 etiam
909 1974 1030 2008 culicis
1048 1975 1126 2007 ani—

135 2038 190 2059 ma
207 2038 278 2059 sese
298 2034 435 2065 movet,
462 2038 525 2059 nec
541 2033 656 2059 tamen
675 2033 724 2060 est
743 2033 918 2070 perpetua.

237 2084 340 2119 Alius
369 2087 494 2121 modus
529 2093 579 2119 est
613 2086 818 2125 instantiae,
853 2098 931 2118 cum
964 2097 1124 2119 concessa

136 2136 376 2181 propositione
395 2137 492 2170 aliud
516 2137 643 2170 fortius
671 2138 885 2182 opponitur,
913 2144 950 2171 ut
969 2137 1124 2171 studium

135 2188 317 2222 doctrinae
349 2188 505 2222 coelestis
537 2188 753 2222 comitantur
785 2195 1000 2229 contemtus,
1035 2189 1126 2229 odia,

135 2239 270 2281 inopia,
294 2245 327 2272 et
344 2238 617 2272 innumerabilia
634 2240 800 2284 pericula.
844 2239 925 2273 Non
942 2251 1044 2282 nego,
1066 2241 1124 2273 sed

135 2302 277 2334 oppono
301 2289 406 2322 aliam
430 2290 611 2323 fortiorem
629 2303 766 2325 causam
792 2291 966 2324 discendi:
996 2291 1124 2324 Neces-

135 2342 267 2375 sarium
300 2348 350 2374 est
381 2340 417 2373 id
446 2341 619 2381 studium,
654 2355 732 2376 cum
758 2354 776 2375 a
798 2341 874 2375 Deo
909 2342 1126 2376 severissime

135 2399 361 2436 praeceptum
379 2392 441 2431 sit,
467 2399 499 2425 et
518 2389 700 2427 horribilis
717 2394 936 2436 ingratitudo
953 2394 1018 2434 sit,
1047 2406 1126 2427 cum

135 2443 232 2479 Deus
248 2450 344 2477 tanta
365 2442 524 2476 bonitate
541 2454 575 2475 se
595 2445 812 2487 patefecerit,
838 2457 881 2477 ne
902 2445 1045 2490 quidem
1064 2457 1127 2478 au-

135 2496 212 2528 dire
228 2507 307 2528 eum
323 2494 424 2529 velle.
451 2492 610 2528 Recitavi
630 2496 753 2528 modos
768 2496 987 2530 solutionum
1005 2497 1127 2530 rectis-

137 2547 262 2587 simos,
290 2546 332 2578 ad
354 2557 441 2590 quos
467 2544 643 2578 assuefieri
668 2546 841 2580 discentes
865 2548 952 2580 utile
977 2555 1046 2589 est,
1076 2547 1127 2582 Ita

137 2598 232 2631 enim
257 2605 291 2631 et
321 2597 423 2631 citius
450 2597 641 2637 videbunt,
672 2597 708 2629 in
735 2608 802 2641 qua
825 2605 941 2641 parte,
971 2611 1031 2632 seu
1057 2612 1127 2644 quo

138 2649 298 2682 membro
322 2648 446 2681 vitium
464 2648 506 2680 sit
526 2648 742 2691 argumenti,
771 2655 804 2681 et
821 2649 996 2683 dexterius
1018 2651 1128 2695 expli-

139 2700 266 2733 cabunt
289 2699 479 2743 captiones.

760 114 803 149 V.
855 111 1176 150 EROTEMATA
1213 112 1546 152 DIALECTICES.

2105 123 2177 158 726

1518 202 1585 243 De
1616 202 1835 247 Fallaciis.

1282 273 1465 308 Pertinent
1489 282 1604 310 autem
1631 279 1674 310 ad
1700 276 1791 312 hanc
1814 280 1924 323 ipsam
1948 283 2167 318 solutionum

1180 324 1376 357 doctrinam
1394 325 1563 367 fallaciae,
1591 340 1740 372 quarum
1759 331 1853 364 tituli
1874 342 2037 377 monent,
2065 338 2168 381 quale

1179 375 1224 409 sit
1242 375 1366 409 vitium
1387 376 1424 408 in
1440 385 1660 419 argumento.

1282 425 1370 460 Cum
1397 426 1505 469 igitur
1527 438 1714 469 agnosceS,
1748 432 1790 463 ad
1816 445 1919 477 quem
1945 436 2086 471 titulum
2111 453 2166 473 ac-

1179 478 1436 511 commodanda
1459 478 1505 511 sit
1523 478 1656 522 captio,
1684 479 1753 512 iam
1781 482 1835 515 via
1859 486 2046 521 solutionis
2065 502 2166 524 mon-

1180 535 1286 562 strata
1310 535 1371 563 est.
1425 527 1502 562 Etsi
1527 536 1643 563 autem
1668 530 1705 562 in
1725 528 1789 564 hac
1815 541 1912 576 parte
1930 539 2059 572 multae
2079 543 2167 575 reci-

1179 586 1300 613 tantur
1318 579 1546 624 imposturae,
1567 587 1684 613 tamen
1705 583 1795 615 tradi
1811 595 1885 616 eam
1904 587 2066 630 sciamus,
2095 605 2166 626 nnn

1151 649 1153 655 ›
1178 637 1217 663 ut
1243 637 1362 663 tenera
1387 637 1480 664 aetas
1502 631 1663 665 assuefiat
1688 634 1731 665 ad
1766 646 1922 668 amorem
1951 637 2167 683 sophistices,

1180 682 1239 714 sed
1259 688 1295 714 ut
1316 682 1472 715 iudicare
1488 689 1519 714 et
1538 682 1674 715 solvere
1698 685 1878 727 captiones
1897 694 1929 721 et
1952 688 2166 732 sophisticen

1178 733 1293 765 odisse
1311 733 1420 766 discat
1436 733 1525 766 sicut
1541 733 1702 766 doctrina
1722 735 1765 767 de
1784 738 1929 770 venenis
1946 742 2108 784 traditur,
2131 754 2165 779 ut

1179 784 1353 824 vitentur,
1383 796 1455 817 non
1474 791 1513 817 ut
1531 784 1622 817 vitae
1640 781 1826 819 hominum
1844 787 2067 828 insidiemur.

1332 834 1533 868 Perniciosa
1553 847 1625 868 non
1644 844 1726 870 sunt
1743 837 1919 881 discenda,

1330 884 1505 919 Fallaciae
1521 893 1603 920 sunt
1621 887 1852 932 perniciosae,

1331 935 1428 980 Ergo
1447 949 1520 970 non
1539 944 1622 971 sunt
1640 938 1836 973 discendae.

1279 995 1448 1040 Neganda
1468 1003 1516 1029 est
1534 997 1658 1030 maior.
1704 997 1906 1034 Perniciosa
1923 1004 2018 1038 enim
2040 1019 2170 1051 cogno-

1178 1048 1225 1081 sci
1244 1059 1383 1080 necesse
1400 1055 1468 1088 est,
1494 1054 1533 1081 ut
1551 1048 1655 1081 vitari
1675 1056 1736 1082 aut
1755 1051 1831 1084 tolli
1854 1055 2007 1097 possint,
2035 1065 2073 1092 ut
2092 1059 2170 1093 Me-

1178 1099 1277 1132 dicus
1294 1099 1492 1132 doctrinam
1510 1100 1553 1131 de
1570 1099 1705 1133 morbis
1723 1108 1782 1135 aut
1803 1103 1845 1136 de
1864 1107 2010 1141 venenis
2029 1110 2142 1144 discit.

1476 1201 1572 1243 Quid
1600 1207 1657 1237 est
1682 1201 1876 1248 fallacia?

1267 1267 1420 1301 Fallacia
1438 1276 1487 1301 est
1503 1270 1662 1313 deceptio
1684 1270 1719 1303 in
1738 1281 1958 1315 argumentO,
1987 1289 2076 1322 quae
2093 1291 2171 1324 spo-

1179 1320 1228 1353 cie
1246 1319 1364 1364 aliqua
1382 1320 1457 1352 veri
1475 1320 1666 1354 insidiatur
1682 1322 1849 1357 auditori.
1886 1323 2035 1361 Causam
2053 1339 2169 1365 autem

1178 1370 1342 1404 falsitatis
1360 1371 1517 1402 indicant
1545 1370 1658 1410 tituli,
1685 1371 1745 1415 qui
1765 1372 1802 1404 in
1821 1373 2026 1411 Dialecticis
2046 1382 2172 1416 usitate

1179 1419 1341 1454 attributi
1357 1426 1439 1453 sunt
1463 1420 1682 1454 fallaciarum
1701 1423 1834 1466 modis,
1859 1432 1898 1459 ut
1916 1434 2034 1470 postea
2054 1443 2094 1464 ex
2111 1434 2173 1466 de-

1180 1471 1373 1505 claratione
1389 1471 1576 1504 titulorum
1594 1479 1626 1506 et
1645 1485 1683 1505 ex
1707 1475 1876 1519 exemplis
1898 1477 2049 1524 intelligi
2073 1491 2172 1527 pote-

1180 1522 1236 1556 rit.
1292 1521 1432 1557 Rursus
1462 1529 1578 1556 autem
1611 1525 1783 1558 monendi
1816 1534 1897 1561 sunt
1923 1529 2098 1575 iuniores,
2134 1544 2173 1570 ut

1181 1586 1253 1607 non
1271 1574 1387 1607 solum
1407 1571 1492 1606 haec
1519 1582 1700 1619 praecepta
1722 1577 1901 1611 refutandi
1923 1581 2048 1617 vitiosa
2070 1597 2174 1630 argu-

1182 1631 1300 1658 menta
1316 1625 1472 1666 discant,
1501 1627 1560 1658 sed
1578 1626 1684 1658 simul
1704 1627 1808 1660 etiam
1834 1629 1870 1661 in
1897 1632 2026 1667 animis
2044 1638 2174 1672 verita-

1182 1677 1225 1708 tis
1243 1687 1418 1713 amorem,
1448 1681 1481 1708 et
1504 1673 1711 1719 sophistices
1729 1678 1851 1712 odium
1879 1684 2107 1730 confirment,
2136 1701 2174 1722 ac

1182 1738 1318 1769 semper
1335 1725 1372 1758 in
1390 1734 1578 1770 conspectu
1595 1724 1747 1762 habeant
1761 1742 1879 1763 vocem
1892 1734 2068 1770 divinam:
2092 1738 2173 1772 *Non

1182 1778 1277 1810 dicas
1292 1777 1419 1810 falsum
1436 1778 1690 1811 testimonium.
1742 1779 1826 1814 Ideo
1845 1782 1975 1819 indidit
1993 1785 2088 1822 Deus
2108 1802 2174 1824 no—

1182 1828 1281 1862 ticias
1300 1828 1470 1862 virtutum
1492 1826 1710 1869 hominibus,
1738 1838 1778 1865 ut
1795 1834 1910 1877 qualis
1929 1836 2001 1880 ipse
2017 1839 2061 1873 sit
2078 1842 2173 1884 cogi-

1181 1887 1274 1920 tare,
1313 1886 1345 1912 et
1386 1879 1585 1913 discernere
1628 1893 1707 1914 eum
1743 1895 1761 1915 a
1800 1884 1951 1919 diabolis
1985 1891 2173 1932 possimus.

1185 1932 1425 1974 Agnoscamus
1448 1929 1561 1964 Deum
1593 1939 1769 1966 amantem
1796 1947 1868 1968 esse
1892 1938 2174 1982 simplicissimae

1182 1982 1358 2022 veritatis,
1387 1989 1418 2015 et
1437 1982 1552 2015 odisse
1577 1985 1767 2018 mendacia.
1823 1984 1978 2023 Econtra
1998 2004 2079 2026 vero
2097 1995 2172 2028 dia-

1182 2034 1303 2067 bolum
1324 2044 1395 2066 esse
1411 2033 1674 2067 mendaciorum
1695 2043 1853 2070 autorem
1867 2067 1874 2079 ,
1903 2041 1962 2085 qui
1984 2043 2019 2075 in
2037 2045 2172 2079 levibus

1181 2084 1334 2127 ingeniis
1364 2084 1523 2118 accendit
1549 2095 1703 2118 amorem
1731 2090 1997 2125 mendaciorum
2030 2104 2173 2140 propter

1181 2137 1268 2169 duas
1284 2146 1424 2175 causa3‚
1451 2135 1536 2168 odio
1553 2134 1639 2177 Dei,
1664 2143 1695 2170 et
1714 2146 1753 2172 ut
1781 2148 1870 2174 serat
1897 2155 2018 2176 causas
2037 2147 2172 2180 discor-

1181 2187 1317 2221 diarum
1335 2193 1365 2219 et
1385 2184 1675 2229 homicidiorum,
1698 2189 1786 2224 sicut
1801 2192 1967 2236 scriptum
1984 2202 2046 2228 est:
2065 2196 2171 2231 Meu-

1181 2246 1232 2272 tes
1252 2238 1443 2282 impiorum
1460 2250 1478 2271 a
1495 2239 1638 2272 diabolo
1655 2241 1808 2284 captivas
1825 2244 1948 2279 teneri.
1996 2245 2084 2280 Cum
2105 2249 2171 2290 igi-

1181 2297 1239 2323 tur
1262 2289 1445 2322 mendacia
1470 2298 1721 2334 proponuntur
1736 2319 1744 2331 ,
1771 2293 1919 2327 sciamus
1943 2308 2015 2329 non
2034 2291 2171 2334 tanturn

1183 2339 1345 2374 homines
1365 2340 1469 2374 nobis
1495 2341 1677 2379 insidiari,
1706 2344 1763 2375 sed
1785 2343 1899 2385 ipsum
1919 2347 2101 2383 diabolum
2126 2353 2172 2384 si-

1181 2393 1256 2426 mul
1289 2392 1458 2436 grassari,
1497 2404 1600 2425 suum
1634 2392 1731 2425 virus
1767 2394 1946 2439 aliquibus
1979 2399 2170 2438 afflantem,

1181 2442 1346 2478 Cavenda
1371 2450 1422 2476 est
1446 2443 1554 2486 igitur
1577 2440 1786 2486 sophistica,
1815 2457 1859 2478 ne
1883 2448 2046 2483 diabolus
2069 2455 2171 2488 nobis

1183 2496 1329 2541 laqueos
1365 2494 1521 2533 iniiciat,
1560 2500 1598 2527 ut
1632 2494 1800 2528 omnibus
1835 2499 2008 2534 aetatibus
2042 2505 2172 2539 multos

1181 2546 1371 2580 fascinatos
1407 2545 1502 2577 falsis
1530 2545 1753 2587 dogmatibus
1789 2544 2010 2585 horribiliter
2038 2557 2171 2591 evm-fit,

1183 2597 1275 2641 Quia
1300 2603 1416 2630 autem
1440 2596 1637 2640 plerunque
1668 2596 1755 2630 salsa
1784 2610 2035 2644 proponuntur
2060 2606 2172 2641 fucata

1183 2648 1339 2681 veritatis
1365 2646 1498 2690 specie,
1522 2647 1715 2680 mendaciis
1739 2649 1839 2683 fucus
1856 2653 2089 2698 detergendus
2114 2667 2174 2697 est,

1183 2700 1278 2746 quod
1302 2705 1340 2732 ut
1365 2698 1486 2731 dextre
1512 2704 1544 2731 et
1567 2699 1749 2742 perspicue
1771 2701 1845 2735 fieri
1871 2706 1995 2748 possit,
2026 2708 2177 2743 iuniori-

1610 2747 1693 2784 46*
