2379 2948
147 113 219 150 185
706 110 770 147 111.

143 198 253 245 liquis
278 197 508 241 corporibus,
536 197 626 230 sicut
649 196 685 228 in
712 195 971 234 animantibus,
998 192 1131 226 cumin

143 251 249 284 corde
267 249 311 283 sit
330 249 472 283 initium
490 248 592 286 vitae,
610 258 670 279 cor
681 252 732 279 est
749 257 850 278 causa
867 251 983 278 motus
1000 244 1037 276 in
1054 255 1132 276 cae-

142 301 227 335 teris
246 300 432 340 membris,
467 299 586 342 eisque
608 303 743 329 motum
773 302 806 329 et
832 295 938 328 vitam
963 293 1130 338 suppedi-

141 358 203 387 tat.
264 350 386 396 Itaque
419 347 580 383 coelestia
613 357 779 390 corpora,
821 358 900 379 cum
931 346 982 379 ibi
1013 351 1131 378 motus

141 402 322 442 oriuntur,
358 400 463 433 simul
488 398 581 431 cient
604 397 773 430 inferiora
804 408 973 441 corpora,
1010 396 1131 441 eisque

141 459 278 487 motum
317 449 559 494 suppeditant,
599 454 639 482 ut
669 459 724 481 res
759 448 913 482 declarat
948 451 1064 481 aerem
1098 452 1131 479 et

141 515 269 549 aquam
293 501 394 540 cieri,
422 506 454 533 et
473 499 589 532 varias
606 498 792 544 qualitates
808 498 964 542 recipere
982 510 1001 531 a
1018 497 1129 530 coelo.

244 560 284 593 ln
301 558 453 592 secundo
473 558 516 591 de
532 555 641 591 Coelo
667 557 804 602 inquit,
833 557 948 590 stellas
973 563 1071 589 motu
1098 561 1130 588 et

142 611 277 645 lumine
310 609 464 642 efficaces
496 619 570 641 esse
594 608 630 640 in
657 605 742 641 haec
767 608 948 642 inferiora.
1013 606 1129 640 Verba

141 663 217 696 eius
232 658 316 693 haec
334 666 432 692 sunt:
459 655 645 704 θερμότης
669 657 728 693 ἄπ’
753 657 880 693 αὐτῶν
900 656 963 693 καὶ
986 655 1029 692 τὸ
1050 659 1131 703 φῶς

138 710 315 762 γίγνεται.
345 709 449 744 Calor
466 722 485 743 a
503 710 634 751 stellis,
663 716 696 743 et
711 710 832 743 lumen
849 709 965 744 existit
983 709 1020 742 in
1037 711 1130 744 aere.

241 768 284 803 In
298 769 453 803 secundo
471 766 704 814 Physicorum
731 768 862 814 inquit:
891 768 1008 802 Homo
1027 775 1059 802 et
1076 767 1129 802 sol

137 827 306 866 generant
326 817 528 858 hominem,
564 820 626 853 ubi
654 820 795 864 copulat
820 820 1012 852 necessaria
1040 831 1128 852 con-

138 871 290 906 nexione
307 871 502 915 proximam
522 882 661 904 causam
678 877 709 904 et
728 870 963 903 universalem
977 897 986 910 ,
1013 876 1052 903 ut
1070 869 1127 902 in·

138 923 192 956 fra
202 923 248 957 de
264 921 458 955 necessaria
478 932 662 954 causarum
678 921 895 955 naturalium
908 921 1129 954 connexione

138 974 308 1008 dicemus,
361 971 457 1006 Haec
475 971 675 1006 testimonia
698 972 877 1010 indicant,
903 969 1127 1005 Aristotelem

137 1023 322 1069 complecti
334 1023 423 1057 coeli
439 1029 588 1063 motum,
608 1029 776 1068 tanquam
793 1023 1029 1056 universalem
1046 1034 1126 1055 cau-

138 1087 230 1116 sam,
271 1074 512 1118 impellentem
549 1073 732 1107 materiam
771 1073 989 1110 inferiorem.
1057 1071 1128 1106 Nec

137 1125 252 1160 multo
276 1125 418 1168 longius
443 1125 688 1170 progreditur,
727 1125 787 1157 sed
822 1124 988 1167 astrologi
1019 1135 1127 1169 quae-

137 1182 223 1210 runt
242 1176 471 1220 particulares
487 1175 702 1215 effectiones‚
722 1175 783 1207 alii
799 1175 934 1219 plures,
962 1175 1022 1208 alii
1041 1186 1128 1219 pau-

138 1227 271 1266 ciores,
301 1225 482 1264 videlicet,
510 1237 615 1270 quam
635 1225 749 1258 varias
774 1226 959 1270 qualitates
976 1226 1129 1258 efficiant

139 1277 202 1312 alii
217 1283 322 1322 atque
346 1276 408 1308 alii
433 1276 587 1308 siderum
614 1282 742 1310 motus,
802 1275 905 1308 Hanc
928 1276 1128 1309 doctrinam

138 1330 182 1362 de
215 1326 488 1371 particularibus
522 1325 770 1359 effectionibus
802 1326 957 1359 siderum
996 1325 1128 1359 omittit

137 1376 224 1412 haec
245 1374 469 1410 Aristotelica
499 1372 662 1420 physica,
695 1381 859 1408 contenta
885 1374 948 1408 hac
972 1376 1127 1418 generali

136 1426 433 1473 praemonitione,
449 1426 545 1471 quod
563 1432 654 1459 astra
666 1426 736 1459 sint
749 1426 947 1458 universale
961 1427 1129 1466 efficiens,

138 1481 232 1514 ciens
247 1485 281 1512 et
299 1485 498 1521 temperans
520 1477 702 1510 materiam
721 1484 818 1509 motu
838 1483 870 1510 et
886 1476 1033 1510 lumine.

240 1536 343 1571 Nunc
371 1536 578 1581 priusquam
605 1536 648 1568 de
677 1535 829 1569 utilitate
857 1541 890 1569 et
922 1536 990 1569 fine
1022 1533 1128 1569 huius

137 1588 320 1624 doctrinae
337 1587 473 1627 dicam,
501 1587 598 1630 prius
615 1586 794 1620 refutandi
810 1592 892 1620 sunt
913 1587 1051 1620 furores
1068 1599 1127 1620 eo-

137 1652 236 1679 rum,
263 1638 325 1684 qui
341 1638 424 1684 quia
442 1637 564 1671 vident
589 1650 661 1671 non
681 1638 821 1681 penitus
840 1638 992 1682 perspici
1008 1650 1126 1671 rerum
1152 1658 1153 1664 η

138 1698 314 1730 naturam,
341 1696 374 1723 et
389 1690 519 1722 multas
539 1696 654 1732 partes
671 1688 840 1731 ignorari,
867 1695 976 1722 totam
994 1689 1127 1722 doctri-

138 1754 220 1776 nam
238 1740 414 1784 aspernati
433 1746 534 1779 sunt,
561 1745 594 1773 et
612 1740 779 1772 omnibus
806 1739 965 1783 partibus
983 1739 1126 1772 certitu-

137 1793 257 1827 dinem
284 1790 501 1824 calumniose
526 1790 773 1830 detraxerunt,
802 1797 838 1823 ut
860 1789 888 1822 si
912 1790 991 1835 quis
1017 1796 1125 1823 totam

134 1842 333 1878 doctrinam
351 1842 394 1874 de
415 1840 561 1885 plantis,
587 1840 773 1874 fruticibus
799 1847 832 1874 et
859 1852 981 1873 eorum
1000 1840 1126 1874 fructi-

136 1896 202 1929 bus
218 1893 372 1931 reficiat,
401 1903 464 1925 nec
482 1891 566 1924 velit
583 1892 634 1924 uti
651 1891 744 1924 notis
771 1898 804 1925 et
828 1891 1032 1924 salubribus
1052 1902 1126 1924 me-

135 1943 362 1984 dicamentis,
390 1955 461 1976 non
480 1942 563 1975 vino
576 1969 584 1982 ,
613 1954 685 1975 non
702 1939 887 1983 saccharo,
915 1954 988 1975 non
1006 1939 1126 1974 cicho-

825 108 981 145 INITIA
1008 103 1301 143 DOCTRINAE
1329 106 1584 144 PHYSICAE.

135 1998 207 2035 rio,
241 1995 322 2040 quia
346 1994 483 2039 aliquas
509 1993 648 2037 plantas
670 1992 892 2036 ignoramus,
919 1999 954 2026 ut
979 1993 1126 2026 sortasse
1150 2021 1151 2026 ,

133 2046 318 2084 Ebenum‚
363 2046 457 2090 quod
507 2050 624 2078 tamen
669 2056 765 2078 nunc
805 2042 1005 2077 Guaiacum
1053 2055 1126 2077 esse

136 2104 273 2142 putant.

163 2201 276 2233 Estne
303 2196 489 2232 certitudo
516 2198 646 2243 aliqua
675 2196 872 2232 doctrinae
897 2195 1099 2243 physicae?

240 2271 322 2305 Vult
339 2270 434 2305 Deus
451 2279 540 2306 artes
568 2272 704 2317 aliquas
730 2271 820 2305 vitae
843 2272 1025 2313 rectrices,
1051 2273 1123 2305 imo

136 2325 250 2369 ipsum
276 2334 417 2367 quoque
442 2323 562 2367 aliquo
588 2324 696 2356 modo
720 2329 977 2363 monstrantes,
1013 2330 1124 2356 certas

138 2383 173 2409 et
191 2376 308 2407 firmas
327 2384 416 2413 esse,
443 2380 482 2407 ut
501 2374 586 2407 dixit
607 2372 724 2415 Plato,
749 2381 883 2416 gratam
902 2373 968 2407 Dei
993 2374 1124 2407 famam

134 2427 172 2460 in
190 2425 326 2459 artibus
343 2434 498 2467 sparsam
516 2435 606 2464 esse,
632 2437 722 2470 quae
744 2424 774 2457 si
800 2436 942 2468 prorsus
968 2425 1124 2459 incertae

136 2483 267 2517 essent,
310 2481 343 2508 et
374 2472 467 2507 nihil
501 2474 592 2507 firmi
626 2476 870 2514 continerent,
912 2488 976 2509 nec
1007 2474 1123 2509 Deum

133 2531 391 2566 monstrarent,
427 2536 491 2558 nec
524 2524 618 2558 vitae
642 2526 733 2568 leges
759 2533 885 2560 essent.

135 2586 185 2613 est
203 2578 311 2622 igitur
326 2574 411 2609 haec
427 2587 507 2609 vera
524 2576 707 2616 sententia,
731 2588 803 2610 esse
818 2578 974 2623 aliquam
991 2584 1122 2611 certam

134 2637 168 2669 et
183 2630 319 2662 firmam
338 2628 535 2660 doctrinam
559 2623 740 2670 physicen,
766 2627 943 2667 videlicet,
968 2629 1011 2661 de
1028 2629 1122 2661 mul-

135 2681 180 2715 tis
199 2681 302 2714 rebus
322 2679 358 2711 in
383 2687 531 2716 natura,
557 2677 680 2711 utilem
709 2689 748 2709 ac
775 2679 1004 2710 necessariam
1032 2680 1121 2711 vitae

948 2526 1121 2560 Tenenda
1148 2542 1149 2556 1

2101 110 2171 144 186

1183 188 1388 232 hominum,
1413 194 1547 227 etiamsi
1572 194 1607 227 in
1635 192 1699 228 hac
1726 194 1968 228 imbecillitate
1995 192 2170 228 humanae

1181 241 1328 282 mentis,
1354 242 1421 275 alia
1440 245 1567 283 multa,
1592 258 1681 290 quae
1707 257 1781 278 non
1799 251 1882 279 sunt
1905 245 2147 289 pervestigata.

1284 299 1376 334 Sunt
1407 308 1523 334 autem
1547 300 1715 349 zpazr'pta
1742 304 1829 345 tria,
1864 304 1898 337 id
1924 310 1995 347 est,
2030 304 2170 346 regulae

1180 350 1325 392 iudicii,
1365 363 1455 396 quae
1496 353 1746 387 certitudinem
1782 356 1990 395 ostendunt,
2037 354 2171 388 scilicet

1180 401 1375 447 principia,
1405 402 1616 435 universalis
1649 405 1880 448 experientia,
1914 412 1945 439 et
1971 405 2171 438 intellectus

1181 452 1473 498 consequentiae,
1516 460 1554 486 ut
1587 451 1770 487 Dialectici
1801 463 1947 489 monent
1980 453 2065 489 haec
2099 467 2171 488 esse

1179 499 1350 550 κριτήρια
1390 503 1615 538 certitudinis
1641 504 1677 536 in
1713 504 1878 537 omnibus
1911 507 2057 541 artibus.
2121 503 2168 539 Et

1180 552 1243 588 has
1267 565 1411 588 normas
1444 554 1523 587 ideo
1556 554 1677 588 dicunt
1704 551 1916 599 Philosophi
1943 568 2014 589 non
2039 557 2171 597 fallere,

1180 605 1263 650 quia
1278 605 1505 639 manifestum
1523 611 1593 643 est,
1622 607 1705 639 dato
1731 605 1915 648 opposito,
1942 606 2039 650 sequi
2064 614 2169 641 natu—

1180 668 1240 690 rae
1266 656 1563 697 destructionem,
1597 655 1689 699 ignis
1719 655 1889 689 calefacit.
1932 654 2033 689 Ilanc
2059 658 2169 701 siquis

1180 718 1312 750 negans
1336 718 1372 740 se
1398 707 1436 740 in
1463 707 1580 750 ignem
1611 706 1795 746 coniiciet,
1828 712 1994 751 sequetur
2026 714 2170 740 naturae

1179 757 1385 794 destructio.

1282 816 1364 852 Sint
1384 817 1493 860 igitur
1513 816 1550 849 in
1575 823 1763 861 conspectu
1784 814 1849 850 hae
1874 828 2038 858 normae,
2062 824 2094 851 et
2119 817 2174 849 vi-

1179 868 1344 909 deamus,
1371 880 1461 913 quae
1481 868 1728 901 conclusiones
1746 879 1786 901 ex
1804 868 1853 901 eis
1879 875 2097 902 extruantur.

1281 924 1346 961 Est
1364 927 1458 960 enim
1484 934 1517 961 et
1544 927 1618 971 ipse
1642 928 1730 960 ordo
1749 928 2021 972 consequentiae
2041 927 2077 960 in
2101 927 2173 972 syl-

1178 978 1327 1022 logismo
1343 984 1469 1011 natura
1490 985 1606 1019 notus,
1627 978 1717 1012 sicut
1735 978 1922 1022 principia.
1955 977 2047 1012 Sunt
2066 978 2173 1021 igitur

1179 1036 1212 1062 et
1230 1029 1479 1062 conclusiones
1506 1035 1619 1062 certae
1636 1035 1671 1062 et
1693 1029 1835 1069 firmae,
1863 1041 1952 1074 quae
1975 1029 2068 1062 bona
2086 1040 2172 1061 con-

1179 1079 1364 1124 sequentia
1394 1091 1434 1112 ex
1462 1079 1647 1123 principiis
1666 1086 1698 1112 et
1718 1079 1933 1123 experientia
1950 1086 2173 1114 extruuntur.

1281 1136 1511 1182 Experientia
1529 1139 1712 1172 manifeste
1721 1138 1888 1177 ostendit,
1906 1138 1943 1171 in
1963 1138 2172 1182 corporibus

1181 1189 1412 1222 inferioribus
1445 1188 1602 1221 diversas
1634 1200 1706 1221 esse
1732 1189 1917 1233 qualitates
1951 1195 1984 1222 et
2015 1189 2172 1222 diversos

1180 1246 1306 1274 motus.
1360 1239 1400 1272 In
1422 1239 1495 1281 igni
1517 1245 1565 1271 est
1592 1240 1706 1279 calor,
1734 1240 1770 1271 in
1790 1246 1880 1272 terra
1901 1246 1934 1272 et
1956 1251 2046 1284 aqua
2073 1239 2174 1282 frigi-

1178 1290 1289 1330 ditas,
1317 1295 1352 1323 et
1380 1286 1445 1321 hae
1470 1288 1657 1334 qualitates
1684 1290 1777 1323 inter
1802 1302 1837 1323 se
1860 1297 2030 1334 pugnant.
2083 1289 2174 1323 Coe-

1179 1341 1253 1374 lum
1272 1347 1434 1374 movetur
1451 1340 1613 1372 circulari
1634 1348 1745 1379 motu,
1762 1341 1933 1373 elementa
1951 1353 2045 1378 vero,
2071 1348 2172 1374 motu

1179 1397 1296 1429 recto,
1333 1390 1422 1422 levia
1454 1402 1615 1429 sursum,
1653 1391 1771 1433 gravia
1797 1392 1974 1423 deorsum.
2027 1391 2082 1423 Ad
2109 1389 2171 1423 lias

1179 1439 1411 1484 experientias
1433 1440 1595 1482 adiungit
1620 1438 1784 1485 physicus
1811 1441 1999 1484 principia,
2027 1449 2064 1474 ut
2089 1453 2168 1473 cum

1179 1492 1255 1525 vult
1275 1491 1460 1524 ostendere
1479 1488 1574 1524 hunc
1588 1493 1781 1531 mundum,
1809 1503 2013 1536 quanquam
2033 1491 2172 1533 magni-

1180 1543 1268 1576 tudo
1287 1542 1399 1574 oculis
1418 1538 1674 1585 comprehendi
1698 1554 1771 1575 non
1791 1549 1922 1585 potest,
1950 1549 2066 1576 tamen
2091 1542 2172 1574 fini-

1178 1600 1252 1626 tum
1271 1592 1441 1637 quiddam
1459 1603 1544 1631 esse,
1573 1592 1714 1627 orditur
1730 1593 1775 1626 ab
1792 1590 1858 1626 hoc
1875 1593 2063 1637 principio,
2089 1593 2169 1626 nul—

1178 1644 1252 1677 lum
1277 1654 1405 1687 corpus
1425 1643 1604 1676 infinitum
1635 1650 1796 1677 movetur
1818 1644 2050 1677 circulariter.
2093 1643 2173 1677 Ma-

1178 1695 1347 1727 nifestum
1364 1700 1415 1727 est
1432 1700 1549 1727 autem
1569 1694 1704 1727 coelum
1731 1694 1920 1737 circumagi
1942 1695 2065 1737 exiguo
2083 1701 2172 1728 tem-

1178 1757 1275 1789 pore,
1303 1741 1400 1777 horis
1416 1744 1578 1777 videlicet
1595 1744 1656 1778 24.
1686 1744 1765 1777 Non
1783 1752 1832 1778 est
1852 1745 1958 1786 igitur
1977 1745 2169 1778 infinitum.

1179 1795 1299 1829 Maior
1325 1807 1364 1827 ex
1392 1795 1578 1839 principiis
1603 1795 1766 1829 sumitur.
1826 1794 2004 1829 Distantia
2032 1795 2169 1828 infinita

1181 1859 1254 1879 non
1273 1851 1385 1890 potest
1409 1845 1509 1878 finito
1528 1851 1685 1889 tempore
1711 1846 1882 1889 percurri.
1935 1845 1982 1879 Et
2008 1846 2069 1879 ubi
2094 1846 2170 1878 dia-

1177 1903 1288 1930 meter
1305 1897 1342 1928 in
1358 1895 1536 1929 infinitum
1555 1896 1678 1937 currit,
1706 1908 1779 1929 non
1800 1903 1913 1939 potest
1930 1896 2005 1929 fieri
2021 1908 2170 1930 couver-

1178 1948 1229 1981 sio
1254 1948 1297 1980 ad
1315 1947 1409 1979 idem
1436 1954 1620 1990 punctum.
1685 1945 1778 1979 Vera
1804 1955 1853 1980 est
1882 1947 1989 1990 igitur
2013 1954 2046 1981 et
2072 1947 2171 1979 firma

1176 1997 1375 2038 conclusio,
1403 1998 1540 2029 coelum
1559 2010 1633 2029 non
1655 2009 1726 2030 esse
1752 2009 1878 2041 corpus
1901 1998 2094 2032 infinitum.

1280 2056 1377 2090 Haec
1402 2056 1599 2097 sententia,
1626 2069 1706 2089 cum
1732 2058 1775 2089 ad
1804 2057 2038 2100 aspectionem
2067 2064 2170 2089 uatu—

1177 2121 1236 2143 rae
1253 2108 1352 2142 utilis
1369 2115 1440 2147 est,
1470 2108 1551 2152 quia
1570 2115 1707 2150 gratum
1725 2114 1775 2141 est
1804 2108 1902 2152 quasi
1929 2114 2046 2140 mente
2072 2108 2168 2140 illam

1176 2161 1355 2204 ingentem
1382 2159 1661 2201 magnitudinem
1700 2156 2000 2201 comprehendere
2035 2165 2067 2191 et
2101 2158 2170 2190 cir-

1176 2210 1425 2249 cumscribere,
1443 2217 1515 2243 tum
1527 2222 1609 2242 vero
1628 2210 1766 2252 prodest
1783 2209 1911 2241 deiude
1930 2210 1972 2240 ad
1994 2208 2168 2241 metienda

1176 2262 1291 2306 spacia
1317 2261 1501 2304 regionum
1529 2261 1617 2293 coeli
1639 2268 1671 2293 et
1691 2267 1821 2298 terrae,
1849 2266 1887 2292 ut
1913 2258 1973 2291 ubi
1993 2259 2035 2292 sit
2052 2259 2169 2292 domi-

1176 2314 1296 2347 cilium
1319 2320 1500 2352 nostrnm‚
1526 2319 1558 2344 et
1576 2311 1611 2343 iu
1632 2323 1698 2355 qua
1718 2318 1813 2353 parte
1831 2309 1957 2342 mundi
1982 2321 2035 2342 res
2054 2318 2168 2353 gestae

1174 2366 1265 2404 sint,
1291 2375 1377 2408 quas
1396 2363 1544 2405 legimus
1562 2369 1621 2395 aut
1646 2361 1832 2403 audimus,
1860 2360 2006 2394 sciatur.

1279 2422 1494 2466 Quanquam
1514 2427 1630 2454 antem
1649 2431 1720 2452 non
1737 2430 1860 2452 omnes
1884 2425 2035 2453 naturae
2051 2428 2168 2464 partes

1175 2474 1427 2521 pervestigatas
1446 2479 1624 2510 tenemus,
1652 2477 1771 2503 tamen
1797 2469 2010 2513 experientia
2034 2471 2165 2504 confir—

1174 2534 1266 2567 mat,
1292 2526 1468 2567 ingentem
1494 2520 1761 2554 multitudinem
1787 2532 1860 2554 esse
1880 2527 2055 2555 certarum
2081 2534 2165 2566 pro-

1174 2577 1413 2623 positionum,
1449 2583 1598 2616 quarum
1624 2571 1780 2614 cognitio
1802 2571 1902 2605 utilis
1926 2580 1989 2606 est.
2050 2571 2102 2605 Ac
2128 2580 2166 2605 ut

1174 2628 1350 2662 discedam
1383 2636 1401 2656 a
1432 2621 1642 2656 coelestibus
1684 2623 1914 2666 corporibus,
1957 2624 2001 2656 de
2034 2625 2164 2668 quibus

1173 2678 1276 2712 multi
1296 2674 1504 2714 concedunt,
1532 2673 1610 2706 ideo
1627 2673 1797 2707 maiorem
1816 2674 2064 2707 certitudinem
2082 2684 2156 2705 csse
