2379 2948
126 76 197 113 641
744 72 788 107 V.
841 69 1165 107 EROTEMATA
1198 68 1534 106 DIALECTICES.
2081 77 2154 113 542

126 172 234 197 unam
255 165 392 193 tantum
404 170 477 192 esse
496 158 792 192 conditionalium
811 155 1113 201 significationem.
1168 154 1266 189 Haec
1288 156 1360 188 fere
1384 156 1569 200 praecipua
1598 157 1804 191 discrimina
1827 166 1908 193 sunt
1932 162 2153 196 conditiona-

126 210 226 246 Alias
250 217 332 244 sunt
348 210 521 250 causales,
549 206 806 257 αἰτιολογικαὶι
835 208 874 243 Si
890 213 1029 251 emptor
1052 208 1114 240 de·
1168 206 1276 246 lium,
1303 218 1392 250 quae
1411 207 1489 240 ideo
1508 208 1686 249 recensui,
1714 215 1751 242 ut
1770 209 1806 242 in
1836 211 1967 244 talibus
1990 215 2153 257 proposi-

125 261 220 295 derit
243 261 417 306 precium,
446 273 545 294 merx
567 261 598 293 ei
616 260 772 295 dabitur.
823 259 864 293 si
880 257 960 303 quis
977 257 1115 291 dederit
1167 256 1325 290 tionibus
1341 256 1540 291 iudicandis
1558 259 1745 302 prudentia
1762 258 1984 303 adhiheatur,
2002 274 2040 295 ac
2051 276 2154 297 mon-

126 312 182 346 vel
199 324 310 357 aquae
324 319 446 357 potum
464 312 526 345 uni
545 323 584 343 ex
602 309 763 343 minimis
786 320 946 342 meorum
973 315 1116 352 propter
1168 307 1284 341 stratis
1301 307 1479 349 fontibus,
1506 309 1595 342 aliae
1611 310 1746 343 vicinae
1763 311 2035 354 significationes
2052 314 2153 347 facile

125 364 344 404 doctrinam,
375 363 519 397 dabitur
546 361 578 393 ei
605 359 813 404 praemium.
875 358 914 393 Si
936 359 1016 404 quis
1041 370 1113 393 non
1167 357 1308 401 agnosci
1328 364 1514 401 poterunt,
1541 360 1585 392 ab
1602 359 1663 397 iis,
1691 361 1750 405 qui
1773 360 2039 397 Grammaticen
2064 372 2154 398 recte

126 414 203 448 vult
221 414 400 455 laborare,
424 424 496 447 non
514 411 684 445 comedat.
738 410 839 444 Alias
863 421 936 444 non
960 421 1114 448 causam,
1168 408 1386 449 didicerunt,
1435 416 1468 442 et
1510 409 1580 441 vim
1626 411 1877 453 particularum
1920 414 2154 449 considerant.

126 466 186 499 sed
222 465 385 498 ordinem
411 469 569 503 tantum,
613 468 673 495 aut
700 462 841 505 signum
869 467 928 494 aut
956 462 1115 501 modum,
1167 459 1386 502 Linguarum
1400 459 1505 492 etiam
1518 459 1702 492 diversitas
1717 463 1971 498 consideranda
1984 465 2155 501 est:2Pro-

126 523 188 550 aut
204 522 340 550 tantum
359 513 582 548 collationem
600 512 812 556 significant,
832 513 869 545 in
886 512 1016 557 quibus
1034 523 1114 555 par·
1168 510 1246 543 bate
1265 509 1422 553 spiritus,
1446 509 1476 542 si
1496 522 1534 542 ex
1551 509 1625 542 Deo
1642 517 1735 545 sunt.
1789 512 1856 546 Hic
1868 513 2001 548 Graece
2017 516 2156 551 locutus

126 567 236 601 ticula
252 565 447 610 praeposita
465 571 694 607 nuncupatur
710 559 979 612 συλλογιστική.
1009 560 1113 596 Ordo
1168 567 1219 594 est
1246 560 1437 605 interpres,
1472 567 1505 594 et
1536 561 1710 604 particula
1745 561 1784 595 Si
1814 570 1864 596 est
1894 564 2155 609 interrogativa,

127 617 358 660 significatur:
387 614 425 649 Si
445 615 618 648 intumuit
633 621 765 652 uterus,
792 614 917 659 pariet.
946 613 1112 657 Signum:
1167 624 1248 656 pro:
1277 623 1321 644 an
1342 623 1380 644 ex
1397 611 1485 647 Deo.
1531 610 1609 644 Hoc
1625 611 1759 645 dictum
1778 614 1931 646 alienum
1949 623 2009 655 est,
2037 630 2053 648 a
2072 630 2155 661 pro-

127 667 164 702 Si
182 679 285 701 mane
307 665 442 699 coelum
458 666 579 706 rubet,
607 672 726 710 postea
744 665 848 699 ssatus
867 671 971 698 erunt
989 670 1113 697 vento-
1166 662 1406 706 positionibus
1422 660 1673 708 hypotheticis.
1728 664 1827 697 Alibi
1845 664 1882 696 in
1909 665 2057 699 iurando
2085 669 2153 701 vim

126 730 217 753 rum.
270 716 419 750 Modus:
455 715 493 750 Si
526 717 568 749 ad
598 729 654 750 me
686 717 871 750 accesseris
900 716 956 749 die
983 715 1114 748 consti·
1167 711 1272 747 habet
1291 714 1513 757 denegantis.-
1534 713 1571 747 Si
1590 713 1794 748 introibunt
1811 716 1847 747 in
1862 715 2019 760 requiem
2034 729 2157 757 meam,

126 776 219 806 tuto,
254 767 448 801 numerabo
476 767 543 801 tibi
575 767 772 811 pecuniam.
826 766 865 801 Si
899 767 978 811 quis
1007 763 1113 799 habet
1166 765 1202 797 id
1228 772 1295 804 est,
1323 777 1396 797 non
1423 765 1627 804 intrabunt,
1655 776 1693 797 ac
1724 773 1856 799 veteres
1883 765 2010 799 Graeci
2035 769 2155 801 eodem

126 830 225 852 aures
242 818 424 858 audiendi,
449 817 580 851 audiat.
632 817 801 852 Collatio:
831 817 870 852 Si
890 817 1051 850 conversi
1069 817 1111 849 ad
1166 816 1273 848 modo
1293 815 1403 849 locuti
1417 822 1511 849 sunt.
1540 814 1606 849 Sed
1629 813 1714 848 haec
1731 818 1772 849 ad
1794 816 2060 850 Grammaticen
2078 831 2157 862 per-

124 868 259 910 Deum,
286 869 323 901 in
341 869 411 902 vita
428 869 569 903 mortali
592 868 818 912 affliguntur,
844 874 977 913 quanto
1002 867 1113 910 magis
1166 866 1304 906 tinent,
1327 878 1344 898 a
1364 879 1431 911 qua
1449 865 1663 900 Dialecticus
1688 868 1842 901 nativam
1858 867 2155 912 {significationem

125 919 323 954 afficientur
350 920 473 965 poenis
496 917 663 964 Epicurei
696 926 961 953 contemnentes
984 918 1111 952 Deum.
1166 929 1292 950 vocum
1309 918 1471 962 accipiat.

918 1144 1066 1174 LIBER,
1113 1144 1363 1182 QUARTUS.

631 1214 722 1255 DE
776 1212 984 1254 LOCIS
1038 1210 1647 1256 ARGUMENTORUM.

162 1300 266 1339 Quae
284 1302 342 1332 est
359 1303 467 1333 vetus
484 1297 617 1333 ἀπὶ-(πο
631 1301 805 1343 partium
821 1296 1081 1332 DialoeticeS?
1167 1323 1309 1352 causae,
1332 1311 1515 1344 indicandi
1539 1311 1692 1343 effectus.
1748 1307 1794 1343 Ut
1818 1309 1926 1352 igitur
1949 1309 2157 1346 architectus

126 1358 247 1399 Vetus
266 1364 396 1398 divisio
424 1362 509 1397 haec
534 1371 598 1397 est:
627 1364 709 1397 Alia
734 1375 816 1408 pars
834 1363 1046 1397 Dialectices
1069 1370 1118 1396 est
1168 1363 1350 1396 materiam
1376 1369 1410 1395 et
1435 1362 1584 1394 sormam
1614 1359 1798 1393 discernit:
1833 1361 1880 1392 ita
1905 1361 1943 1393 in
1966 1359 2156 1396 Dialectica

126 1416 335 1457 iudicatrix,
369 1415 437 1449 alia
465 1415 657 1450 inventrix.
710 1413 851 1448 Dicitur
875 1421 992 1448 autem
1020 1413 1118 1446 Iudi-
1168 1415 1267 1447 aliud
1285 1412 1454 1456 cogitabis
1475 1422 1546 1444 esse
1564 1410 1748 1444 materiam
1768 1421 1828 1443 seu
1847 1422 1936 1451 rem,
1965 1411 2060 1445 aliud
2085 1414 2157 1446 sor-

127 1468 236 1501 catrix
252 1467 312 1500 illa
330 1478 428 1511 pars,
455 1467 498 1499 de
514 1479 582 1511 qua
599 1463 770 1499 hactenus
785 1465 918 1499 dictum
936 1471 1005 1505 est,
1029 1477 1117 1509 quae
1168 1477 1281 1505 mam,
1317 1464 1351 1497 id
1380 1471 1429 1497 est
1452 1462 1729 1500 connexionem,
1773 1472 1833 1494 seu
1855 1464 2156 1507 consequentiam,

127 1518 296 1552 discernit
313 1529 433 1557 voces,
461 1517 605 1555 iudicat,
632 1529 722 1561 quae
739 1523 832 1550 recte
849 1522 1118 1554 connectantur,
1168 1514 1245 1550 Etsi
1263 1522 1377 1549 autem
1396 1513 1683 1547 adiudicandum
1701 1512 1787 1545 utile
1804 1519 1853 1545 est
1869 1513 2050 1547 includere
2061 1517 2154 1548 nuda

127 1582 217 1616 quae
233 1581 306 1602 non
324 1575 416 1601 recte
436 1568 642 1611 iungantur.
695 1566 873 1601 Discernit
897 1574 930 1601 et
956 1567 1118 1611 proposi-
1169 1567 1324 1600 membra
1351 1571 1639 1609 argumentorum
1668 1563 1771 1596 certis
1801 1570 1833 1596 et
1863 1565 2156 1599 convenientibus

127 1622 261 1661 tiones,
289 1626 321 1652 et
340 1619 483 1659 iudicat,
511 1619 655 1663 quando
672 1625 764 1651 recte
779 1616 991 1652 cohaereant
1007 1630 1118 1650 mem·
1168 1618 1291 1651 formis
1319 1616 1604 1662 syllogismorum
1631 1622 1663 1648 et
1684 1612 2004 1658 enthymematum:
2038 1623 2153 1649 tamen

127 1674 192 1706 bra
207 1672 245 1704 in
261 1669 492 1716 syllogismiS,
519 1676 553 1702 et
575 1670 720 1702 caeteris
742 1670 867 1702 formis
890 1676 1118 1712 argumento-
1167 1676 1341 1714 quatenus
1366 1668 1403 1700 in
1428 1678 1588 1699 sermone
1615 1673 1647 1698 et
1669 1665 1830 1698 oratione
1859 1666 2022 1709 populari
2049 1674 2154 1700 uten-

128 1735 220 1757 rum.
255 1722 376 1756 Altera
392 1732 472 1765 pars
490 1727 636 1754 vocatur
652 1719 853 1761 inventrix,
881 1731 970 1764 quae
987 1726 1117 1758 monet,
1168 1722 1251 1753 dum
1281 1720 1324 1753 sit
1353 1717 1408 1752 his
1436 1717 1556 1757 metis,
1598 1723 1630 1749 et
1663 1717 1842 1761 quomodo
1876 1717 2055 1749 vestienda
2085 1718 2155 1750 sint

128 1775 308 1820 quomodo
337 1784 390 1805 res
421 1772 685 1814 investigandae
718 1771 808 1811 sint,
842 1778 901 1804 aut
935 1643 1141 1952 proposito,
1167 1771 1323 1804 membra
1347 1775 1656 1812 argumentorum,
1684 1768 1875 1799 ostendunt
1900 1768 2054 1810 exempla
2075 1780 2153 1801 ora-

128 1837 246 1858 rerum
265 1824 421 1863 cumulo,
449 1824 549 1855 docet
567 1823 694 1865 eligere
712 1834 764 1863 ea,
789 1833 878 1867 quae
898 1827 1115 1866 praesentem
1167 1829 1296 1856 torum.
1350 1819 1425 1854 Etsi
1445 1820 1539 1852 enim
1556 1818 1739 1860 diligentia
1757 1814 1957 1849 adhibenda
1977 1826 2025 1851 est
2043 1819 2078 1851 in
2097 1831 2154 1852 ar-

128 1875 314 1910 materiam
342 1874 534 1908 illustrant.
585 1872 681 1906 Haec
717 1884 772 1905 ars
806 1880 953 1906 vocatur
976 1870 1116 1916 τοπικῂ,
1166 1872 1358 1916 gui-nentis,
1381 1878 1418 1904 ut
1437 1870 1593 1902 membra
1612 1875 1702 1901 recte
1719 1868 1969 1910 disponantur,
1997 1876 2028 1901 et
2045 1877 2152 1903 metas

128 1928 165 1960 id
184 1934 252 1967 est,
278 1926 438 1959 doctrina
464 1925 645 1967 locorum,
672 1924 734 1968 qui
757 1931 839 1957 sunt
863 1924 960 1957 velut
981 1923 1116 1955 indices
1166 1923 1300 1967 aliquas
1326 1922 1410 1955 artis
1435 1919 1602 1958 habeant,
1638 1926 1754 1952 tamen
1779 1919 1912 1950 accedit
1945 1927 2089 1953 ornatus
2121 1928 2151 1953 et

129 1990 269 2018 rerum,
305 1977 360 2009 vel
389 1975 736 2018 investigandarum,
771 1975 827 2007 vel
863 1975 1116 2017 eligendarum,
1167 1974 1266 2017 copia
1288 1985 1348 2006 seu
1367 1973 1478 2011 nitor,
1507 1978 1544 2004 ut
1563 1970 1702 2013 plenior
1718 1977 1747 2002 et
1767 1969 1949 2002 sonantior
1968 1970 2011 2003 sit
2028 1972 2152 2003 oratio.

130 2036 171 2063 ut
193 2028 356 2062 Medicus
381 2026 566 2072 proposito
592 2027 692 2070 signo
720 2032 884 2065 externo,
919 2032 959 2058 ut
984 2025 1115 2057 veloci·
1167 2025 1254 2058 Nam
1270 2023 1462 2056 Dialectica
1480 2022 1632 2054 brevitas
1651 2033 1713 2053 nec
1738 2020 1843 2052 ferire
1860 2031 1978 2057 aures,
2013 2033 2077 2054 nec
2093 2034 2152 2055 su-

131 2086 222 2120 tate,
255 2079 310 2112 vel
333 2078 583 2123 inaequalitate
611 2078 733 2121 pulsus
756 2077 924 2117 arteriae,
958 2076 1115 2121 sequitur
1167 2077 1240 2109 bito
1262 2074 1370 2119 arripi
1397 2080 1530 2118 potest,
1557 2072 1761 2116 praesertim
1778 2083 1794 2103 a
1818 2071 1978 2105 rudibus.
2033 2071 2151 2113 Quare

132 2132 250 2164 locum
275 2131 318 2163 ab
344 2130 486 2170 effectu,
520 2130 584 2162 scit
610 2129 704 2172 signi
737 2125 844 2161 huius
875 2128 1113 2173 quaerendam
1166 2126 1352 2171 praecipua
1392 2125 1547 2157 membra
1583 2123 1752 2157 illustrari
1789 2128 1944 2165 oportet,
1983 2129 2021 2154 nt
2051 2124 2148 2166 quasi

132 2194 204 2217 esse
221 2192 377 2219 causam,
404 2178 471 2213 hoc
488 2186 551 2220 est,
577 2180 713 2213 fontem
730 2179 866 2224 pulsus,
892 2178 1024 2212 scilicet
1044 2190 1114 2217 cor,
1168 2178 1313 2222 propius
1333 2176 1488 2220 conspici
1507 2174 1651 2218 possint.
1708 2172 1857 2217 Utrique
1872 2179 1986 2205 antem
2010 2174 2150 2215 prodest

131 2231 270 2280 quaerit
290 2231 435 2270 deinde,
474 2231 570 2264 unde
595 2243 656 2264 cor
680 2230 866 2264 incensum
888 2230 941 2264 sit.
1004 2228 1115 2272 Saepe
1168 2241 1241 2267 ars,
1270 2229 1403 2262 dicenti
1422 2235 1455 2260 et
1473 2225 1656 2259 iudicanti.
1708 2224 1790 2257 Loci
1809 2224 1931 2255 seriem
1951 2235 2068 2255 rerum
2086 2224 2149 2256 eli-

132 2291 250 2320 autem
266 2282 353 2315 locis
375 2281 509 2315 utimur
534 2293 608 2315 non
629 2289 700 2316 tam
725 2282 769 2315 ad
797 2281 1115 2324 investigationem,
1167 2281 1380 2323 gendarum,
1414 2285 1448 2311 et
1473 2277 1571 2322 quasi
1601 2276 1692 2308 viam
1723 2274 1938 2317 explicandi,
1974 2281 2007 2306 et
2041 2282 2149 2308 metas

132 2346 238 2382 quam
256 2334 300 2366 ad
316 2332 521 2366 electionem
535 2345 664 2373 rerum,
687 2345 836 2378 quarum
854 2332 1017 2365 cumulus
1033 2344 1115 2375 pro-
1168 2331 1367 2364 dicentibus
1384 2334 1592 2362 monstrant.
1647 2324 1784 2358 Deinde
1803 2325 1912 2356 lector
1928 2324 1980 2356 vel
2008 2325 2149 2358 auditor

132 2387 267 2432 positus
291 2390 358 2424 est,
385 2390 425 2417 ut
449 2382 488 2415 in
512 2380 668 2417 Ecclesia
693 2384 835 2417 docenti
858 2395 931 2416 non
955 2389 1036 2416 sunt
1059 2394 1115 2415 res
1167 2383 1303 2425 singula
1323 2381 1479 2414 membra
1499 2378 1595 2423 quasi
1613 2378 1765 2409 detracta
1786 2382 1878 2407 veste
1895 2375 2089 2416 conserens,
2115 2384 2147 2410 et

133 2436 387 2474 inveniendae,
412 2445 486 2466 non
503 2433 596 2466 enim
614 2435 790 2478 gignimus
811 2434 1027 2467 doctrinam:
1056 2434 1114 2466 sed
1167 2433 1358 2467 Dialectice
1375 2439 1581 2468 contexens,
1609 2428 1720 2463 videt,
1747 2438 1790 2457 an
1809 2432 1901 2458 recte
1928 2423 2148 2467 cohaereant,

134 2501 213 2523 cum
231 2499 310 2531 pars
327 2485 465 2530 aliquae
482 2484 682 2518 coelestium
698 2486 908 2519 concionum
935 2485 1113 2529 proposita
1168 2491 1201 2518 et
1218 2496 1306 2529 quae
1325 2483 1480 2516 membra
1501 2480 1598 2512 firma
1626 2478 1694 2510 sint
1720 2483 1778 2509 aut
1804 2476 1956 2511 infirma.
2009 2475 2083 2511 Hac
2105 2480 2147 2511 de

135 2546 206 2577 est,
238 2537 337 2581 eligit
369 2548 425 2569 res
452 2535 656 2579 praecipuas
677 2537 832 2578 prudens
857 2537 1049 2580 interpres„
1083 2543 1116 2569 et
1167 2548 1205 2569 re
1229 2542 1320 2568 extat
1344 2531 1587 2566 venustissima
1613 2527 1808 2560 admonitio
1832 2528 1923 2571 apud
1952 2526 2148 2570 Quintilia-

134 2590 202 2625 loci
212 2594 422 2628 monstrant,
437 2597 506 2631 quo
526 2585 651 2618 ordine
668 2586 738 2618 sint
756 2587 992 2630 explicandae,
1009 2598 1116 2631 quae-
1168 2598 1266 2619 num.
1319 2582 1366 2617 Et
1385 2583 1470 2615 utile
1488 2587 1554 2619 est,
1582 2578 1736 2622 exempla
1754 2590 1793 2610 ex
1811 2578 2032 2612 orationibus
2048 2578 2147 2613 Cice-

133 2641 244 2675 renda
268 2638 446 2676 definitio,
473 2636 655 2669 faciendae
679 2636 906 2680 partitiones,
941 2638 1115 2671 eruendae
1168 2636 1265 2670 ronis
1283 2642 1315 2669 et
1333 2634 1482 2666 aliorum
1500 2630 1669 2676 proferri,
1697 2641 1784 2674 quae
1801 2630 1986 2663 ostendant
2002 2642 2073 2663 non
2091 2642 2146 2664 so·

183 2694 357 2724 MELANTH.
379 2691 481 2723 Ori-33.
509 2689 586 2719 Vor.
604 2688 696 2721 XIII.
1588 2679 1634 2715 41
