2379 2948
139 77 236 114 1201

137 169 199 197 aut
229 162 391 196 doctores
420 161 610 195 calumniis
639 161 869 207 opprimunt,
917 161 1008 194 sicut
1042 173 1138 195 nunc

135 213 241 247 multi
259 213 458 257 excogitant
484 213 686 258 praestigias
706 220 740 248 et
764 211 1000 259 sophismata,
1027 220 1066 246 ut
1081 213 1138 247 fu·-

136 276 216 299 cosa
241 265 356 308 specie
379 265 561 299 stabiliant
587 265 702 304 idola,
730 272 761 298 et
788 263 1004 309 sophismata
1030 276 1137 309 quae-

135 317 219 350 dam
245 318 332 350 adeo
357 316 513 361 speciosa
537 323 637 355 sunt,
664 323 705 350 ut
721 317 878 350 difficilis
896 315 940 349 sit
959 315 1135 351 refutatio.

134 367 285 402 Necesse
312 374 363 402 est
385 368 494 411 igitur
517 380 536 401 a
552 368 631 401 Deo
659 374 795 412 petere,
824 374 862 401 ut
883 367 969 401 tales
989 367 1133 411 praesti-

135 419 287 463 giatores
304 419 493 464 reprimat,
515 431 581 452 nec
598 419 691 453 sinat
710 419 821 452 deleri
841 419 1040 454 veritatem.
1070 417 1135 451 Di—

135 471 228 506 citur
245 478 278 505 et
293 471 331 504 in
342 482 469 515 genere
487 472 531 503 de
548 469 748 510 calumniis,
775 470 857 504 Non
869 477 920 504 est
938 470 1134 503 remedium

134 523 304 556 adversus
321 519 560 568 sycophantae
578 533 749 562 morsum,
777 523 857 556 ideo
875 522 1068 567 petendum
1085 528 1134 555 est

134 573 308 608 auxilium
325 572 404 608 Dei.

239 624 381 658 Primus
406 635 527 657 versus
551 630 603 658 est
621 636 688 657 vox
706 622 809 662 fidei,
838 634 945 668 quam
971 624 1008 657 in
1034 623 1132 658 omni

135 676 364 710 invocatione
389 675 591 720 praelucere
623 682 782 720 oportet,
817 677 936 708 credat
962 676 1133 708 invocans

135 739 220 762 suos
251 727 401 771 gemitus
433 733 467 760 et
491 727 662 761 clamores
694 739 768 760 non
799 738 871 759 esse
901 727 1041 768 irritos,
1073 728 1131 759 sed
1161 726 1162 738 ¹

134 790 218 812 vere
244 791 280 812 se
300 778 375 812 Deo
395 790 499 811 curae
526 791 618 818 esse,
648 785 681 812 et
705 777 866 811 exaudiri
891 785 1036 822 propter
1054 777 1133 811 Me-

134 830 326 867 diatorem,
362 836 395 864 et
425 828 696 874 comprehendit
720 826 897 873 Propheta
928 830 1131 863 universam

133 881 358 922 doctrinam,
385 893 465 914 cum
494 883 658 915 nominat
676 881 790 915 Deum
818 880 930 931 Πρῗτῖ,
959 882 1131 923 significat

134 932 230 966 enim
251 944 285 966 se
304 932 473 966 invocare
490 931 605 966 Deum
625 933 836 978 patefactum
861 933 898 965 in
923 933 1132 976 promissio-

133 984 261 1025 nibus,
295 984 357 1029 qui
382 984 419 1017 in
444 997 524 1017 vera
544 983 701 1018 Ecclesia
727 983 931 1027 agnoscitur
960 991 993 1018 et
1028 984 1133 1017 invo-

133 1042 244 1076 catur,
262 1042 293 1069 et
306 1036 476 1070 discernit
494 1037 630 1071 cultum
650 1049 751 1070 verae
763 1034 943 1069 Ecclesiae
959 1036 1002 1069 ab
1013 1035 1130 1069 omni-
1160 1034 1161 1053 ³

130 1088 198 1121 bus
216 1087 296 1120 aliis
313 1087 480 1122 cultibus,

237 1138 424 1173 Secundus
440 1151 561 1172 versus
586 1146 636 1173 est
658 1150 817 1183 expressa
842 1138 1016 1183 precatio,
1043 1150 1132 1183 quae

133 1197 184 1224 est
208 1190 406 1234 propositio
431 1188 537 1224 huius
562 1190 714 1232 Psalmi,
742 1190 803 1224 ubi
824 1197 986 1234 precatur
1009 1196 1130 1223 contra

132 1241 417 1275 calumniatores.

238 1292 383 1326 Tertius
402 1293 631 1337 amplificatio
657 1300 727 1331 est,
755 1304 844 1338 quae
868 1299 907 1325 ut
932 1292 977 1325 sit
1002 1292 1133 1325 arden-

132 1344 205 1379 tior
233 1345 393 1378 continet
430 1345 746 1388 interrogationem
785 1351 818 1378 et
853 1343 1132 1387 responsionem.

132 1392 240 1442 Quid
260 1392 365 1428 dabit
389 1393 522 1441 lingua
547 1392 846 1442 sycophanlica?
878 1395 913 1428 id
940 1401 1007 1432 est,
1034 1393 1131 1436 Quid

130 1448 222 1492 agit,
248 1448 430 1492 quomodo
450 1454 552 1481 nocet
569 1446 833 1481 calumniator?
886 1445 1057 1491 Sequitur
1078 1457 1132 1478 re-

131 1499 277 1544 sponsio
296 1499 333 1531 in
349 1511 454 1532 versu
469 1505 613 1544 quarto:
642 1496 757 1534 Nocet
784 1501 822 1531 ut
846 1496 1009 1543 sagittae
1033 1507 1134 1530 cene-

133 1554 264 1590 natae,
300 1553 330 1582 et
355 1554 441 1583 sunt
466 1548 674 1584 incendium
699 1549 969 1596 iuniperornm,
1006 1549 1042 1581 id
1070 1555 1133 1586 est,

134 1603 205 1637 cito
234 1602 303 1636 late
330 1608 506 1644 grassatur
523 1602 643 1635 fabula
660 1601 948 1641 calumniatoris,
974 1607 1014 1634 ut
1036 1599 1134 1632 iuni-

134 1653 212 1699 peri
236 1659 382 1698 proptcr
404 1652 493 1696 ligni
517 1653 772 1697 pinguedinem
799 1651 984 1685 celerrime
1010 1651 1134 1683 incen-
1160 1680 1161 1686 ,

134 1707 283 1741 duntur.
350 1703 472 1738 [Jtitur
512 1711 629 1738 autem
664 1703 803 1737 duabus
834 1702 1134 1735 similitudinibus

135 1763 282 1802 propter
313 1756 444 1800 duplex
482 1756 673 1797 damnum,
710 1760 840 1788 nocent
871 1753 1072 1787 calumniae
1102 1760 1134 1786 et

135 1807 357 1853 corruptelae
382 1807 586 1849 doctrinae,
622 1807 704 1852 quia
732 1805 891 1849 singulos
915 1804 1135 1838 interficiunt

136 1861 229 1894 sicut
252 1859 410 1903 sagittae.
470 1857 611 1893 Deinde
636 1866 719 1892 sunt
745 1868 868 1891 causae
891 1856 1135 1894 dissidiorum,

136 1911 316 1946 bellorum
336 1917 370 1944 et
386 1911 578 1952 vastitatis,
606 1911 697 1945 sicut
714 1909 922 1943 incendium
949 1907 1135 1952 iunipero-

137 1975 218 1997 rum
236 1963 304 1996 late
321 1969 511 2005 grassatur.

241 2013 400 2057 Quintus
423 2024 544 2047 versus
570 2018 620 2045 est
643 2008 768 2051 πάθος
793 2023 813 2045 a
838 2011 936 2052 loco,
972 2009 1134 2043 videlicet

139 2065 268 2099 usitata
300 2065 443 2110 querela
475 2063 675 2104 Ecclesiae,
727 2064 822 2110 quod
854 2069 1014 2096 versetur
1043 2062 1136 2094 inter

140 2116 387 2150 acerbissimos
400 2117 584 2157 inimicos,
613 2123 652 2150 ut
666 2114 796 2150 Daniel
823 2115 919 2147 sedet
946 2114 1040 2146 inter
1061 2113 1138 2146 leo-

141 2179 216 2203 nes.
271 2166 380 2209 Item,
407 2169 501 2213 quod
518 2169 654 2202 deserta
673 2167 737 2208 sit,
764 2167 840 2199 sine
858 2165 1063 2210 praesidiis,
1090 2165 1137 2197 si-

140 2231 186 2253 ne
202 2219 342 2259 amicis,
368 2226 407 2252 ut
424 2219 540 2252 David
567 2219 700 2264 inquit:
730 2218 835 2252 Pater
858 2226 891 2252 et
907 2224 1021 2250 mater
1037 2218 1137 2250 dere-

142 2271 327 2316 liquerunt
344 2282 417 2312 me,
443 2269 620 2304 Dominus
638 2278 753 2304 autem
772 2269 925 2314 suscepit
940 2281 1008 2303 me.
1045 2266 1136 2301 Sum

142 2319 250 2361 exul,
279 2322 417 2367 inquit,
446 2321 484 2354 in
504 2318 652 2355 Mesech
676 2326 706 2356 et
734 2322 772 2355 in
789 2316 923 2356 Cedar.
966 2319 1137 2353 Nominat

143 2381 265 2419 gentes
290 2380 424 2414 truces,
459 2374 535 2420 sine
560 2373 731 2417 religione
755 2381 787 2408 et
802 2372 990 2417 disciplina
1013 2371 1137 2404 viven-

142 2434 206 2462 tes.
259 2424 376 2459 Cedar
399 2425 494 2458 enim
519 2422 615 2458 haud
640 2425 748 2459 dubie
767 2426 931 2459 nominat
958 2422 1094 2456 Arabes
1120 2435 1137 2455 a

143 2477 218 2511 filio
233 2475 392 2520 Isma'elis
405 2504 414 2518 ,
443 2474 556 2512 Gene.
578 2474 633 2511 15.
680 2476 772 2510 Sunt
788 2484 905 2510 autem
924 2474 1060 2509 Arabes
1077 2475 1139 2508 de-

143 2529 211 2563 diti
237 2527 447 2563 latrociniis.
505 2524 652 2561 Mesech
677 2527 772 2561 filius
798 2528 867 2562 fuit
888 2524 1030 2571 taphet,
1066 2524 1139 2560 Ge-

143 2592 201 2614 ne.
225 2580 283 2615 10.
330 2579 414 2613 Filii
439 2585 555 2613 autem
579 2576 703 2623 Iaphet
727 2585 945 2624 occuparunt
971 2578 1048 2611 loca
1071 2578 1141 2611 mi-

144 2631 244 2666 noris
259 2630 383 2671 Asiae,
411 2637 445 2664 et
461 2630 620 2664 vicinum
639 2637 791 2664 tractum
810 2630 847 2663 in
863 2629 1008 2674 Europa
1026 2636 1058 2663 et
1076 2628 1139 2663 Se-

144 2682 366 2728 ptentrione,
391 2689 432 2717 ut
454 2695 473 2716 a
501 2681 638 2716 Gomer
661 2688 741 2715 sunt
760 2679 964 2718 Cimmerii.
989 2691 1008 2713 a
1026 2680 1142 2726 Tyras

196 2736 373 2767 DIELANTH.
395 2736 499 2768 Orza.
523 2735 605 2766 5⁶01..
623 2734 718 2767 XIII.

731 74 798 110 lx.
855 71 1225 110 COMMENTARH
1259 72 1310 108 IN
1343 71 1588 110 PSALMOS.

2091 76 2190 112 1202

1191 158 1368 202 Thraces,
1396 173 1414 194 a
1433 158 1572 205 Riphat
1595 157 1769 204 Riphaei,
1797 160 1842 194 ab
1861 156 2016 193 Ascanes
2035 158 2188 195 Tuisco-

1190 224 1272 254 nes,
1316 224 1335 246 a
1357 211 1490 256 Magog
1526 208 1697 258 Scythae,
1740 223 1758 244 a
1783 208 1928 244 Mesech
1960 210 2188 254 Mossinoeci‚

1189 276 1343 310 quorum
1363 264 1399 296 fit
1417 263 1551 296 mentio
1568 264 1605 296 in
1623 263 1863 306 Argonautica
1882 259 2049 302 historia,
2078 264 2187 297 vicini

1188 313 1350 355 Colchis,
1392 313 1439 349 Et
1460 314 1619 348 fortassis
1647 314 1731 347 inde
1756 326 1841 358 gens
1863 321 1895 347 et
1920 314 2111 358 appellatio
2136 322 2187 348 est

1191 364 1446 405 Moschorum,
1484 378 1566 398 nam
1585 372 1619 400 et
1637 364 1841 410 Stephanus
1864 366 2000 410 inquit:
2033 362 2187 411 ΖἉόσχοι

1189 417 1303 457 ἔθνος
1324 414 1508 462 κολχικὸν.

1291 464 1461 512 ῘΙῙΕεεεΙι,
1491 468 1525 500 id
1543 474 1610 509 est,
1639 468 1844 509 extendens,
1871 467 2036 503 videlicet
2053 480 2186 504 arcum.

1161 529 1164 562 ξ
1188 514 1313 555 Cedat·
1331 521 1442 563 niger.
1495 515 1631 565 Iaphet
1651 519 1823 553 dilatatio.
1869 515 2005 552 Gomer
2020 520 2185 564 manipu-

1188 573 1255 609 lus.
1282 569 1438 618 Thyras
1460 572 1660 614 populator.
1688 567 1860 616 Riphaei
1874 571 2039 613 gigantes.
2069 569 2185 604 Asca-

1161 658 1163 674 }
1189 635 1251 659 nes
1275 631 1391 658 custos
1415 622 1524 664 ignis,
1552 623 1634 655 inde
1657 622 1826 655 dicuntur
1852 621 2059 654 Tuiscones.
2114 620 2185 655 Ion

1188 677 1364 719 deceptor.
1426 671 1511 718 Gog
1545 680 1687 708 tectum.
1749 669 1902 717 Jllagog
1925 679 2024 706 ortus
2050 685 2068 705 a
2095 672 2187 717 Gog.

1188 721 1330 760 Cithim
1363 736 1595 771 percussores.
1665 720 1850 762 sumetis,
1895 723 2044 757 Macedo
2087 731 2186 758 ortus

1187 778 1360 813 aCittim.

1292 829 1420 863 Sextus
1453 839 1575 861 versus
1602 827 1745 872 querela
1771 833 1821 859 est
1848 826 1924 859 sine
1948 825 2058 868 figura
2095 825 2185 858 reci-

1187 888 1276 922 tata,
1303 881 1397 926 quod
1418 880 1511 913 inter
1529 879 1693 912 inimicos
1710 878 1874 911 ardentes
1894 878 1985 909 odiis
2012 874 2161 910 habitet.

1290 940 1469 985 Septimus
1488 951 1608 973 versus
1629 950 1769 972 causam
1788 938 1861 971 odii
1882 936 2055 971 ostendit:
2085 934 2185 982 Ego,

1188 992 1325 1038 inquit,
1361 1003 1486 1037 pacem
1522 989 1624 1031 colo,
1666 990 1777 1023 affero
1808 1001 1930 1022 vocem
1966 988 2128 1020 divinam
2154 995 2186 1022 et

1159 1068 1160 1091 3
1187 1045 1396 1084 salutarem,
1425 1043 1481 1076 cui
1501 1043 1623 1075 cedere
1641 1042 1836 1081 debebant,
1871 1041 1929 1074 sed
1953 1040 2009 1073 isti
2034 1051 2107 1072 non
2124 1040 2187 1073 de-

1159 1108 1160 1112 *
1187 1096 1309 1129 sinunt
1326 1095 1486 1128 furenter
1509 1093 1698 1127 adversari.

1323 1207 1659 1253 Argumentum
1696 1214 1749 1237 ac
1785 1202 2048 1248 dispositio

1510 1272 1669 1313 Psalmi
1712 1270 1873 1312 CXXI.

1557 1347 1751 1375 Graduum
1776 1346 1811 1372 ll.

1236 1409 1382 1444 Levabo
1418 1409 1541 1442 oculos=
1571 1418 1674 1441 meos
1699 1406 1747 1440 acl
1779 1410 1946 1447 montem,
1991 1405 2091 1440 unde
2124 1417 2186 1440 ve-

1238 1465 1317 1496 niet
1343 1461 1532 1495 auxillum
1562 1458 1669 1493 milei.

1288 1537 1394 1572 Prior
1417 1536 1579 1570 Psalmus
1606 1541 1679 1567 erat
1707 1533 1863 1578 precatio
1889 1533 2103 1566 nominatim
2124 1545 2187 1580 pe-

1161 1601 1162 1633 }
1186 1598 1281 1631 tens,
1308 1588 1456 1632 reprimi
1481 1586 1700 1629 corruptelas
1723 1584 1906 1618 doctrinae
1930 1592 1961 1618 et
1980 1584 2187 1624 calumnias,

1160 1639 1161 1656 ³
1186 1653 1336 1686 sequens
1354 1639 1516 1673 Psalmus
1541 1644 1591 1670 est
1616 1636 1770 1680 precatio
1797 1647 1860 1679 pro
1883 1635 2075 1669 universali
2103 1647 2186 1679 pro-

1187 1693 1360 1731 tectione,
1388 1697 1421 1724 et
1448 1695 1532 1723 sunt
1555 1688 1696 1721 additae
1723 1686 1948 1720 dulcissimae
1977 1687 2185 1730 promissio-

1186 1756 1267 1785 nes,
1296 1754 1386 1788 quae
1404 1742 1593 1775 adfirmant
1611 1739 1818 1772 invocantes
1835 1736 1963 1778 Deum,
1990 1738 2185 1771 certissime

1188 1796 1217 1829 ei
1237 1807 1343 1828 curae
1362 1805 1454 1832 esse,
1483 1790 1620 1836 protegi
1639 1804 1656 1823 a
1674 1789 1762 1830 Deo,
1790 1796 1820 1822 et
1839 1790 1883 1822 ab
1902 1801 1943 1822 eo
1963 1789 2034 1832 regi
2048 1815 2057 1832 >
2087 1789 2184 1823 iuxta

1187 1848 1248 1880 illa
1269 1847 1379 1879 dicta:
1408 1844 1500 1878 lacta
1519 1854 1640 1876 curam
1666 1850 1762 1875 tuam
1790 1841 1827 1873 in
1847 1840 1983 1880 Deum,
2007 1847 2040 1873 et
2059 1840 2133 1884 ipse
2151 1847 2185 1874 te

1187 1898 1354 1932 enutriet.
1391 1895 1496 1929 ltem:
1520 1892 1596 1937 Ego
1615 1905 1675 1926 ero
1695 1904 1818 1926 murus
1838 1892 1962 1935 igneus
1978 1891 2016 1924 in
2035 1891 2185 1925 circuitu

1188 1961 1324 1983 eorum.
1380 1946 1486 1981 Item:
1522 1943 1660 1979 Omnes
1687 1944 1810 1988 capilli
1837 1943 1962 1987 capitis
1987 1943 2091 1976 vestri
2117 1955 2185 1976 nu-

1188 2001 1312 2035 merati
1337 2006 1433 2034 sunt.

1292 2060 1418 2095 Sermo
1443 2057 1651 2103 perspicuus
1673 2061 1745 2096 est,
1781 2053 1986 2098 praesertim
2021 2053 2184 2086 recitanti

1187 2113 1227 2148 in
1244 2125 1324 2146 vera
1345 2110 1590 2149 invocatione,
1617 2107 1655 2140 in
1682 2118 1750 2152 qua
1776 2106 1880 2138 fidem
1900 2105 2017 2137 lucere
2035 2110 2185 2147 oportet,

1189 2172 1222 2199 et
1240 2163 1462 2209 acquiescere
1482 2162 1518 2194 in
1544 2158 1600 2193 his
1622 2156 1939 2203 promissionibu5‚
1967 2156 2024 2188 sed
2046 2153 2185 2199 phrasis

1189 2216 1451 2250 consideretur:
1493 2209 1646 2246 Lavabo
1675 2207 1798 2242 oculos
1821 2218 1918 2240 meos
1949 2209 2001 2240 acl
2030 2210 2182 2244 montes,

1190 2269 1223 2301 id
1243 2274 1311 2306 est,
1342 2264 1408 2299 hos
1426 2271 1563 2298 montes
1581 2261 1836 2305 Iemsolymae,
1864 2258 1957 2291 Zion
1975 2264 2008 2291 et
2025 2255 2183 2296 Moriah‚

1190 2321 1233 2353 ad
1251 2317 1317 2352 hos
1336 2315 1549 2351 nominatim
1571 2311 1799 2354 restringitur
1816 2309 1988 2354 precatio,
2015 2315 2054 2342 ut
2074 2308 2184 2352 signi-

1190 2372 1268 2405 ficet
1284 2367 1463 2414 Propheta
1481 2379 1515 2400 se
1531 2363 1627 2399 hunc
1645 2364 1763 2397 Deum
1790 2362 1973 2401 invocare,
2002 2360 2063 2404 qui
2082 2371 2117 2392 se
2133 2359 2185 2393 ibi

1190 2422 1373 2468 patefecit,
1402 2419 1462 2465 qui
1490 2416 1587 2452 hunc
1606 2415 1742 2449 cultum
1765 2425 1842 2446 vere
1866 2411 2041 2451 instituit,
2069 2411 2181 2444 tradi-

1191 2475 1245 2508 dit
1269 2484 1390 2506 vocem
1425 2481 1524 2503 suam
1555 2475 1587 2501 et
1611 2478 1692 2499 vere
1719 2472 1768 2498 est
1791 2463 1906 2504 Deus,
1943 2474 1982 2495 ac
2007 2462 2185 2496 discernat

1191 2537 1290 2560 suam
1309 2522 1572 2556 invocationem
1594 2518 1638 2551 ab
1662 2516 1823 2550 omnium
1847 2515 1998 2547 aliarum
2025 2514 2184 2556 gentium

1192 2575 1404 2610 numinibus
1429 2579 1461 2606 et
1484 2570 1650 2605 cultibus.
1705 2567 1764 2602 Sic
1787 2573 1820 2600 et
1843 2577 1908 2599 nos
1929 2566 1967 2598 in
1984 2565 2185 2598 invocando

1192 2627 1404 2671 cogitemus,
1431 2623 1517 2669 quid
1535 2622 1781 2666 alloquamur,
1808 2618 1870 2651 ubi
1895 2623 1929 2650 et
1953 2617 2133 2662 quomodo
2150 2628 2186 2649 se

1191 2678 1289 2713 Deus
1304 2674 1525 2723 patefecerit,
1550 2679 1583 2707 et
1604 2669 1701 2705 hunc
1720 2682 1841 2704 verum
1858 2667 1973 2703 Deum
1996 2667 2187 2712 compelle-

1620 2722 1669 2757 76

1160 1772 1162 1785 l
