2379 2948
123 108 197 146 457
762 108 824 144 lv.

122 201 154 227 ta
172 189 331 232 ἀξίωσις.
385 190 464 227 Etsi
483 199 599 228 autem
618 205 691 227 non
710 194 829 226 omnia
846 193 988 226 exordia
1013 192 1112 225 simi-

123 244 170 277 lia
187 251 290 285 sunt,
319 251 434 278 tamen
458 246 626 290 pleraque
653 244 777 277 Cicero
804 242 870 276 hoc
893 244 998 276 modo
1017 255 1112 276 com-

123 295 236 339 ponit.
290 294 358 328 Pro
385 294 517 329 Archia
550 295 653 328 initio
684 294 782 337 ponit
817 290 1010 339 πρότασιν.
1073 294 1111 328 Si

123 346 210 391 quid
230 346 267 379 in
292 347 443 380 dicendo
468 357 611 390 possum
635 345 820 389 praecipue
845 343 1013 377 Archiam
1038 345 1111 377 elo-

122 397 265 442 quentia
295 410 370 430 mea
402 397 492 430 tueri
517 397 639 430 debeo,
692 394 865 439 Sequitur
886 393 1110 440 κατασκευὴ,

122 460 211 492 quae
230 455 277 481 est
296 449 386 481 ratio
403 446 673 491 propositionis,
701 446 782 490 quia
803 444 954 479 Archias
973 447 1108 479 adiuvit

121 496 206 532 haec
239 511 312 531 mea
345 498 470 531 studia.
533 496 670 529 Deinde
702 493 894 537 ἀπόδοσις,
929 497 1109 530 conclusio

120 547 401 595 enthymematis.
455 547 493 582 Si
520 560 595 580 mea
622 547 822 593 eloquentia
854 549 933 581 aliis
965 549 1109 592 profuit,

120 608 254 645 quanto
271 599 378 642 magis
401 599 457 632 isti
485 601 650 642 prodesse
674 600 794 637 dehet,
824 612 841 631 a
867 612 935 644 quo
963 600 1107 632 excitata

119 658 181 685 est.
234 649 485 683 Hicinseritur
511 650 750 690 adversativa,
784 652 842 682 sed
869 650 1018 684 miretur
1043 650 1107 682 ali-

119 702 217 746 quis,
259 702 436 746 quomodo
466 710 585 734 orator
610 713 628 734 a
658 702 760 745 poe'ta
789 702 951 733 adiuvari
987 702 1107 745 possit.

116 751 219 785 Hanc
234 764 376 796 quoque
392 752 544 785 absolvit
560 764 633 785 uno
651 749 922 797 enthymemate,
951 753 1032 797 quia
1050 764 1106 784 ar-

116 811 167 836 tes
182 803 275 836 inter
292 814 326 835 se
351 810 517 845 cognatae
540 811 633 836 sunt.
688 802 825 836 Deinde
850 800 1016 843 ἀξίωσις,
1046 815 1106 847 pe·-

115 854 212 894 titio,
239 860 276 887 ut
296 865 331 886 se
347 855 390 886 de
406 866 506 887 causa
524 854 718 894 dicentem,
747 855 904 888 audiant.
943 853 1013 887 Nec
1034 851 1105 886 liu-

114 904 171 937 ius
190 904 326 937 formae
344 905 445 937 valde
461 905 647 938 dissimilia
665 912 746 938 sunt
763 905 830 938 alia
847 905 1000 940 exordia.
1047 904 1105 937 ln-

113 956 252 989 terdum
271 956 506 999 propositioni
525 957 641 990 statim
659 956 854 999 opponitur
872 957 1105 989 achei-sativa.

114 1005 299 1040 Interdum
320 1007 528 1040 inseruntur
547 1009 726 1052 ,quaedam
753 1007 876 1039 breves
900 1007 1105 1049 explicatio-

112 1069 192 1098 nes,
223 1064 263 1091 ut
287 1070 351 1102 pro
380 1057 551 1091 Marcello
580 1054 766 1103 πρότασις.
819 1056 908 1090 Cum
935 1055 1104 1090 hactenus

112 1108 303 1147 tacuerim,
332 1121 427 1142 nunc
447 1110 668 1142 redeundum
694 1115 745 1142 est
770 1106 859 1140 mihi
884 1109 927 1140 ad
953 1115 1102 1141 veterem

112 1160 256 1192 dicendi
281 1160 592 1203 consuetudinem,
629 1157 839 1203 κατασκευὴ
869 1159 950 1203 quia
974 1159 1104 1192 benefi—

111 1211 204 1243 cium
215 1209 375 1244 Caesaris
392 1223 464 1243 non
484 1223 624 1254 possum
642 1211 768 1244 tacitus
787 1211 987 1253 praeterire,
1013 1206 1103 1243 ἀπό-

111 1259 225 1300 δοσις.
279 1261 368 1294 Nam
383 1262 527 1295 absente
544 1261 716 1295 Marcello
733 1263 892 1294 carebam
916 1262 1010 1294 socio
1036 1259 1102 1294 hu-

111 1313 166 1345 ius
192 1311 344 1350 laboris,
372 1324 468 1345 nunc
494 1325 534 1345 eo
561 1313 724 1346 restituto
748 1313 900 1345 libenter
931 1314 1035 1345 redeo
1059 1313 1100 1344 ad

108 1363 295 1408 pristinam
329 1363 470 1396 dicendi
508 1363 813 1397 consuetudinem.
878 1361 946 1395 Hic
971 1364 1103 1396 accedit

108 1413 335 1457 amplificatio
361 1425 422 1456 per
447 1415 727 1447 translationem.
788 1413 865 1446 Hoc
891 1415 1102 1447 beneficium

106 1464 267 1498 Caesaris
301 1464 344 1496 ad
379 1465 539 1507 rempub.
572 1466 735 1508 pertinet.
791 1465 974 1506 Significat
1007 1465 1100 1497 enim

107 1515 291 1549 Caesarem
319 1514 408 1547 velle
434 1516 687 1559 rempublicam
706 1508 927 1549 conservare.
980 1514 1102 1560 Neque

108 1566 222 1600 multo
239 1565 340 1598 aliter
356 1565 528 1609 disposuit
545 1563 802 1600 Demosthenes
818 1566 1001 1599 exordium
1019 1564 1100 1611 περὶ

108 1615 297 1663 στέῳανου
328 1613 520 1662 πρότασιςε
563 1617 668 1658 Peto,
701 1625 740 1650 ut
768 1615 857 1651 mihi
891 1619 1101 1657 concedatis,

107 1668 303 1702 secundum
321 1667 433 1710 leges,
463 1676 498 1702 ut
520 1680 581 1711 pro
599 1681 655 1701 me
678 1669 813 1709 dicam,
841 1680 906 1700 nec
932 1670 1100 1701 assentia-

107 1719 195 1752 mini
220 1719 435 1756 adversario.
488 1719 657 1764 Sequitur
682 1720 898 1762 exaggeratio
925 1721 1098 1762 periculo-

106 1782 186 1803 rum
210 1779 242 1803 et
266 1771 436 1814 quaed'am
460 1770 576 1803 brevis
593 1771 787 1814 occupatio.
840 1770 963 1803 Postea
987 1784 1100 1805 κατα-

109 1818 219 1866 σκευὴ
239 1833 292 1854 res
308 1821 351 1853 ad
370 1833 424 1853 ine
444 1822 608 1865 pertinet.
635 1820 773 1854 Deinde
790 1819 980 1859 ἀπόδοσις
1004 1822 1099 1860 l‘cto,

106 1878 146 1905 ut
169 1884 223 1904 me
245 1872 397 1904 audiatis
422 1873 512 1906 sicut
536 1873 629 1918 leges
648 1873 882 1916 praecipiunt.
936 1871 983 1906 Et
1003 1884 1099 1905 acce-

107 1923 159 1956 dit
177 1923 403 1967 amplificatio
422 1936 460 1956 ex
481 1923 772 1967 interpretatione
796 1924 893 1967 legis,
948 1922 1003 1956 Ad
1023 1923 1099 1958 Ro-

106 1985 174 2006 ma.
190 1970 382 2020 πρότασιςῑ
412 1973 585 2008 Gratulor
602 1975 702 2008 vobis
719 1975 960 2018 cognitionem
979 1973 1098 2008 Evan-

107 2024 212 2067 gelii,
240 2033 273 2059 et
290 2025 440 2070 optarim
466 2023 555 2058 mihi
580 2027 805 2070 contingere,
832 2033 871 2059 ut
896 2038 1013 2059 coram
1036 2038 1098 2059 vos

107 2075 234 2108 docere
260 2076 400 2119 possim.
454 2076 710 2118 Adversativa,
746 2079 804 2110 sed
831 2075 1001 2111 hactenus
1025 2090 1096 2110 non

107 2125 225 2166 licuit,
250 2139 372 2160 verum
397 2135 500 2172 opto,
526 2135 566 2162 ut
591 2128 784 2174 aliquando
812 2128 913 2162 liceat
939 2127 1028 2162 mihi
1054 2130 1094 2162 ad

107 2188 170 2210 vos
184 2177 368 2222 proficisci.
401 2178 621 2225 κατασκευὴ,
636 2180 718 2225 quia
738 2180 878 2213 debitor
896 2192 971 2212 sum
985 2180 1097 2214 Grae-

108 2228 158 2261 cis
176 2234 210 2261 et
224 2226 402 2265 BarbariS.
456 2229 537 2264 Alia
564 2231 675 2269 ratio,
712 2232 749 2263 in
776 2243 842 2276 qua
872 2231 964 2265 inest
988 2244 1093 2277 quae-

107 2279 190 2313 dam
204 2279 404 2323 occupatio:
432 2279 507 2314 Nec·
518 2283 626 2326 pudet
644 2295 699 2315 me
717 2280 914 2326 Evangelii.

209 2328 506 2364 confirmationes
521 2339 553 2366 et
569 2334 826 2367 confutationes
843 2333 970 2377 partim
989 2333 1095 2379 syllo-

108 2381 248 2426 gismis,
281 2381 410 2426 partim
436 2381 707 2428 enthymematis
731 2388 902 2419 constant.
962 2383 1096 2417 Verum

108 2433 196 2466 illud
215 2433 397 2465 sciendum
423 2439 493 2472 est,
521 2435 717 2468 orationem
743 2443 776 2469 et
802 2436 829 2468 si
857 2433 963 2470 habet
986 2443 1098 2469 certas

108 2484 285 2526 regiones,
309 2490 427 2517 tamen
445 2490 477 2517 et
500 2484 703 2518 liberiorem
727 2493 759 2520 et
785 2487 981 2530 pleniorem
1012 2499 1096 2527 esse,

108 2546 213 2580 quam
230 2542 312 2568 sunt
328 2535 381 2568 illi
400 2535 532 2568 concisi
549 2547 587 2568 ac
602 2536 690 2569 nudi
706 2537 970 2571 dialecticorum
989 2539 1095 2584 syllo-

108 2586 220 2629 gismi.
273 2585 488 2632 Plerumque
505 2593 620 2621 autem
639 2599 657 2620 a
674 2587 811 2620 minore
829 2586 1018 2623 inchoatur
1040 2601 1096 2622 ar-

867 106 1144 142 ELE'MENTA
1173 105 1507 148 RHETORICES.

2075 120 2149 155 458

1165 194 1404 235 gume11tat1'o,
1438 204 1476 230 ut
1494 209 1555 241 pro
1576 200 1689 234 Celio.
1742 201 1902 235 Audistis
1927 214 2005 235 cum
2031 215 2092 246 pro
2119 217 2154 238 se

1166 244 1316 284 diceret,
1344 247 1490 280 audistis
1509 257 1607 284 antea
1626 264 1704 284 cum
1722 260 1920 294 accusaret,
1947 266 2056 297 genus
2073 267 2153 287 ora-

1165 294 1289 334 tionis,
1318 295 1537 338 facultatem,
1560 302 1658 344 copia
1676 304 1930 337 sententiarum
1950 312 2055 350 atque
2076 318 2152 338 ver-

1163 346 1309 401 borum,
1345 359 1432 390 quae
1465 357 1576 382 vestra
1607 355 1791 395 prudentia
1818 362 1884 393 est,
1919 356 2153 399 perspexistis,

1163 402 1267 439 atque
1283 408 1321 428 ln
1338 409 1377 429 eo
1394 409 1465 430 non
1489 400 1602 432 solum
1629 403 1810 447 ingenium
1837 406 1911 438 eius
1937 407 2074 439 elucere
2098 407 2151 438 vi-

1163 447 1315 486 debatis,
1343 450 1438 492 quod
1457 461 1558 493 saepe
1583 453 1708 495 etiam,
1737 455 1764 486 si
1789 456 1962 490 industria
1990 469 2062 489 non
2085 458 2150 489 ali—

1163 505 1236 536 tur,
1264 498 1356 531 valet
1381 506 1496 531 tamen
1524 501 1637 545 ipsum
1662 504 1732 536 suis
1760 505 1913 549 viribus,
1939 509 1996 540 sed
2024 510 2150 548 iuerat,

1161 547 1299 580 nisime
1314 550 1404 581 forte
1422 559 1564 594 propter
1582 554 1863 588 benevolentiam
1884 557 2043 598 fallebat,
2070 571 2149 592 ora-

1162 599 1229 639 tio,
1256 600 1412 632 ethonis
1429 602 1563 635 arthus
1587 604 1766 645 instituta,
1794 613 1825 638 et
1851 618 1933 640 cura
1961 616 1992 641 et
2021 609 2149 651 vigiliis

1160 650 1359 684 elaborata:
1384 650 1480 685 Haec
1499 654 1615 687 minor
1633 663 1695 689 est.
1736 656 1906 702 Sequitur
1924 658 2047 693 maior.
2084 661 2148 693 At-

1159 712 1226 744 que
1246 702 1368 735 scitote
1384 703 1517 736 iudices
1536 717 1592 738 eas
1607 707 1833 750 cupiditates,
1861 720 1950 753 quae
1970 709 2147 742 obiiciun-

1158 758 1216 784 tur
1234 751 1354 794 Celio,
1388 761 1491 799 atque
1514 753 1597 789 haec
1624 759 1740 791 studia
1766 759 1809 791 de
1836 759 1965 804 quibus
1992 760 2149 803 disputo,

1159 815 1229 834 non
1247 803 1348 836 facile
1365 804 1402 837 in
1422 807 1544 838 eodem
1564 805 1708 842 homine
1725 821 1796 842 esse
1816 821 1926 853 posse.
1966 808 2012 843 Et
2029 811 2065 842 in
2083 809 2147 844 hoc

1158 855 1338 887 communi
1363 855 1439 889 loco
1465 855 1588 891 Cicero
1613 859 1869 905 aliquantisper
1900 868 2148 897 commoratur.

1157 904 1346 938 Conclusio
1376 919 1458 940 vero
1483 909 1519 940 in
1551 914 1782 953 proponendo
1814 912 1956 945 recitata
1990 919 2050 946 est.
2107 912 2146 945 lu

1157 954 1253 988 Celio
1274 957 1371 990 nulla
1398 961 1593 1002 reperietur
1619 961 1786 996 luxuries.
1840 962 2056 1006 Comparent
2079 963 2146 1006 igi-

1157 1014 1214 1062 tur
1239 1008 1433 1052 syllogismi
1466 1012 1644 1052 membra,
1680 1026 1768 1058 quae.
1796 1014 1859 1047 etsi
1883 1021 1975 1047 certa
2002 1015 2145 1057 regione

1156 1059 1418 1102 circumscripta
1438 1068 1538 1101 sunt,
1567 1069 1684 1096 tamen
1702 1077 1776 1098 non
1796 1072 1865 1097 tam
1886 1065 2042 1108 angustis
2066 1065 2146 1097 fini·-

1157 1108 1220 1139 bus
1238 1108 1372 1142 inclusa
1401 1109 1654 1154 cohercentur‚
1682 1122 1721 1147 ut
1745 1116 2010 1149 dialecticorum
2037 1116 2146 1161 syllo-

1155 1159 1276 1200 gismi,
1305 1161 1364 1204 qui
1385 1169 1528 1206 propter
1546 1164 1752 1198 brevitatem
1773 1167 1809 1199 in
1828 1178 1942 1210 pugna
1964 1178 2035 1199 non
2062 1167 2145 1199 satis

1158 1209 1285 1242 virium
1310 1209 1454 1246 habent.
1508 1213 1605 1247 Raro
1627 1228 1644 1247 a
1670 1217 1801 1250 maiore
1826 1215 2014 1250 inchoatur
2035 1218 2145 1263 syllo-

1154 1260 1306 1302 gismus,
1333 1269 1372 1295 ut
1401 1275 1464 1306 pro
1492 1264 1637 1299 Milone.
1694 1267 1847 1300 Maxima
1873 1268 2035 1300 illecebra
2064 1280 2144 1312 pec-

1154 1312 1257 1343 candi
1285 1312 1507 1356 impunitatis
1533 1327 1609 1359 spes
1636 1324 1704 1357 est,
1738 1316 1822 1351 haec
1850 1319 1917 1352 fuit
1944 1319 1980 1351 in
2005 1317 2144 1358 Clodio,

1154 1363 1279 1394 nonin
1298 1363 1448 1397 Milone.
1500 1366 1569 1399 Sed
1595 1367 1673 1410 plus
1698 1366 1999 1414 enthymematum
2026 1376 2075 1402 est
2104 1370 2140 1401 in

1153 1414 1320 1446 omnibus
1336 1416 1577 1456 orationibus,
1605 1430 1693 1462 quae
1712 1420 1813 1452 facile
1831 1420 1972 1462 agnosci
1993 1427 2026 1453 et
2047 1420 2142 1453 iudi-

1153 1464 1222 1495 cari
1243 1472 1408 1507 possunt,
1432 1473 1469 1499 ut
1487 1479 1548 1510 pro
1570 1467 1718 1504 Milone.
1774 1469 1815 1502 In
1834 1471 1936 1503 nobis
1959 1478 2009 1504 est
2035 1483 2142 1516 quae-

1153 1516 1233 1546 dam
1250 1527 1367 1555 mens,
1395 1529 1484 1561 quae
1501 1519 1567 1552 ciet
1592 1526 1697 1565 atque
1721 1521 1829 1564 agitat
1855 1532 1992 1566 corpus,
2045 1520 2142 1565 Ergo

1154 1565 1265 1599 multo
1283 1568 1391 1610 magis
1409 1568 1468 1601 ille
1486 1578 1675 1612 perpetuus
1691 1579 1837 1606 naturae
1862 1581 1998 1613 motus,
2025 1581 2142 1607 mente

1153 1618 1303 1661 quadam
1323 1626 1462 1652 aeterna
1481 1621 1622 1664 regitur.
1677 1622 1770 1657 Sunt
1787 1630 1819 1657 et
1846 1621 1931 1657 haec
1956 1621 2141 1669 enthyme-

1154 1675 1255 1703 mata.
1309 1669 1456 1704 Clodius
1477 1673 1600 1706 oderat
1619 1672 1815 1715 Milonem,
1844 1675 1951 1718 igitur
1973 1675 2141 1708 credibile

1154 1727 1219 1760 fst,
1248 1732 1327 1753 eum
1348 1721 1468 1755 secisse
1487 1723 1642 1760 insidias.
1687 1725 1803 1759 Facile
1820 1727 1927 1769 igitur
1944 1726 2141 1769 intelligent

1151 1771 1317 1812 studiosi,
1346 1776 1525 1818 quomodo
1542 1776 1578 1807 in
1597 1777 1788 1819 prooemiis
1807 1778 1891 1810 etin
1912 1779 2140 1810 contentione

1153 1829 1266 1865 partes
1285 1824 1452 1856 collocari
1472 1832 1576 1869 atque
1593 1826 1760 1859 distribui
1777 1828 1947 1867 debeant,
1975 1829 2003 1859 si
2029 1828 2140 1861 diale-

1151 1873 1236 1905 ctica
1262 1881 1444 1917 praecepta
1469 1876 1589 1908 animo
1618 1877 1874 1918 intuebuntur,
1903 1886 1935 1912 et
1958 1885 2075 1911 tamen
2102 1879 2139 1911 in

1152 1924 1341 1957 vestiendis
1366 1932 1397 1958 et
1423 1927 1594 1960 ornandis
1617 1929 1820 1967 sententiis,
1847 1936 2028 1962 oratorum
2054 1942 2141 1962 con-

1149 1975 1373 2009 suetudinem
1393 1984 1598 2022 sequentur.
1651 1977 1768 2024 Atque
1784 1977 1846 2012 has
1862 1981 1959 2025 quasi
1979 1980 2140 2024 regiones

1150 2026 1428 2068 dialecticorum,
1456 2029 1642 2073 praecipue
1661 2028 1747 2063 mihi
1769 2031 1936 2065 videntur
1951 2032 2139 2064 observare

1151 2074 1406 2112 Demosthenes
1427 2086 1458 2113 et
1477 2078 1620 2121 Cicero,
1646 2093 1734 2125 quos
1760 2079 1923 2115 habuisse
1949 2083 2137 2115 maximam

1149 2128 1285 2161 ordinis
1301 2141 1440 2170 curam,
1467 2142 1522 2163 res
1541 2133 1694 2165 ostendit
1713 2132 1796 2176 ipsa.
1852 2132 2049 2166 Plurimum
2074 2144 2138 2165 au·-

1150 2186 1217 2212 tem
1237 2186 1269 2213 et
1287 2179 1502 2214 inveniendo
1524 2182 1792 2216 adiuvabuntur
1816 2183 1984 2221 studiosi,
2012 2183 2040 2215 si
2062 2195 2136 2216 me-

1150 2230 1317 2264 minerint
1334 2233 1444 2275 posita
1469 2233 1588 2278 aliqua
1614 2235 1874 2278 propositione,
1909 2234 2039 2267 deinde
2062 2246 2135 2267 non

1149 2282 1271 2326 procul
1288 2282 1331 2316 ab
1351 2294 1390 2316 ea
1405 2283 1658 2317 discedendum
1683 2296 1770 2325 esse,
1805 2287 1864 2318 sed
1892 2285 2134 2330 quaerendum

1149 2345 1222 2366 esse
1241 2333 1315 2366 eius
1332 2335 1586 2378 propositionis
1604 2335 1657 2367 vel
1684 2336 1876 2374 rationem,
1903 2336 1958 2368 vel
1983 2336 2136 2380 amplifi-

1147 2384 1341 2425 cationem,
1369 2386 1424 2418 vel
1443 2386 1708 2419 adversativam.
1736 2384 1823 2418 Nam
1844 2384 1908 2419 hae
1925 2399 2004 2419 cum
2024 2387 2064 2420 in
2081 2387 2136 2419 vi·-

1148 2435 1235 2468 cinis
1260 2436 1346 2469 locis
1367 2443 1573 2475 nascantur,
1602 2436 1694 2468 ultro
1721 2447 1754 2468 se
1779 2437 1949 2475 offerent,
1976 2449 2136 2481 praeser-

1149 2486 1211 2520 tim
1225 2484 1299 2527 his,
1327 2487 1387 2531 qui
1403 2487 1568 2519 mediocri
1584 2486 1748 2519 exercitio
1766 2487 1848 2532 styli
1867 2488 1912 2521 ita
1930 2499 1966 2521 se
1981 2488 2134 2522 assuefe-

1148 2544 1290 2578 cerunt,
1333 2544 1372 2570 ut
1403 2549 1481 2569 cum
1515 2536 1649 2581 aliquid
1683 2537 1893 2580 instituunt,
1931 2552 2134 2583 percurrere

1148 2588 1266 2622 animo
1286 2588 1420 2621 vicinos
1438 2588 1534 2620 locos
1552 2588 1696 2632 possint.
1753 2587 1871 2628 Τέλος.
