2379 2948
226 129 295 163 631

378 211 497 245 Paries
514 217 563 244 est
586 208 703 252 niger,

378 260 472 305 Ergo
488 272 560 294 non
579 266 629 292 est
646 259 758 293 albus.

331 322 399 357 Sed
427 328 566 354 econtra
579 346 588 360 ‚
628 325 764 352 remoto
798 329 870 351 uno
907 317 1098 357 contrario,
1132 328 1205 348 non

229 380 364 418 oportet
398 371 483 416 poni
516 371 685 413 alterum,
726 368 929 413 praesertim
958 369 995 401 in
1023 368 1207 402 contrariis

229 424 387 457 mediatis
398 448 406 461 ‚
435 429 473 455 ut
489 433 561 454 non
579 421 669 454 valet
685 420 951 465 consequentia:

381 473 496 506 Vestis
514 484 585 505 non
605 478 655 505 est
671 471 748 504 alba
761 498 770 511 ‚

379 522 474 567 Ergo
492 530 543 557 est
559 522 671 566 nigra.

330 581 448 616 Potest
473 581 567 614 enim
593 592 665 613 esse
688 580 794 612 medii
815 579 960 618 coloris,
987 585 1027 611 ut
1048 577 1206 611 coerulea

227 640 285 668 aut
302 643 488 677 purpurea.

636 718 795 760 Septima.

331 784 467 828 Regula
500 793 580 815 vera
609 788 660 815 est
691 782 734 814 de
766 781 930 814 omnibus
959 781 1209 824 pugnantibus,

230 836 361 880 opponi
393 847 431 868 ea
462 834 557 866 iuxta
589 831 822 872 differentias,
864 832 992 876 quibus
1026 833 1210 870 dissident,

230 899 301 919 non
320 887 414 919 iuxta
431 895 540 927 genus
555 889 615 916 aut
632 882 833 916 communia
850 883 1054 924 accidentia,
1080 891 1119 916 ut
1138 896 1209 916 non

228 938 319 971 valet
336 934 601 981 consequentia:

486 984 592 1018 Calor
610 991 659 1017 est
677 983 844 1028 qualitas,

434 1036 546 1079 Igitur
563 1035 738 1078 frigiditas
756 1046 828 1066 non
845 1040 895 1067 est
913 1035 1073 1079 qualitas.

484 1085 589 1119 Pater
605 1092 655 1118 est
671 1085 855 1125 robustus,

429 1136 540 1179 Igitur
556 1136 649 1168 filius
666 1147 738 1167 non
760 1142 810 1168 est
831 1135 1004 1168 robustus.

330 1197 399 1232 Sed
417 1196 511 1230 iuxta
531 1194 748 1229 differentias
767 1194 824 1227 fiat
844 1194 1031 1238 oppositio.

327 1257 431 1291 Pater
454 1255 573 1288 differt
595 1266 614 1287 a
632 1253 703 1286 filio
722 1251 787 1285 hac
803 1254 979 1287 essentiali
997 1254 1211 1296 differentia,

229 1309 322 1355 quod
338 1315 437 1352 pater
455 1306 591 1349 genuit,
619 1303 712 1337 filius
730 1309 780 1337 est
796 1304 944 1347 genitus,
980 1304 1084 1339 Valet
1101 1305 1210 1349 igitur

228 1358 492 1404 consequentia:

381 1405 570 1440 Zacharias
587 1405 709 1448 genuit
726 1402 925 1437 Iohannem
942 1404 1150 1449 Baptistam,

380 1455 476 1500 Ergo
500 1456 567 1490 fuit
595 1462 693 1499 pater
718 1453 914 1498 Baptistae,
950 1462 984 1488 ct
1014 1455 1208 1500 Baptistam

437 1507 550 1540 filium
567 1506 672 1540 fuisse
684 1533 694 1546 ‚
721 1506 915 1539 necessario
931 1507 1100 1551 sequitur.

330 1566 383 1601 Ex
401 1565 466 1600 hac
484 1565 603 1608 regula
620 1571 718 1597 vetus
733 1564 909 1598 cavillatio
927 1565 1120 1599 iudicetur:

378 1616 572 1659 Virginitas
588 1622 637 1648 est
654 1616 745 1647 bona
758 1641 766 1654 ‚

380 1667 492 1711 Igitur
509 1665 712 1708 coniugium
731 1676 802 1697 non
819 1671 868 1698 est
883 1665 1030 1698 bonum.

329 1726 425 1770 Nego
443 1724 750 1769 consequentiam,
781 1730 812 1756 et
830 1724 919 1756 ratio
938 1731 1006 1765 est,
1037 1725 1117 1770 quia
1143 1727 1208 1759 bo—

230 1791 313 1813 num
330 1784 381 1811 est
398 1788 505 1820 genus
530 1787 717 1808 commune
744 1774 939 1817 virginitati
969 1784 1001 1808 et
1029 1777 1206 1820 coniugio.

229 1829 410 1873 Significat.
428 1828 520 1860 enim
539 1824 605 1859 hoc
623 1826 699 1858 loco
724 1837 796 1858 rem
821 1837 838 1857 a
856 1823 931 1858 Deo
956 1838 1152 1860 concessam
1176 1835 1208 1861 et

230 1880 431 1924 probatam,
459 1884 492 1911 et
510 1888 618 1920 genus
635 1883 686 1909 est
710 1876 941 1920 complectens
966 1889 1087 1911 omnes
1112 1890 1165 1911 res
1189 1892 1206 1911 a

228 1930 303 1964 Deo
330 1939 506 1962 concessas
532 1934 564 1960 et
587 1927 757 1970 probatas,
818 1924 1064 1970 Opponuntur
1090 1937 1205 1963 autem

231 1980 422 2024 pugnantia
439 1990 512 2012 non
528 1978 622 2011 iuxta
642 1989 760 2019 genus,
787 1979 847 2010 sed
867 1978 961 2010 iuxta
980 1979 1207 2021 differentias,

230 2032 299 2065 imo
318 2041 443 2074 genere
457 2028 684 2067 convenfflnt,
712 2034 748 2060 ut
767 2028 894 2060 albedo
910 2035 942 2061 et
959 2029 1104 2072 nigredo
1123 2044 1207 2064 con-

230 2082 376 2115 veniunt
393 2092 528 2124 genere.
581 2076 651 2110 Nec
668 2078 840 2121 sequitur:

379 2131 519 2165 Albedo
535 2136 586 2163 est
602 2129 716 2168 color,

381 2181 493 2226 Igitur
510 2181 656 2224 nigredo
673 2191 745 2212 non
765 2185 815 2212 est
831 2180 937 2215 color.

648 2261 780 2294 Octava.

328 2326 418 2361 Cum
435 2338 475 2359 ex
490 2324 602 2358 causis
624 2336 697 2357 non
719 2323 972 2356 sufficientibus
995 2323 1207 2359 affirmamus

230 2378 325 2422 sequi
343 2378 503 2411 effectum
515 2400 524 2414 ,
551 2387 624 2409 non
642 2375 733 2408 valet
747 2382 990 2417 argumentum
1003 2398 1012 2412 ‚
1039 2381 1094 2407 ut:

380 2426 570 2471 Pompeius
598 2423 702 2459 habet
727 2425 914 2459 exercitum
944 2437 1060 2469 parem
1086 2426 1205 2459 multi—

431 2478 555 2512 tudine
571 2476 737 2510 exercitui
755 2474 859 2515 Iulii,

379 2526 473 2571 Ergo
489 2528 615 2563 vincet.

330 2585 411 2620 Non
433 2587 525 2620 valet
549 2586 817 2632 consequentia,
852 2585 932 2630 quia
959 2592 1144 2629 apparatus
1172 2593 1205 2620 et

463 122 670 161 SCRIPTA
696 122 771 156 PH.
798 119 914 156 MEL.
940 118 1006 154 AD
1033 116 1158 154 HlS'r,
1188 112 1332 150 PROF.
1359 113 1424 149 ET
1451 113 1642 152 PHILOS.
1667 116 1985 155 SPECTANTIA.

229 2638 346 2681 copiae
375 2648 448 2670 non
480 2643 561 2670 sunt
592 2637 767 2670 sufficiens
794 2647 894 2670 causa
923 2635 1108 2674 victoriae,
1143 2638 1202 2670 sed
1226 2664 1228 2683 a

224 2689 334 2723 multa
358 2688 425 2722 alia
449 2699 655 2722 concurrere
680 2694 835 2732 oportet,
857 2686 1027 2721 auxilium
1053 2686 1135 2728 Dei,
1163 2688 1199 2719 in

2155 119 2231 155 632

1259 200 1406 235 ducibus
1422 201 1546 242 fidem,
1572 202 1754 236 scientiam
1776 202 1827 235 rei
1851 203 2032 246 militaris,
2059 205 2237 249 magnitu-

1259 252 1377 285 dinem
1393 252 1593 286 animorum
1605 279 1614 294 ‚
1641 253 1855 287 celeritatem
1870 279 1879 294 ,
1902 260 1934 287 et
1953 255 2034 288 alia.

1691 343 1795 375 Nona.

1348 401 1509 447 ‘Propter
1533 404 1626 448 quod
1653 404 1932 449 unumquodque
1956 403 2024 436 tale
2048 410 2117 445 est,
2150 405 2239 439 illud

1261 453 1369 496 magis
1385 454 1453 488 tale
1472 461 1541 492 est,
1570 460 1622 487 ut:

1412 505 1513 549 Aqua
1532 505 1620 537 calet
1637 511 1780 549 propter
1802 505 1915 548 ignem
1928 531 1937 546 ,

1411 553 1507 598 Ergo
1526 555 1615 598 ignis
1631 556 1740 599 magis
1758 556 1855 590 calet.

1414 605 1552 638 Avarus
1580 607 1711 650 appetit
1734 607 1993 650 navigationem
2019 614 2161 652 propter
2185 607 2242 641 lu-

1469 667 1585 696 crum,

1414 704 1510 749 Ergo
1526 707 1663 740 lucrum
1681 706 1790 750 magis
1806 707 1948 751 appetit.

1364 754 1475 800 Saepe
1492 757 1620 791 citatur
1637 755 1720 790 haec
1736 758 1874 799 regula,
1901 765 1938 791 ut
1964 769 2065 802 saepe
2091 764 2125 791 et
2149 758 2242 790 mul-

1263 811 1336 838 tum
1356 806 1545 841 collatione
1561 820 1743 841 causarum
1760 808 1919 840 finalium
1934 808 2085 842 utimur:
2103 809 2242 852 Appeto

1262 856 1377 889 studia
1403 857 1604 899 literarum,
1632 866 1671 892 ut
1698 858 1829 892 discam
1862 859 2059 892 doctrinam
2091 860 2134 892 de
2157 861 2242 900 Deo,

1262 914 1386 951 appeto
1404 909 1599 942 doctrinam
1617 911 1659 942 de
1674 908 1769 950 Deo,
1796 920 1841 941 ne
1857 909 2002 942 abiiciar
2025 909 2062 941 in
2085 916 2242 944 aeternas

1264 970 1404 1001 poenas,
1431 961 1490 992 sed
1506 960 1674 993 liberatus
1689 961 1733 993 ab
1750 959 1916 992 omnibus
1931 959 2043 998 malis,
2068 960 2166 993 fruar
2183 972 2243 994 ae-

1264 1015 1360 1041 terna
1379 1011 1634 1044 consuetudine
1652 1009 1717 1043 Dei
1730 1037 1739 1051 ,
1762 1017 1795 1043 et
1813 1010 1927 1053 ipsum
1952 1010 2135 1045 celebrem.
2188 1010 2242 1045 Ita

1265 1071 1324 1102 per
1341 1061 1469 1102 gradus
1485 1062 1557 1094 itur
1576 1063 1619 1094 ad
1636 1062 1800 1095 ultimum
1816 1061 1933 1095 finem.
1972 1059 2163 1104 Disputant
2179 1073 2243 1095 au-

1264 1116 1352 1150 tem,
1387 1110 1425 1143 in
1453 1123 1602 1155 quarum
1629 1124 1812 1145 causarum
1836 1111 2024 1144 collatione
2050 1112 2163 1146 valeat
2187 1124 2242 1145 re-

1263 1160 1354 1203 gula.
1413 1160 1467 1194 De
1492 1162 1657 1196 finalibus
1682 1175 1756 1195 non
1781 1162 1930 1195 dubium
1955 1168 2006 1195 est
2029 1162 2143 1195 valere
2165 1174 2242 1196 eam

1263 1212 1395 1256 ubique
1417 1219 1451 1246 et
1468 1213 1543 1246 sine
1561 1213 1784 1258 exceptione,
1811 1219 1844 1246 et
1870 1213 1918 1245 sic
1942 1224 1979 1245 ea
1998 1211 2243 1247 Iurisconsulti

1263 1263 1398 1306 saepius
1414 1270 1575 1298 utuntur.
1628 1263 1669 1297 In
1687 1264 1860 1298 materiali
1875 1270 1909 1297 et
1932 1263 2072 1296 formali
2097 1275 2244 1298 consue-

1262 1314 1347 1346 tudo
1366 1315 1537 1347 sermonis
1553 1315 1604 1348 uti
1623 1313 1688 1348 hac
1710 1315 1828 1358 regula
1845 1311 2028 1358 prohihet,
2056 1320 2111 1347 ut:

1414 1363 1526 1409 Cyrus
1544 1372 1594 1398 est
1609 1367 1761 1398 clemens
1775 1371 1917 1408 propter
1934 1364 2167 1405 clementiam,

1413 1412 1508 1458 Ergo
1526 1415 1710 1450 clementia
1731 1423 1782 1448 est
1799 1416 1907 1458 magis
1924 1415 2087 1448 clemens.

1363 1463 1466 1498 Hanc
1490 1466 1687 1499 orationem
1710 1466 1844 1510 respuit
1867 1467 2085 1498 consuetudo
2109 1476 2243 1499 sermo-

1262 1514 1334 1555 nis,
1360 1522 1394 1549 et
1412 1517 1548 1549 erudita
1567 1528 1668 1550 causa
1686 1524 1756 1556 est,
1783 1528 1846 1549 cur
1861 1516 1905 1549 sit
1922 1515 2123 1548 reiicienda.

1361 1565 1432 1598 Nec
1460 1578 1597 1610 semper
1624 1567 1714 1600 valet
1741 1567 1778 1598 in
1814 1566 1982 1609 gradibus
2015 1566 2241 1600 efficientium

1261 1627 1460 1657 causarum,
1487 1624 1541 1650 ut:

1415 1665 1570 1700 Ovidius
1587 1675 1637 1701 est
1653 1669 1752 1711 poeta
1772 1673 1915 1711 propter
1933 1675 2210 1713 praeceptorem,

1413 1716 1506 1762 Ergo
1524 1725 1726 1762 praeceptor
1742 1719 1808 1751 fuit
1827 1719 1935 1761 magis
1956 1719 2070 1763 poe'ta.

1362 1767 1444 1802 Non
1462 1770 1553 1803 valet
1570 1770 1818 1814 consequentia
1844 1769 1881 1801 in
1906 1769 2136 1804 efficientibus
2160 1781 2242 1814 par-

1260 1820 1423 1858 tialibus,
1451 1821 1564 1853 necin
1586 1820 1704 1853 minus
1728 1820 2001 1864 principalibus,
2027 1832 2091 1854 nec
2120 1821 2157 1853 in
2185 1832 2239 1854 re-

1259 1871 1374 1912 motis,
1401 1884 1464 1904 nec
1481 1872 1524 1904 de
1543 1871 1732 1912 effectibus,
1761 1871 1820 1916 qui
1838 1877 1918 1904 sunt
1937 1871 2161 1914 privationeS,
2183 1879 2237 1904 ut:

1412 1921 1579 1955 Tiberius
1595 1922 1725 1955 insanit
1744 1929 1887 1966 propter
1902 1922 2022 1954 vinum
2035 1949 2043 1961 ,

1413 1971 1506 2016 Ergo
1523 1974 1644 2006 vinum
1665 1973 1773 2016 magis
1790 1972 1932 2007 insanit.

1362 2023 1500 2057 Insania
1519 2024 1611 2056 enim
1631 2024 1777 2067 privatio
1796 2030 1855 2062 est,
1882 2029 1957 2055 orta
1975 2034 2013 2054 ex
2031 2022 2240 2057 confusione

1260 2075 1449 2119 spirituum
1468 2075 1504 2107 in
1522 2075 1676 2107 cerebro.
1729 2073 1800 2107 Nec
1819 2073 1941 2106 vinum
1959 2084 2059 2106 causa
2079 2074 2239 2116 proxima

1260 2133 1310 2160 est
1337 2126 1511 2164 insaniae,
1555 2126 1614 2157 sed
1642 2122 1772 2158 halitus
1799 2124 1851 2156 illi
1887 2130 2126 2158 exaestuantes
2157 2132 2240 2159 sunt

1261 2177 1419 2221 proxima
1435 2188 1546 2210 causa.

1362 2227 1429 2260 Hic
1446 2227 1630 2260 disseritur
1645 2226 1688 2258 de
1705 2226 1797 2258 dicto
1808 2224 2016 2268 Augustini:
2043 2223 2237 2269 Evangelio

1260 2291 1332 2311 non
1357 2279 1554 2318 crederem,
1582 2276 1650 2309 nisi
1673 2288 1728 2309 me
1745 2275 1922 2310 Ecclesiae
1946 2274 2137 2310 catholicae
2161 2289 2237 2310 mo-

1260 2337 1354 2363 veret
1383 2330 1562 2362 autoritas.
1616 2326 1709 2360 Hinc
1736 2334 1856 2361 contra
1878 2327 2069 2370 Augustini
2094 2333 2235 2360 senten-

1259 2381 1342 2415 tiam
1362 2381 1470 2414 multa
1487 2380 1571 2412 falsa
1586 2385 1812 2412 extruuntur:

1410 2429 1604 2473 Evangelio
1649 2430 1805 2463 creditur
1840 2435 1983 2474 propter
2014 2427 2234 2462 autoritatem

1462 2480 1639 2515 Ecclesiae
1651 2507 1660 2521 ,

1341 2540 1368 2568 e
1387 2531 1501 2575 ·Erg0
1520 2531 1674 2565 Ecclesia
1692 2531 1805 2564 maior
1819 2537 1869 2564 est
1884 2528 2063 2562 autoritas.

1356 2581 1402 2617 Et
1427 2584 1536 2616 multa
1564 2581 1620 2616 hic
1642 2582 1926 2620 accumulantur,
1960 2577 2054 2622 Ergo
2079 2575 2234 2613 Ecclesia

1255 2641 1365 2680 potest
1394 2635 1544 2667 condere
1566 2635 1726 2677 dogmata
1751 2640 1784 2666 et
1806 2632 1915 2674 leges,
1943 2630 2015 2663 sive
2038 2636 2232 2671 congruant

1254 2698 1331 2720 cum
1349 2684 1563 2729 Evangelio,
1591 2685 1663 2718 sive
1681 2695 1754 2717 non
1772 2688 1980 2725 congruant.
2018 2680 2233 2725 Simpliciter
