2379 2948
245 114 336 149 1051

242 200 337 234 Haec
353 208 453 231 causa
471 202 503 228 et
520 194 555 227 in
565 192 713 226 Psalmis
731 198 763 226 et
783 191 868 224 alibi
883 202 982 235 saepe
998 190 1141 235 repetita
1161 195 1223 222 est.
1250 199 1253 226 ι

244 251 296 285 lta
325 250 415 282 infra
438 246 567 280 dicitur
591 243 682 277 Psal.
710 242 806 276 114.:
836 242 916 275 Non
937 241 1040 275 nobis
1058 239 1225 280 Domine,

245 313 318 335 non
336 299 456 336 nobiS,
483 297 543 329 sed
561 294 698 327 nomini
715 300 775 327 tuo
794 294 837 327 da
856 293 1015 337 gloriam.

346 348 501 383 Additur
519 351 550 379 et
568 356 667 378 causa
685 345 816 385 finalis,
843 356 931 389 quae
947 343 1063 376 vicina
1088 347 1136 374 est
1161 340 1227 372 im-

245 401 421 448 pulsivae:
458 396 514 431 Ad
538 408 642 440 quem
670 395 775 428 finem
802 395 952 439 petenda
978 399 1028 426 est
1046 390 1229 424 defensio?

245 452 340 487 Num
365 456 403 483 ut
429 447 537 481 ociosi
554 447 796 490 voluptatibus
812 446 990 482 fruamur,
1016 443 1104 476 sieut
1127 440 1229 485 impii

246 501 344 537 hunc
369 500 483 533 solum
509 509 581 531 esse
605 497 757 531 fructum
782 504 815 530 et
833 497 937 529 finem
954 495 1116 527 laborum
1134 491 1230 525 arbi-

247 559 399 588 trantur.
453 548 607 581 Dimicat
630 546 828 588 Antonius,
854 554 894 580 ut
918 543 1083 589 repressis
1105 544 1229 576 adver-

249 604 348 637 sariis
373 611 514 635 securus
539 598 742 632 dominetur
767 605 800 631 et
820 596 1059 640 voluptatibus
1081 594 1228 626 fruatur.

250 654 318 689 Sed
334 652 449 687 David
469 650 553 693 petit
569 649 832 688 defensionem,
858 655 896 680 ut
916 653 1031 690 postea
1051 644 1178 678 serviat
1193 644 1231 676 in

250 707 355 740 domo
387 701 553 740 Domini,
588 700 697 732 discat
727 699 923 732 doctrinam
955 696 1161 735 coelestem,
1199 701 1259 738 et„

251 761 352 790 ornet
369 751 561 786 Ecclesiam
586 751 836 794 propagatione
859 747 1021 780 salutaris
1041 746 1233 785 doctrinae,

251 803 455 840 assuefaciat
471 802 688 835 iuventutem
707 807 739 833 et
759 799 927 843 populum
951 798 994 830 ad
1018 796 1233 840 agnitionem

251 857 330 892 Dei.
389 853 458 886 Hic
486 852 566 884 finis
597 851 654 895 pio
682 849 908 893 gubernatori
941 847 1142 892 propositus
1175 853 1234 880 est.

250 907 340 941 Cum
359 917 398 938 ex
408 904 480 936 acie
491 902 753 935 victordomum
765 900 865 940 redit,
882 900 996 932 maior
1015 909 1095 932 cura
1115 898 1233 930 animo
1259 916 1262 926 ·

837 105 961 140 PHlL.
989 102 1107 142 MEL.
1133 101 1343 139 SCRIPTA
1371 100 1670 138 EXEGETICA.

252 959 476 994 obversatur,
507 963 611 997 quam
636 958 708 985 erat
732 952 839 984 altera
859 949 1003 993 gerendi
1030 949 1116 982 belli
1141 959 1235 987 cura,

255 1007 386 1042 scilicet
408 1004 585 1049 quomodo
611 1009 702 1035 recte
727 999 919 1034 Ecclesiam
943 1001 1124 1042 gubernet.
1179 997 1234 1032 Ad

253 1056 350 1092 hunc
366 1057 470 1088 finem
489 1052 615 1087 caeteri
633 1053 771 1085 labores
788 1052 831 1084 ab
849 1051 1015 1085 omnibus
1029 1048 1235 1083 hominibus

254 1106 429 1143 referendi
447 1110 543 1143 sunt,
570 1110 609 1136 ut
632 1115 695 1146 pro
722 1103 906 1136 vocatione
932 1101 1060 1144 singuli
1084 1100 1236 1133 serviant

253 1157 449 1194 Ecclesiae,
466 1162 498 1189 et
515 1154 649 1198 aliquid
668 1166 792 1200 operae
808 1153 992 1186 conferant
1008 1152 1050 1184 ad
1069 1151 1233 1184 tuendam

254 1217 286 1244 et
309 1207 504 1242 ornandam
527 1205 736 1239 doctrinam.
788 1203 846 1237 Sic
870 1210 903 1236 et
931 1203 967 1235 in
984 1202 1068 1245 ¹aliis
1090 1200 1237 1234 Psalmis

254 1266 398 1305 propter
426 1255 520 1290 hunc
552 1255 656 1287 finem
691 1254 780 1298 petit
809 1254 900 1287 vitae
934 1252 1236 1301 prorogationem:

254 1311 337 1345 Non
356 1307 486 1341 mortui
502 1307 700 1339 laudabunt
718 1312 751 1338 te
767 1304 934 1338 Domine.
991 1303 1036 1337 Ut
1056 1303 1149 1336 enim
1168 1302 1237 1334 sint

256 1363 433 1398 doctores,
458 1368 595 1390 necesse
616 1364 666 1390 est
689 1356 826 1399 aliquos
843 1361 933 1388 recte
954 1354 1110 1387 eruditos
1124 1360 1155 1386 et
1172 1364 1236 1385 usu

258 1411 483 1445 confirmatos
520 1407 649 1441 vivere.
708 1404 804 1437 Haec
839 1412 888 1437 est
922 1404 1053 1437 Psalmi
1091 1413 1238 1442 summa,

258 1473 361 1507 quem
386 1465 419 1492 et
442 1469 506 1490 nos
530 1457 668 1500 planius
684 1456 938 1498 intelligemus,
966 1466 1045 1487 cum
1069 1451 1136 1486 hoc
1162 1453 1237 1496 ipso

258 1510 406 1546 consilio
432 1508 674 1547 recitabimus,
702 1513 740 1539 ut
765 1517 828 1539 nos
852 1517 991 1550 quoque
1010 1503 1084 1537 Deo
1111 1503 1239 1546 gratias

258 1552 400 1606 agamus
418 1571 482 1602 pro
502 1558 715 1595 nutritione,
743 1557 945 1589 defensione
963 1562 994 1588 et
1013 1553 1239 1597 gubernatio-

257 1624 320 1652 ne,
348 1617 380 1644 et
396 1608 480 1643 haee
503 1608 577 1652 ipsa
602 1605 769 1640 beneficia
795 1607 839 1639 ab
865 1617 905 1638 eo
926 1612 1093 1648 petamus.
1146 1603 1240 1637 Scri-

258 1664 394 1697 buntur
417 1659 511 1692 enim
538 1656 621 1691 haec
645 1657 779 1690 cantica
803 1667 877 1689 non
895 1663 1040 1699 propter
1057 1653 1241 1693 Davidem,

259 1714 318 1748 sed
344 1717 486 1756 propter
508 1708 709 1742 universam
727 1706 930 1740 Ecclesiam.
984 1705 1138 1748 Spiritus
1161 1715 1241 1736 san-

2166 107 2264 144 1052

1279 187 1498 222 iuventutem
1514 194 1546 221 et
1563 187 1732 232 populum
1749 188 1874 221 docere
1895 188 2088 232 possimus,
2113 198 2152 225 ut
2168 192 2262 226 salu-

1279 239 1363 272 taris
1380 239 1540 273 doctrina
1559 245 1772 283 propagetur
1788 240 1832 271 ad
1850 245 2007 283 posteros
2025 247 2058 273 et
2077 242 2120 274 ad
2136 243 2263 276 multas

1280 296 1410 333 gentes.

1382 338 1478 373 Haec
1501 346 1550 374 est
1567 339 1715 383 simplex
1733 338 1863 373 Psalmi
1877 340 2067 381 sententia,
2093 353 2182 386 quae
2196 353 2263 375 no-

1279 390 1334 424 his
1354 390 1528 424 illustrior
1545 397 1577 424 et
1594 390 1733 424 dulcior
1749 391 1833 431 erit,
1849 402 1928 424 cum
1946 391 1989 423 ad
2007 403 2108 424 usum
2125 392 2163 424 in
2180 404 2261 440 pre-

1281 441 1420 475 catione
1436 442 1677 476 transferetur.
1730 441 1782 474 Ac
1799 440 1980 474 sciendum
2002 448 2053 475 est
2074 442 2166 475 inter
2189 443 2266 475 cul-

1281 498 1336 525 tus
1354 490 1419 525 Dei
1443 491 1647 536 praecipuos
1668 503 1758 532 esse,
1794 489 1877 525 haec
1904 492 1977 535 ipsa
2001 492 2134 530 officia,
2160 493 2266 526 talem

1283 542 1475 586 gratiarum
1494 543 1666 575 actionem
1685 549 1718 576 et
1733 542 1952 589 petitionem.
2003 541 2092 575 Nam
2110 540 2267 577 humana

1283 593 1372 626 ratio
1397 592 1531 637 alioqui
1553 592 1704 626 somniat
1729 591 1812 626 haec
1827 594 1918 626 bona
1939 604 2020 626 casu
2037 599 2098 626 aut
2110 594 2269 626 nescien-

1284 644 1377 676 tibus
1397 643 1517 675 osferri
1534 650 1593 676 aut
1610 643 1732 676 amitti.
1787 644 1835 677 At
1851 655 1916 676 nos
1931 643 2080 677 sciamus
2097 655 2134 676 ea
2145 642 2270 677 Eccle-

1286 694 1356 727 siae
1379 705 1459 726 vere
1487 706 1503 726 a
1527 692 1602 726 Deo
1629 693 1725 734 dari,
1752 700 1785 727 et
1809 694 1897 727 velle
1916 693 2031 727 Deum
2054 700 2092 727 ut
2116 706 2154 727 ea
2172 701 2269 738 peta-

1286 756 1383 784 mus,
1411 757 1450 777 ac
1468 744 1572 777 fidem
1597 741 1660 777 hac
1677 743 1847 788 petitione
1873 756 2103 778 exerceamus.
2158 744 2270 778 Turci

1285 807 1380 828 nunc
1403 794 1618 828 denunciant
1641 795 1774 828 bellum
1800 801 1834 828 et
1857 797 2088 828 vastationem
2110 795 2175 829 toti
2195 793 2271 830 Eu-

1287 857 1394 893 ropae
1426 852 1459 879 et
1489 845 1674 878 universae
1703 843 1836 878 Christi
1871 843 2062 878 Ecclesiae:
2103 847 2271 880 adversus

1288 894 1372 930 haec
1397 902 1492 929 tanta
1517 896 1669 940 pericula
1695 896 1763 938 tegi
1788 902 1820 929 et
1838 896 1981 928 defendi
1996 909 2060 929 nos
2077 908 2095 929 a
2113 897 2191 930 Deo
2211 909 2271 940 pe—

1287 954 1420 987 tamus,
1451 959 1494 979 ne
1517 946 1626 990 ipsius
1649 946 1776 980 noticia
1801 947 1969 982 deleatur.
2030 945 2125 979 Haec
2146 948 2271 995 petitio

1288 998 1367 1042 plus
1392 997 1550 1045 proficiet
1575 1009 1680 1042 quam
1711 1008 1831 1040 regum
1861 1004 1893 1030 et
1925 997 2139 1030 exercituum
2163 1009 2272 1038 arma,

1289 1049 1377 1081 sicut
1409 1059 1513 1091 supra
1546 1048 1678 1081 dictum
1704 1055 1772 1081 est:
1827 1047 1884 1080 Illi
1908 1048 1945 1080 in
1969 1048 2150 1089 curribus,
2178 1054 2210 1081 et
2234 1048 2273 1081 in

1289 1098 1405 1143 equis,
1438 1097 1510 1130 Nos
1533 1105 1648 1131 autem
1681 1110 1812 1131 nomen
1837 1096 1984 1131 Domini
2001 1097 2066 1131 Dei
2090 1098 2274 1132 invocabi-

1289 1161 1376 1182 mus.
1438 1146 1668 1192 Metaphorae
1697 1149 1827 1182 multae
1861 1149 1980 1182 dulces
2015 1155 2097 1182 sunt
2131 1148 2168 1181 in
2205 1147 2273 1182 hoc

1290 1199 1452 1239 Psalmo,
1493 1211 1640 1244 quarum
1682 1199 1880 1233 intellectus
1909 1199 2019 1232 facilis
2056 1206 2115 1232 est.
2181 1199 2274 1233 Loca

1292 1250 1441 1283 virentia
1473 1256 1505 1282 et
1537 1247 1704 1289 herbida,
1734 1261 1872 1289 amnes,
1909 1261 2047 1287 mensa,
2076 1249 2275 1293 significant

1291 1301 1522 1334 nutritionem
1545 1306 1579 1333 et
1597 1300 1884 1333 consolationem.
1939 1299 2048 1342 Yirga
2071 1307 2104 1334 et
2127 1301 2273 1334 baculus

1290 1351 1487 1394 significant
1503 1351 1742 1382 defensionem
1761 1357 1792 1383 et
1808 1351 2111 1393 gubernationem.

1429 1443 1768 1488 Argumentum
1796 1453 1850 1476 ac
1877 1442 2136 1486 dispositio

1597 1507 1755 1546 Psalmi
1788 1507 1973 1547 XXIIII.

1343 1581 1496 1614 Domini
1515 1583 1573 1613 est
1588 1583 1692 1612 terra
1712 1584 1750 1613 et
1764 1579 1956 1624 plenitudo
1974 1583 2068 1624 eius,
2085 1579 2182 1615 orbis
2199 1586 2276 1616 ter-

1344 1642 1476 1664 rarum
1491 1635 1525 1663 et
1546 1632 1609 1675 (μιὶ
1625 1629 1803 1664 habitant
1819 1634 1859 1665 in>
1878 1642 1931 1665 eo.

1396 1704 1586 1749 Prophetia
1608 1714 1658 1740 est
1681 1707 1723 1740 de
1746 1704 1902 1740 Ecclesia
1925 1704 1992 1739 Dei
2017 1706 2213 1749 colligenda
2240 1708 2278 1740 in

260 1771 334 1798 ctus
357 1773 419 1806 per
439 1757 651 1803 Prophetam
676 1759 776 1791 docet
799 1768 921 1790 omnes
938 1756 1032 1800 pios,
1062 1753 1145 1788 haec
1171 1765 1242 1787 esse
1266 1762 1271 1796 f
1295 1764 1368 1791 toto
1386 1763 1559 1790 terrarum
1582 1756 1684 1795 orbe,
1710 1763 1743 1790 et
1760 1757 1888 1801 passim
1911 1757 1949 1790 in
1969 1757 2092 1791 mundi
2108 1757 2276 1802 imperiis.

259 1812 428 1848 beneficia
444 1810 526 1850 Dei,
553 1816 585 1843 et
608 1809 776 1853 promissa
803 1819 875 1840 esse
895 1805 1081 1839 Ecclesiae.
1136 1804 1242 1839 Sunt-

261 1876 328 1910 que
347 1868 478 1896 sumtae
495 1859 559 1893 hae
574 1859 766 1893 sententiae
788 1870 828 1891 ex
851 1857 972 1901 primis
998 1857 1068 1889 illis
1093 1855 1241 1900 promis—

262 1913 422 1948 sionibus
439 1911 576 1945 traditis
590 1907 767 1944 Abrahae.
808 1907 854 1942 Ut
871 1906 980 1941 Gene.
1002 1906 1072 1941 15.:
1100 1906 1183 1940 Noli
1198 1905 1239 1940 ti-

262 1976 357 1998 mere
367 1959 558 1996 Abraham.
595 1960 669 2003 Ego
690 1965 865 2003 protector
883 1965 962 1991 tuus
978 1970 1073 1998 sum,
1101 1964 1134 1991 et
1151 1968 1242 1989 mer-

264 2027 319 2050 ces
335 2022 393 2048 tua
413 2012 524 2046 valde.

366 2061 551 2106 Obstrepit
576 2067 690 2093 autem
719 2059 822 2092 nobis
852 2058 1043 2101 indignitas
1066 2065 1184 2091 nostra
1213 2065 1243 2090 et

264 2121 399 2150 accusat
422 2124 487 2146 nos
520 2111 751 2150 conscientia,
787 2111 882 2154 quod
905 2121 1035 2153 poenas
1057 2109 1173 2142 meriti
1198 2108 1244 2141 si-

263 2178 352 2200 mus.

264 2215 348 2250 huic
363 2213 575 2248 accusationi
592 2212 750 2245 doctrina
766 2208 949 2253 Evangelii
968 2211 1009 2243 de
1027 2211 1174 2252 gratuita
1191 2222 1243 2243 re-

265 2267 434 2301 missione
461 2271 691 2308 peccatorum.
746 2261 831 2295 Item
856 2259 920 2294 hac
943 2261 1018 2304 ipsa
1041 2274 1124 2293 vox:
1156 2257 1244 2293 Pro-

1267 1799 1270 1818 t

406 2163 490 2197 Ideo
515 2162 679 2205 languefit
702 2172 779 2207 spes
805 2160 941 2193 auxilii:
968 2160 1027 2192 sed
1048 2166 1245 2203 opponatur
1270 2181 1274 2235 ι

1296 1806 1341 1841 Et
1358 1808 1540 1841 intertexta
1560 1807 1718 1841 doctrina
1737 1808 1822 1852 quid
1847 1808 1890 1842 sit
1908 1806 2085 1848 Ecclesia,
2112 1816 2145 1842 et
2162 1809 2276 1854 qualis

1298 1859 1447 1903 populus
1471 1858 1533 1898 sit,
1560 1865 1592 1891 et
1615 1870 1704 1903 quae
1727 1859 1818 1892 bona
1843 1859 1990 1902 accipiat
2013 1871 2031 1891 a
2059 1858 2145 1894 Deo.
2199 1857 2277 1892 Etsi

1298 1910 1404 1952 igitur
1431 1910 1536 1942 breve
1557 1920 1697 1941 carmen
1723 1916 1791 1949 est,
1818 1915 1934 1942 tamen
1959 1910 2102 1952 plenum
2124 1915 2173 1942 est
2197 1921 2277 1943 eru-

1297 1960 1460 1994 ditionis:
1504 1966 1536 1993 et
1567 1960 1742 1993 enarratio
1769 1966 1819 1993 est
1853 1959 2096 2002 promissionis
2129 1960 2278 1993 traditae

1298 2008 1481 2049 Abrahae,
1515 2021 1553 2042 ac
1582 2010 1734 2053 pertinet
1756 2011 1799 2042 ad
1826 2021 1934 2053 genus
1962 2011 2278 2044 demonstrativum

1298 2073 1357 2095 seu
1376 2057 1650 2095 διδασκαλικὸν.
1706 2059 1878 2093 Inseritur
1894 2067 2009 2094 autem
2028 2068 2061 2094 et
2076 2059 2277 2095 adhortatio

1299 2113 1341 2145 ad
1375 2123 1472 2154 reges
1509 2118 1541 2144 et
1565 2111 1759 2155 principes,
1811 2118 1849 2144 ut
1886 2111 2094 2155 patefaciant
2132 2111 2279 2156 imperia

1299 2161 1512 2205 Evangelio,
1540 2173 1604 2194 nec
1622 2168 1760 2195 arceant
1772 2162 1970 2195 venientem
1988 2160 2180 2203 Christum,
2210 2162 2278 2196 sic-

1299 2220 1337 2246 ut
1360 2219 1391 2245 et
1420 2212 1555 2245 Psalmo
1577 2213 1731 2245 secundo
1755 2213 1943 2256 compellat
1967 2223 2080 2256 reges:
2112 2211 2158 2246 Et
2183 2224 2279 2247 nunc

1300 2275 1395 2306 reges
1420 2263 1622 2305 iutelligite,
1650 2263 1730 2307 quia
1757 2263 1919 2296 diabolus
1944 2264 2128 2307 praecipue
2152 2264 2276 2308 impel-

265 2322 342 2364 pler
377 2326 504 2348 nomen
540 2318 659 2352 tuum,
699 2319 839 2356 ΡΥΟΡῙΘΓ
862 2312 1008 2355 ἕῙΟΓὶὸΥΠ
1032 2318 1126 2344 mam
1152 2310 1245 2344 Deus
1272 2326 1274 2366 Ι
1301 2315 1340 2348 lit
1363 2315 1613 2356 gubernatores
1637 2313 1780 2353 mundi,
1814 2321 1852 2347 ut
1874 2315 2101 2348 adversentur
2123 2312 2278 2350 Christo.

268 2368 431 2401 exaudias
460 2373 491 2399 et
518 2365 614 2397 iuves
640 2374 721 2404 nos,
749 2375 793 2396 ne
809 2361 974 2406 Epicurei
1000 2368 1032 2395 et
1049 2360 1243 2405 blasphemi

268 2418 503 2450 vociferentur
528 2416 662 2447 nullam
696 2426 767 2447 esse
797 2411 986 2447 Ecclesiam
1011 2411 1096 2450 Dei,
1132 2410 1245 2445 nihilo

269 2468 378 2509 magis
403 2467 595 2500 doctrinam
619 2465 780 2498 traditam
806 2476 868 2507 per
888 2461 1082 2507 Prophetas
1099 2470 1131 2496 et
1149 2462 1245 2506 Apo-

272 2518 398 2554 stolos,
426 2517 581 2549 divinam
609 2527 697 2555 esse,
723 2527 827 2560 quam
851 2513 1144 2547 blahometicam:
1183 2512 1245 2546 has

271 2565 505 2614 blasphemias
536 2567 686 2599 refutato
722 2565 888 2613 repressis
912 2565 1091 2598 furoribus
1117 2565 1245 2608 impio-

272 2630 370 2657 rum,
402 2623 433 2649 et
457 2617 606 2649 defensis
630 2617 744 2649 nobis.
797 2615 957 2660 Denique
985 2616 1063 2648 ideo
1096 2616 1244 2659 petimus

273 2667 508 2702 defensionem
521 2693 529 2706 ‚
555 2674 594 2700 ut
611 2668 671 2700 diu
687 2667 877 2700 serviamus
896 2673 975 2700 tuae
994 2665 1188 2707 Ecclesiae,
1208 2674 1245 2700 ut

1299 2364 1345 2398 Et
1365 2363 1401 2397 hi
1419 2366 1671 2398 excandescunt
1688 2365 1778 2404 ideo,
1795 2365 1876 2408 quia
1886 2362 2122 2407 Evangelium
2135 2365 2279 2398 damnat

1299 2415 1410 2455 idola,
1437 2421 1469 2448 et
1484 2415 1551 2447 alia
1568 2414 1695 2448 scelera
1707 2442 1715 2455 ‚
1743 2415 1870 2460 quibus
1890 2415 2015 2459 polluti
2031 2421 2122 2452 sunt,
2149 2421 2183 2448 et
2200 2427 2280 2449 mu-

1299 2466 1384 2499 tatio
1403 2465 1561 2498 cultuum
1579 2465 1718 2498 videtur
1734 2466 1782 2498 eis
1800 2478 1919 2510 parere
1937 2465 2179 2508 dissipationes
2195 2477 2278 2500 sua-

1299 2529 1377 2549 rum
1411 2515 1579 2557 gentium.
1635 2515 1915 2550 praemonentur
1940 2526 2020 2557 ergo
2053 2521 2085 2548 et
2115 2527 2211 2559 reges
2238 2517 2275 2550 in

1299 2567 1466 2606 Psalmis,
1493 2578 1536 2599 ne
1559 2566 1690 2599 bellum
1715 2574 1875 2600 moveant
1898 2567 2063 2599 adversus
2085 2563 2278 2608 Christum,

1298 2630 1342 2650 ne
1359 2617 1547 2650 admittant
1564 2618 1627 2650 ista
1645 2617 1724 2650 odia
1737 2644 1745 2657 ,
1772 2618 1853 2662 quia
1871 2614 2033 2650 Christus
2057 2617 2202 2649 salutem
2227 2619 2277 2651 eis

1270 2706 1273 2707 ⁷
1300 2668 1419 2710 offert,
1455 2674 1488 2701 et
1518 2674 1750 2711 repugnantes
1780 2667 1902 2711 puniet
1935 2679 1972 2700 ac
2007 2667 2154 2707 delebit,
2189 2668 2278 2702 sicut
