2379 2948
196 121 292 156 1239
792 120 914 154 PHIL.
945 119 1060 156 MEL.
1091 120 1301 156 SCRPITA
1329 119 1627 156 EXEGETICA.
2138 123 2234 161 1240

189 207 240 239 «lit
258 206 552 239 consolationem:
581 203 795 251 Speranlem
815 210 934 239 aulem
959 206 997 239 ιή
1016 205 1182 240 Domino
1210 217 1211 253 1
1493 208 1622 242 Alia
1659 221 1677 243 e
1697 221 1718 244 η
1739 221 1761 244 (ι
1781 221 1800 243 ν
1815 221 1834 244 r
1853 221 1875 244 α
1892 215 1907 244 t
1924 214 1936 245 i
1953 223 1972 244 o

190 255 441 290 misericordia
459 253 715 292 circumdabit.
768 257 915 291 ,Etiamsi
934 259 1055 292 »Sancti
1074 259 1180 292 etiam
1209 265 1211 291 1
1536 268 1695 308 psalmi
1726 269 1935 310 XXXIQT·

190 309 412 345 moriuntur,
442 314 473 340 et
501 307 698 352 plerunque
724 315 825 341 antea
850 309 886 341 in
912 307 976 342 hac
1003 310 1073 343 vita
1100 322 1183 353 pro-

189 368 267 403 pter
291 360 418 392 multas
443 370 562 391 causas
587 359 725 392 duriter
740 359 968 402 affliguntur,
996 368 1034 394 ut
1052 359 1181 401 David,

191 410 339 443 loannes
371 409 546 452 Baptista:
591 416 710 442 tamen
748 412 889 444 tandem
923 412 1184 452 liberabuntur,
1210 425 1211 431 ¹
1339 405 1408 440 Hic
1431 407 1592 441 Psalmus
1620 415 1669 442 est
1695 408 1884 453 praecipue
1914 409 2105 451 gratiarum
2131 412 2232 451 actio,

189 469 225 494 ut
252 461 302 495 ibi
331 473 472 506 quoque
491 458 621 495 Manli.
640 461 696 496 25.
725 461 826 495 dicit:
856 462 983 496 Venite
1007 463 1183 496 benedicti
1210 467 1211 473 ¹
1239 459 1334 502 quod
1358 471 1397 491 ex
1424 459 1580 503 periculo
1606 461 1844 504 quodcunque
1871 459 1962 492 illud
1977 460 2045 494 fuit
2062 461 2232 496 liberatus

189 512 298 556 patris
325 513 405 547 mei.
460 511 645 544 Praeterea
672 519 705 545 et
730 513 766 545 in
793 511 856 546 hac
882 515 953 548 vita
972 514 1185 548 mirabiliter
1239 516 1299 544 est.
1353 509 1498 544 Titulus
1520 511 1603 544 facit
1620 511 1837 545 mentionem
1863 508 2033 545 historiae
2059 524 2148 557 quae
2173 525 2233 546 ex-

189 569 260 596 tota
288 560 446 596 Ecclesia
472 569 631 596 servatur
658 571 779 597 contra
804 564 941 598 furores
966 565 1120 606 diaboli,
1152 571 1185 598 et
1211 582 1213 588 ⁴
1239 566 1287 593 issi
1310 561 1340 594 1·
1358 560 1452 595 Sam.
1470 561 1551 603 250,
1577 562 1639 595 Ubi
1658 569 1822 595 narratur
1839 561 2013 596 Davidem
2031 564 2167 597 venisse
2189 565 2232 597 ad

188 614 398 657 mitigantur
416 625 549 658 poenae
567 621 600 647 et
617 615 850 654 calamitates,
879 624 918 649 ut
945 616 989 649 sit
1008 623 1184 660 superstes
1240 608 1366 652 Aelii-5,
1402 618 1435 645 Εἰ
1467 625 1546 645 cum
1574 613 1715 656 agnilus
1741 620 1828 647 esset
1856 614 1971 647 subita
2003 614 2232 648 simulatione

189 665 318 710 aliquis
338 672 457 698 coetus
474 665 676 698 docentium
697 673 730 699 et
746 667 969 708 discentium,
996 666 1184 712 quiaDeus
1239 663 1371 696 furoris
1401 664 1569 705 evasisse,
1621 665 1681 697 sed
1715 676 1944 710 quaecunque
1976 663 2122 699 historia
2153 666 2232 705 fuit,

190 716 226 748 in
254 714 317 749 hac
337 716 407 749 vita
433 716 511 749 vult
535 716 653 759 colligi
672 715 886 760 Ecclesiam,
917 718 1011 751 iuxta
1030 719 1181 752 dictum:
1239 714 1350 748 mulia
1368 714 1462 748 essim
1482 715 1595 749 tristia
1621 715 1804 756 flCCidUffi,
1832 722 1871 749 Ut
1892 714 1949 750 hic
1974 717 2047 761 ipse
2072 716 2234 751 psalmus

189 766 270 800 Non
288 767 420 801 mortui
437 767 635 801 laudabunt
655 774 686 801 te
706 767 870 804 Domine,
1240 765 1374 811 inquit,
1403 766 1531 810 Scripta
1547 773 1598 800 est
1616 763 1700 799 haec
1717 766 1908 810 gratiarum
1933 768 2024 801 actio
2050 781 2124 802 non
2149 780 2232 813 pro-

1241 824 1317 860 pter
1333 818 1451 862 ipsum
1467 824 1603 851 tantum
1615 843 1624 861 ‚
1653 819 1712 851 sed
1732 825 1876 862 propter
1899 825 2007 853 totam
2025 817 2231 854 Ecclesiam.

1339 868 1388 903 Ut
1405 876 1520 902 autem
1541 867 1626 903 haec
1644 869 1772 913 scripta
1790 869 2054 912 intelligantur,
2083 878 2117 905 et
2140 879 2233 905 recte

1240 921 1283 953 ad
1303 932 1405 954 usum
1428 922 1759 961 accommodentur,
1788 921 1890 955 initio
1915 922 2028 955 fontes
2054 924 2233 967 cogitandi

1238 979 1331 1006 sunt.
1386 969 1524 1005 Omnes
1546 973 1733 1006 conciones
1756 979 1838 1006 sunt
1864 981 1923 1006 aut
1947 974 2107 1008 doctrina
2135 975 2232 1018 legis,

1238 1030 1299 1057 aut
1323 1022 1553 1057 articulorum
1579 1024 1680 1065 fidei,
1711 1035 1773 1057 seu
1794 1023 2000 1067 Evangelii,
2023 1037 2085 1059 seu
2106 1038 2232 1060 conso-

1238 1075 1405 1113 lationes,
1430 1087 1518 1120 quae
1543 1075 1726 1110 continent
1749 1075 2001 1122 promissiones
2017 1075 2083 1110 Dei
2107 1078 2150 1111 de
2174 1078 2231 1111 fu-

1238 1127 1327 1159 turis
1355 1133 1388 1160 et
1413 1127 1659 1170 praesentibus
1686 1127 1807 1164 bonis,
1836 1133 1896 1160 aut
1913 1134 1996 1161 sunt
2014 1129 2230 1161 condemna—

1237 1178 1350 1211 tiones
1365 1178 1568 1219 impiorum.
1620 1177 1688 1210 Hic
1704 1183 1736 1209 et
1754 1177 1926 1210 intuenda
1943 1184 1993 1210 est
2009 1184 2080 1212 tota
2097 1180 2231 1213 doctri-

1238 1239 1281 1260 na
1301 1228 1344 1260 de
1361 1227 1604 1267 invocatione,
1632 1229 1675 1260 de
1694 1227 1781 1269 fide,
1806 1228 1850 1260 de
1869 1228 2043 1262 exercitiis
2063 1230 2163 1272 fidei,
2190 1231 2229 1264 in

1237 1279 1476 1323 expectatione
1510 1279 1749 1323 praesentium
1790 1278 2044 1313 liberationum
2079 1289 2112 1315 et
2139 1281 2230 1315 vitae

1237 1337 1412 1364 aeternae.
1476 1330 1585 1371 Item,
1631 1332 1674 1363 de
1710 1330 1914 1363 discrimine
1951 1332 2229 1375 promissionum

1236 1381 1485 1426 temporalium
1509 1388 1542 1414 et
1565 1388 1800 1416 aeternarum.
1853 1381 1923 1414 His
1939 1382 2042 1415 initio
2061 1383 2228 1417 conside—

290 1431 447 1467 Ultimus
473 1445 593 1467 versus
630 1441 680 1467 est
715 1432 970 1478 epiphonema,
1006 1437 1102 1481 quod
1130 1443 1181 1470 est
1235 1434 1337 1474 ratis,
1365 1433 1514 1466 sciamus
1530 1430 1626 1465 hunc
1642 1431 1822 1465 Psalmum
1840 1433 2119 1467 consolationem
2143 1446 2229 1476 esse,

187 1483 382 1517 consolatio
399 1484 573 1518 iustorum
587 1512 595 1526 ‚
624 1492 655 1518 et
674 1493 896 1529 praeceptum
918 1488 960 1520 de
983 1487 1181 1521 invocatio·
1235 1484 1317 1529 quia
1334 1484 1526 1527 gratiarum
1545 1484 1635 1517 actio
1661 1484 1788 1528 scripta
1807 1490 1856 1516 est
1874 1485 1916 1517 ad
1934 1484 2022 1518 alios
2038 1486 2228 1519 consolan-

187 1546 250 1575 ne‚
279 1541 310 1568 et
328 1536 370 1568 de
391 1536 582 1578 gratiarum
607 1536 762 1569 actione:
805 1533 1021 1571 Laelamc'ni
1038 1538 1077 1571 in
1096 1537 1180 1571 Do-
1235 1536 1317 1576 d05‚
1346 1542 1385 1569 ut
1402 1536 1467 1568 fide
1489 1542 1625 1579 petant,
1649 1542 1681 1568 et
1697 1541 1878 1579 expectent
1898 1535 2030 1568 similes
2047 1536 2230 1571 liberatio-

187 1583 307 1626 mino,
325 1590 355 1618 et
371 1584 535 1619 exultate
551 1585 656 1625 iusti,
673 1591 734 1621 etc.
790 1586 858 1621 Sed
878 1586 934 1622 hic
952 1590 1069 1623 statim
1089 1602 1179 1623 con—
1235 1599 1306 1621 nes.
1362 1586 1537 1630 Proponit
1556 1593 1588 1620 et
1605 1586 1804 1630 exemplum
1822 1597 1904 1619 suae
1921 1586 2143 1622 liberationis
2156 1615 2163 1629 ‚
2195 1595 2229 1622 et

185 1637 330 1670 scientia
355 1637 493 1682 sibiipsi
516 1638 640 1671 obiicit
664 1636 731 1671 hoc
755 1647 1013 1681 argumentum.
1075 1640 1179 1674 Iubet
1206 1635 1207 1662 3
1235 1638 1504 1682 promissiones,
1521 1638 1558 1670 in
1577 1637 1707 1682 quibus
1724 1638 1845 1670 eadem
1864 1638 2037 1672 sententia
2057 1650 2157 1684 saepe
2172 1651 2230 1673 re-

186 1688 308 1721 laetari
328 1688 458 1732 iustOS‚
487 1686 562 1732 Ego
580 1701 653 1723 non
670 1701 748 1722 sum
766 1690 865 1731 talis,
892 1691 963 1724 imo
983 1703 1045 1734 ego
1064 1690 1177 1725 habeo
1204 1692 1206 1716 1
1233 1690 1340 1732 petita
1358 1696 1419 1722 est.
1475 1688 1636 1722 Sciamus
1653 1696 1769 1721 antem
1786 1695 1819 1721 et
1839 1689 2093 1732 promissiones
2112 1697 2145 1724 et
2169 1702 2228 1724 ex-

186 1751 322 1773 errores
341 1746 373 1773 et
391 1747 541 1784 peccata.
593 1740 661 1775 Hic
678 1748 817 1784 oportet
838 1748 957 1775 notam
984 1754 1055 1775 esse
1081 1755 1177 1776 com·
1233 1739 1346 1784 empta
1371 1740 1413 1772 ad
1443 1750 1507 1772 nos
1525 1750 1667 1784 quoque
1689 1739 1882 1782 pertinere,
1910 1739 2001 1773 sicut
2025 1737 2111 1774 haec
2133 1741 2227 1776 dicta

184 1802 329 1823 munem
355 1791 553 1824 doctrinam
578 1790 784 1835 Evangelii,
817 1794 912 1837 quod
937 1794 1099 1828 nominat
1122 1795 1177 1828 iu-
1231 1792 1275 1824 ad
1294 1791 1452 1834 singulos
1470 1790 1665 1834 pertinent:
1683 1788 1810 1823 venite
1827 1790 1870 1823 ad
1889 1802 1944 1823 me
1956 1803 2090 1825 omnes.
2119 1791 2226 1826 Item:

185 1848 254 1875 stos
273 1854 460 1875 conversos
479 1843 522 1876 ad
536 1842 669 1884 Deum,
698 1844 759 1888 qui
778 1843 846 1876 iam
867 1844 1006 1888 placent
1031 1853 1177 1890 propter
1232 1840 1362 1875 Omnis
1381 1842 1439 1886 qui
1460 1841 1679 1874 invocaverit
1695 1853 1825 1874 nomen
1835 1840 1993 1883 Domini,
2012 1843 2129 1877 salvus
2148 1844 2225 1878 erit.

184 1892 421 1926 NIediatorem
443 1893 529 1933 fide,
557 1894 695 1926 etiamsi
721 1892 869 1928 haerent
895 1895 931 1927 in
956 1896 1006 1928 eis
1030 1909 1176 1939 magnae
1334 1892 1384 1926 Ita
1405 1893 1556 1926 sciamus
1578 1892 1668 1925 sicut
1685 1893 1814 1926 servati
1838 1899 1921 1926 sunt
1937 1891 2137 1934 Abraham,
2167 1894 2225 1929 lo—

184 1944 420 1980 infirmitates,
450 1941 487 1976 hi
509 1951 626 1977 tamen
646 1957 719 1977 non
738 1953 962 1988 perseverant
982 1947 1017 1979 in
1037 1949 1176 1981 delictis
1231 1942 1333 1989 seph,
1360 1944 1498 1982 David,
1526 1943 1706 1977 Isrflb'liiae
1740 1944 1777 1976 in
1807 1944 1896 1976 mari
1927 1945 2057 1986 rubro,
2087 1945 2124 1978 in
2148 1947 2223 1979 for-

185 2001 306 2028 contra
324 1994 589 2031 conscientiam.
643 1994 794 2029 Talibus
811 2003 862 2030 est
886 1999 1109 2042 mandatum,
1137 2007 1175 2034 ut
1231 2008 1314 2029 nace
1334 1995 1572 2041 Babylonica,
1599 1995 1647 2028 sic
1671 2006 1735 2028 nos
1752 2007 1894 2040 quoque
1918 1995 2070 2038 tegimur
2092 2003 2125 2030 et
2151 2008 2225 2031 ser-

183 2045 250 2078 fide
273 2046 441 2080 accedant
463 2047 505 2079 ad
525 2044 658 2087 Deum,
686 2054 842 2081 statuant
859 2059 894 2081 se
910 2049 1046 2092 placere
1066 2058 1099 2084 et
1117 2063 1175 2084 ex-
1230 2059 1355 2080 vamur
1378 2059 1395 2080 ἢ
1424 2045 1519 2087 Deo,
1560 2058 1641 2079 nam
1665 2046 1702 2078 in
1729 2052 1824 2079 *2⁰1³
1857 2046 2062 2080 infirmitate
2085 2049 2223 2091 generis

182 2097 319 2135 audiri,
354 2104 393 2131 ut
421 2097 466 2130 ad
491 2095 674 2131 Hebraeos
703 2098 849 2132 dicitur:
886 2099 1105 2135 Accedamus
1130 2103 1174 2135 ad
1228 2096 1397 2139 humani,
1426 2105 1458 2131 ei
1480 2098 1518 2130 in
1538 2098 1644 2131 tantis
1660 2097 1752 2130 Odiis
1772 2097 2017 2139 disthOlOEUU‘,
2045 2105 2079 2132 et
2104 2096 2222 2133 homi-

182 2146 355 2181 thronum
378 2146 528 2193 gratiae
550 2160 628 2182 cum
651 2149 792 2185 fiducia.
855 2149 958 2184 Item:
995 2151 1108 2187 Petite
1136 2153 1174 2186 in
1229 2162 1314 2183 num
1332 2150 1513 2183 furoribus
1528 2161 1601 2182 non
1618 2155 1760 2193 possent
1775 2147 1954 2182 Ecclesiae
1973 2161 2134 2191 manere,
2157 2163 2221 2185 nec

180 2199 267 2239 fide,
295 2196 389 2232 nihil
415 2197 637 2235 haesitantes.
691 2199 737 2234 Et
754 2202 797 2233 de
813 2213 872 2245 spe
897 2201 1015 2247 inquit
1030 2202 1173 2238 Petrus:
1199 2244 1201 2250 ,
1227 2208 1370 2249 possent
1389 2200 1561 2240 familiae,
1587 2197 1746 2240 scholae,
1774 2200 1919 2243 politiae
1945 2212 2036 2242 esse,
2064 2201 2134 2234 nisi
2158 2201 2220 2236 Fi—

180 2249 266 2283 Sine
282 2250 508 2284 simulatione
526 2259 663 2295 sperate
679 2253 827 2295 gratiam
845 2265 933 2298 quae
952 2254 1051 2287 vobis
1074 2253 1171 2289 exlii-
1198 2253 1201 2295 1
1228 2254 1296 2286 lius
1325 2252 1411 2292 Dei,
1446 2252 1508 2297 qui
1537 2257 1699 2284 naturam
1728 2249 1919 2284 humanam
1941 2251 2021 2286 ideo
2046 2254 2220 2295 assumsit,

178 2301 295 2336 betur.
350 2300 455 2334 Item:
490 2302 692 2336 Sacrificate
715 2303 924 2337 sacrificium
954 2305 1113 2339 iusticiae
1140 2314 1172 2341 ct
1198 2303 1200 2316 ⁴
1228 2317 1271 2337 ne
1286 2304 1447 2337 funditus
1465 2313 1574 2347 genus
1594 2300 1789 2336 humanum
1809 2303 1953 2346 periret,
1970 2304 2219 2338 umbraculum

180 2359 314 2395 sperate
334 2352 371 2385 in
389 2351 567 2394 Domino,
595 2360 660 2389 etc.
713 2353 759 2388 Et
775 2355 987 2389 nominatim
1012 2354 1067 2390 hic
1083 2358 1172 2391 dici·
1198 2354 1200 2394 ζ’
1227 2363 1333 2395 esset,
1359 2362 1391 2388 et
1415 2355 1600 2387 nobiscum
1628 2360 1734 2395 esset,
1770 2354 1860 2387 sicut
1881 2354 1983 2387 fnit·
1974 2367 2047 2412 ipse
2069 2367 2218 2400 conspe-

178 2409 250 2435 tur:
278 2403 477 2437 Laetamini
503 2405 540 2437 in
565 2403 740 2443 Domino,
770 2407 870 2451 quasi
891 2407 1002 2451 dicat,
1031 2420 1105 2441 non
1134 2410 1171 2442 in
1197 2398 1199 2440 *J
1227 2414 1300 2440 ctus
1318 2407 1355 2439 in
1383 2407 1524 2439 fornace
1542 2403 1774 2450 Babylonica.
1828 2404 1939 2438 Adest
1956 2405 2085 2448 igitur,
2112 2418 2217 2440 exau-

177 2454 361 2496 praesidiis
378 2453 563 2497 humanis,
591 2463 623 2489 et
642 2454 753 2490 haec'
744 2469 819 2501 ipsa
837 2458 943 2491 verba
961 2460 1004 2492 de
1022 2459 1171 2503 laeticia,
1196 2453 1199 2483 Ῑ
1226 2459 1276 2492 dit
1295 2465 1327 2492 et
1344 2458 1404 2491 iuv
1408 2464 1461 2497 at,
1495 2468 1559 2489 nec
1582 2457 1711 2500 negligi
1739 2468 1802 2490 nos
1817 2463 2002 2500 putemus,
2029 2457 2110 2502 quia
2139 2469 2213 2491 non

176 2515 237 2537 seu
255 2506 296 2537 de
314 2507 572 2548 consolatione,
600 2514 683 2541 sunt
703 2516 904 2553 praecepta,
930 2510 972 2543 de
989 2510 1075 2552 fide,
1098 2524 1170 2556 spe,
1163 2487 1198 2574 1
1224 2521 1346 2543 omnes
1376 2515 1521 2542 eventus
1547 2509 1763 2551 respondent
1794 2508 1922 2540 nostris
1947 2507 2214 2551 imaginationi-

176 2554 419 2598 invocatione,
455 2565 487 2592 et
510 2558 704 2601 gratiarum
731 2560 886 2599 actione,
929 2561 1012 2606 quia
1046 2574 1169 2597 causae
1194 2575 1196 2583 ·
1223 2563 1300 2596 bus.
1356 2559 1543 2604 Utrunque
1570 2559 1663 2592 enim
1690 2559 1766 2592 vult
1791 2557 1904 2593 Deus.
1939 2564 1972 2591 et
1998 2569 2070 2591 esse
2092 2557 2215 2594 Eccle-

176 2605 352 2645 laeticiae,
386 2608 620 2642 invocationis
639 2617 671 2644 et
693 2611 887 2654 gratiarum
913 2612 1062 2647 actionis
1085 2622 1169 2649 sunt
1192 2588 1196 2654 1
1222 2613 1310 2646 siam
1333 2612 1398 2644 sub
1425 2623 1544 2651 cruce,
1577 2617 1616 2644 ut
1644 2617 1825 2654 peccatum
1856 2616 2080 2652 agnoscatur,
2115 2618 2147 2644 et
2175 2618 2214 2645 ut

174 2656 260 2689 fides
280 2664 313 2691 et
329 2669 424 2702 spes,
453 2660 547 2694 iuxta
566 2661 716 2695 dictum:
747 2661 928 2698 Iustificati
951 2662 1020 2698 fide
1046 2677 1165 2710 pacem
1191 2655 1195 2715 1
1222 2665 1281 2697 fiat
1303 2662 1502 2702 invocatio,
1535 2668 1567 2695 et
1589 2660 1782 2695 Ecclesiam
1806 2659 1959 2700 servari,
1987 2672 2026 2693 ac
2048 2673 2214 2705 praesen-

172 2705 353 2744 hflbemus·
1191 2711 1194 2747 1
1221 2716 1307 2749 tiam
1326 2726 1423 2748 suam
1440 2714 1477 2746 in
1488 2689 1646 2747 Ecclesia
1663 2712 1830 2756 conspici.
1861 2709 2014 2756 Ideoque
2031 2713 2106 2746 vult
2122 2712 2212 2746 libe-

1288 340 1518 377 Benedicam
1539 343 1699 377 Domino
1719 346 1818 377 omni
1837 347 2004 388 tempore
2021 354 2101 378 meo
2130 350 2203 380 etc.

292 843 372 878 Huc
401 844 579 888 pertinent
614 845 705 878 dicta
736 846 779 878 de
812 848 969 880 custodia
999 846 1185 889 Ecclesiae,

189 894 330 929 Psalmo
349 895 422 929 33.;
452 894 705 929 Circumvallat
729 898 873 939 angelus
891 897 1037 931 Domini
1055 899 1184 932 timen-

190 954 239 980 tes
257 959 348 982 eum.
406 945 480 979 loe'l
496 948 547 981 2:
576 946 699 980 Bonus
719 946 897 982 Dominus
919 956 952 983 et
975 950 1185 991 misericors,

190 1006 222 1032 et
241 997 398 1042 poenitet
417 1009 495 1030 eum
515 1009 660 1042 poenae.
716 996 831 1032 Oseae
851 1001 925 1035 11.:
955 1000 1035 1034 Non
1057 1002 1182 1035 faciam

188 1050 343 1083 furorem
361 1049 433 1081 irae
450 1060 557 1084 meae.
611 1047 660 1083 Et
679 1047 804 1083 Esaiae
821 1051 898 1084 28«
928 1051 1078 1087 Erudiet
1102 1066 1183 1087 eum
1209 1077 1212 1090 .

188 1099 285 1134 Deus
317 1111 400 1134 suus
435 1100 472 1132 in
496 1100 629 1134 iudicio
654 1107 692 1134 ut
717 1102 839 1135 doceat
862 1115 961 1141 eum,
995 1104 1031 1137 id
1048 1112 1116 1143 est,
1144 1112 1184 1139 ut

188 1157 329 1184 revocet
345 1163 426 1184 eum
444 1152 488 1184 ad
516 1151 792 1195 poenitentiam,
819 1160 883 1187 etc.
935 1153 1002 1187 His
1027 1162 1060 1189 et
1084 1156 1183 1188 simi-

188 1203 282 1235 libus
306 1202 408 1235 dictis
439 1204 708 1237 commonefacti
742 1211 902 1247 petamus
933 1212 967 1239 et
1002 1219 1182 1251 speremus

188 1254 447 1297 mitigationem
464 1254 686 1297 publicarum
714 1261 747 1287 et
764 1255 983 1298 privatarum
1002 1257 1182 1291 calamita-

188 1312 281 1345 tum,
316 1312 349 1339 et
373 1304 524 1337 sciamus
549 1305 624 1337 sine
647 1306 720 1339 ulla
745 1305 969 1340 dubitatione
993 1319 1182 1342 conversos

188 1357 231 1389 ad
253 1355 369 1390 Deum
387 1356 461 1389 fore
479 1353 645 1390 haeredes
664 1357 756 1390 vitae
774 1364 948 1392 aeternae.
