2379 2948
161 123 233 160 805
618 119 664 155 11.

258 205 354 240 Haec
371 205 435 240 etsi
451 206 494 239 de
518 212 677 250 tempore
701 205 974 252 praedicationis
992 203 1149 249 Aposto-

155 260 272 292 lorum
303 255 362 291 hic
394 257 580 298 dicuntur,
614 264 734 291 tamen
760 257 988 291 liberationes
1017 256 1149 289 similes

155 316 256 350 sunt,
282 308 360 354 Ipse
387 308 481 342 filius
506 307 573 342 Dei
595 309 719 341 sedens
743 309 786 341 ad
809 309 988 341 dexteram
1014 307 1149 340 aeterni

153 359 290 401 Patris,
319 367 434 394 servat
449 360 604 404 aliquam
621 365 756 403 partem
773 359 911 402 generis
926 355 1093 399 humani,
1116 365 1149 392 et

155 412 292 455 colligit
318 411 456 457 aliquos
483 416 619 449 coetus,
655 422 721 443 nec
746 409 832 443 sinit
853 410 1016 443 funditus
1040 409 1149 443 deleri

154 470 271 497 totum
295 474 405 506 genus
422 459 630 494 humanum.
688 459 852 494 Vicissim
878 469 997 494 autem
1014 460 1051 493 in
1076 472 1148 493 ser-

154 515 244 547 vatis
267 513 428 559 reliquiis
458 517 560 545 sonat
585 523 653 544 vox
678 510 883 555 Evangelii,
918 524 986 557 qua
1016 511 1147 545 noticia

155 565 229 598 eius
247 570 478 610 propagatur,
502 568 536 595 et
553 562 584 595 ei
601 563 732 605 gratiae
751 571 918 606 aguntur.

255 615 381 659 Qualis
398 620 448 647 est
465 620 581 647 autem
598 613 787 647 liberatio?
813 614 876 648 Est
891 614 1051 648 remissio
1068 626 1147 659 pec-

155 675 331 707 catorum,
367 664 617 705 sanctificatio,
660 665 890 708 gubernatio,
927 674 960 699 et
989 666 1147 699 defensio

154 718 293 759 divina3
322 716 403 750 ideo
425 716 463 748 in
487 721 585 750 textu
603 716 702 750 dicit:
730 716 907 750 Dominus
925 717 1045 751 abluet
1070 729 1147 750 sor-

155 771 215 803 des
235 767 388 802 filiorum
406 766 512 802 Zion.

255 817 420 852 Affirmat
438 817 547 861 igitur
562 818 851 852 annunciandam
871 830 943 851 esse
968 818 1148 851 remissio—

153 882 236 904 nem
257 876 503 914 peccatorum‚
531 876 657 903 etcum
682 867 746 902 hac
773 870 812 904 fit
839 869 1085 910 sanctificatio,
1112 869 1148 902 id

153 928 223 962 est,
250 921 412 955 conversi
432 921 475 954 ad
493 919 628 962 Deum,
655 927 738 954 sunt
762 921 832 954 iam
852 933 932 954 vere
957 928 1097 954 sanctus
1117 928 1149 954 et

151 971 227 1006 Deo
245 972 381 1007 dicatus
401 971 572 1016 populus,
601 979 684 1006 sunt
702 973 864 1006 custodes
887 972 986 1005 verbi
1004 971 1089 1012 Dei,
1117 978 1149 1005 et

153 1035 234 1057 eum
252 1030 458 1067 agnoscunt,
484 1030 517 1057 et
534 1023 695 1057 serviunt
713 1023 743 1056 ei
760 1024 851 1056 veris
868 1023 992 1057 officiis
1009 1030 1043 1057 et
1057 1022 1149 1055 veris

151 1075 319 1116 cultibus,
347 1081 380 1109 et
398 1074 543 1121 quidem
560 1075 796 1119 purificantur
811 1075 855 1107 ab
874 1087 926 1115 eo,
954 1086 1016 1119 per
1032 1073 1149 1118 Spiri-

152 1133 226 1159 tum
245 1133 404 1160 sanctum
417 1154 425 1166 ,
450 1132 490 1159 ut
506 1126 556 1159 ibi
573 1126 676 1167 dicit,
704 1126 832 1170 spiritu
849 1126 987 1159 ardoris
1004 1133 1036 1159 et
1052 1125 1148 1158 iudi-

153 1177 219 1217 cii,
248 1178 284 1210 id
302 1185 370 1217 est,
400 1176 540 1223 Spiritu
565 1177 746 1211 iudicante
771 1185 802 1211 et
823 1177 968 1210 tollente
993 1176 1149 1210 carnales

153 1228 341 1273 opiniones
362 1235 394 1262 et
412 1228 635 1272 cupiditates.

258 1278 359 1323 Quae
384 1286 602 1324 sequuntur,
630 1285 837 1323 perpetuam
857 1279 1098 1312 defensionem
1117 1284 1149 1311 et

152 1331 448 1373 gubernationem
467 1330 681 1372 significant,
708 1337 740 1363 et
756 1337 871 1364 sumta
890 1336 941 1362 est
958 1329 1149 1373 descriptio

151 1394 169 1415 a
188 1389 290 1427 typo,
319 1392 336 1414 a
353 1380 560 1414 defensione
578 1380 701 1426 populi
720 1380 757 1413 in
776 1381 932 1419 deserto,
960 1381 1020 1425 qui
1039 1381 1150 1413 inter-
1174 1414 1175 1424 γ

152 1433 214 1465 diu
238 1433 422 1476 tegebatur
444 1432 560 1473 nube,
589 1439 623 1465 et
645 1438 754 1465 noctu
779 1431 980 1464 lucentibus
997 1431 1150 1464 flammis

153 1483 392 1517 circumdatus
409 1489 492 1516 erat.

248 1533 345 1567 Haec
361 1534 496 1578 pictura
511 1532 752 1566 dulcissimam
770 1532 1049 1567 consolationem
1067 1544 1150 1577 pro-

154 1585 277 1630 ponit,
312 1592 345 1618 et
380 1585 523 1630 quidem
557 1585 827 1617 commonefacit
866 1596 930 1617 nos
967 1585 1071 1618 simul
1107 1584 1149 1615 de

154 1636 401 1680 magnitudine
434 1636 656 1669 miseriarum
690 1643 722 1669 et
750 1636 1011 1680 periculorum,
1047 1642 1080 1668 et
1107 1636 1149 1667 de
1175 1642 1177 1661 ἐ

720 118 1088 157 ARGUMENTUM
1117 118 1165 153 IN
1190 115 1381 153 ESMAM
1411 116 1736 153 PROPHETAM.

1174 1612 1177 1625 l

1175 1629 1177 1639 ι

2118 122 2191 158 806

1202 202 1417 238 defensione.
1452 203 1548 237 Deus
1562 212 1614 239 est
1633 205 1722 249 ignis
1737 206 1961 245 conSumens,
1984 206 2076 238 utin
2090 207 2190 240 Mose

1201 253 1371 298 scriptum
1389 260 1455 294 est,
1483 253 1555 288 Nec
1571 255 1658 288 iram
1677 263 1710 290 et
1730 255 1902 290 iudicium
1925 255 1999 289 eius
2020 258 2191 291 sustinere

1200 303 1357 338 Ecclesia
1386 312 1515 348 posset.
1578 305 1660 340 ldeo
1691 309 1785 340 nube
1810 307 1980 350 tegimur,
2016 314 2049 341 et
2077 307 2191 342 Filius

1200 354 1267 389 Dei
1290 356 1538 388 umbraculum
1565 364 1616 390 est
1648 357 1741 390 inter
1767 358 1882 391 Deum
1917 358 2131 392 iudicantem
2158 368 2193 393 et

1200 418 1277 442 nos.
1311 405 1472 440 Dulciter
1488 407 1661 448 fovemur,
1685 420 1729 441 ne
1746 420 1997 443 consumamur
2013 407 2192 444 horrenda

1202 458 1253 491 ira
1269 455 1346 491 Dei.

1295 507 1435 542 Deinde
1451 514 1678 552 oppugnatur
1694 507 1848 541 Ecclesia
1867 521 1885 542 a
1902 511 2073 550 diabolis,
2101 524 2119 544 a
2138 519 2192 548 tv-

1201 559 1343 600 rannis,
1372 565 1405 592 et
1428 558 1603 603 premitur
1628 559 1720 592 inter
1745 571 1952 594 communes
1978 552 2193 596 calamitates

1201 611 1338 654 generis
1364 608 1530 650 humani,
1566 617 1598 643 et
1629 610 1722 643 inter
1752 611 1925 644 tumultus
1951 612 2192 656 imperiorum.

1201 662 1271 696 Sed
1290 669 1459 707 tanquam
1475 661 1637 695 flammeo
1655 673 1757 694 muro
1775 661 1888 696 cincta
1906 670 1975 703 est,
2001 675 2045 695 ne
2068 665 2194 697 diabo-

1200 713 1255 747 lus
1272 720 1305 747 et
1328 712 1471 759 tyranni
1488 712 1621 745 saevire
1639 712 1676 744 in
1695 724 1768 745 eam
1788 713 1942 756 possint,
1971 720 2010 747 ut
2037 715 2194 748 furenter

1202 764 1362 809 cupiunt.
1415 763 1462 797 Et
1486 770 1558 798 tota
1578 761 1663 796 haec
1681 764 1840 797 defensio
1865 762 2118 808 comprehensa
2145 773 2194 798 est

1202 816 1238 848 in
1267 816 1361 849 dicto
1386 812 1540 857 Christi,
1568 827 1638 859 quo
1663 827 1727 847 nos
1753 815 1955 848 dulcissime
1971 816 2192 850 consolatur:

1201 866 1313 900 Nemo
1334 867 1445 911 rapiet
1463 878 1545 900 oves
1562 878 1656 899 meas
1672 878 1710 898 ex
1727 866 1892 900 manibus
1911 867 2008 903 meis.

1304 918 1373 951 Sed
1391 918 1529 963 quotics
1547 914 1608 950 has
1628 917 1880 961 promissiones
1897 918 2062 960 legimus,
2091 919 2194 952 audi-

1202 981 1300 1009 mus,
1340 970 1552 1012 cogitamus,
1586 980 1672 1013 quas
1706 969 1849 1013 quidem
1879 976 2023 1013 propter
2054 970 2195 1003 assidua

1201 1020 1357 1065 pericula
1383 1032 1520 1064 semper
1545 1020 1581 1052 in
1605 1027 1796 1064 conspectu
1813 1032 1886 1053 esse
1905 1027 2062 1064 oportet,
2088 1021 2195 1054 simul

1201 1072 1399 1105 doctrinam
1418 1072 1461 1104 de
1479 1071 1546 1104 fide
1560 1078 1592 1105 et
1609 1082 1669 1114 spe
1688 1072 1973 1115 complectamur.

1305 1122 1385 1155 Non
1405 1122 1489 1155 stitis
1506 1129 1556 1155 est
1573 1122 1696 1155 audire
1717 1122 2011 1166 promissionem,
2040 1124 2098 1156 sed
2127 1136 2195 1156 no-

1202 1180 1292 1207 strae
1326 1181 1461 1207 mentes
1494 1173 1622 1206 fiducia
1650 1173 1714 1205 filii
1740 1173 1805 1207 Dei
1841 1174 1972 1207 faciant
1999 1174 2196 1207 invocatio-

1202 1237 1280 1257 nem
1294 1250 1303 1263 ,
1331 1225 1471 1257 ardenti
1486 1224 1554 1257 fide
1571 1231 1693 1268 petant
1708 1225 2002 1267 gubernationem
2023 1233 2055 1258 et
2074 1226 2196 1258 defen-

1202 1276 1355 1316 sionem,
1390 1282 1422 1308 et
1446 1275 1620 1308 constanti
1642 1286 1701 1318 spe
1731 1287 1806 1307 eam
1835 1282 2028 1319 expectent.
2069 1275 2115 1309 Et
2141 1276 2196 1308 in-

1201 1333 1338 1360 tuentes
1356 1327 1392 1359 in
1409 1326 1542 1359 Filium
1561 1325 1626 1358 Dei
1643 1353 1651 1365 ,
1679 1326 1738 1370 qui
1758 1327 1863 1359 nobis
1880 1327 2128 1360 umbraculum
2146 1335 2195 1361 est

1202 1384 1234 1410 et
1258 1377 1442 1410 flammeus
1469 1388 1609 1417 muruS,
1637 1377 1820 1409 vincamus
1837 1377 2097 1418 dubitationes,
2121 1390 2196 1411 me-

1202 1435 1298 1468 tum,
1325 1429 1467 1461 dolores
1495 1434 1654 1465 nostros,
1683 1435 1716 1461 et
1739 1434 1932 1461 statuamus
1960 1440 2024 1461 nos
2050 1429 2094 1461 ab
2120 1429 2195 1472 ipso

1203 1480 1356 1520 servari,
1383 1480 1457 1522 regi
1485 1487 1517 1513 et
1544 1479 1691 1523 protegi.
1743 1478 1787 1512 Et
1807 1476 1872 1513 hac
1890 1479 1956 1511 fide
1976 1487 2007 1513 et
2032 1491 2092 1523 spe
2112 1492 2197 1513 con-

1202 1537 1332 1564 stantes
1359 1531 1468 1564 simus
1495 1531 1533 1563 in
1565 1530 1784 1563 confessione
1814 1536 1846 1563 et
1872 1531 2040 1564 omnibus
2071 1531 2197 1565 officiis

1204 1582 1398 1615 vocationis
1418 1589 1567 1615 nostrae.

1308 1632 1346 1666 lu
1367 1634 1500 1677 reliqua
1518 1632 1641 1676 Capita
1661 1633 1909 1666 desiderantur
1929 1639 2145 1676 argumenta,

1582 2756 1659 2793 51*
