2379 2948
219 149 288 180 551

224 233 299 275 pla,
335 228 381 261 sic
401 228 509 258 satum
537 218 706 260 Virgilius
733 213 901 255 intelligit
932 210 1204 256 providentiam,

225 293 302 314 cum
319 278 366 311 ait
383 278 423 308 de
441 284 536 306 ramo
560 280 681 301 aureo:

325 330 449 367 Natique
467 329 528 364 ipse
548 323 649 350 volens
665 320 820 358 facilisque
845 322 995 356 sequetur,

327 381 361 409 Si
378 387 404 406 t«—
421 379 478 404 tata
494 378 619 408 vocant,
646 373 729 412 aliter
746 380 807 398 non
824 369 935 396 viribus
961 368 1030 395 ullis

333 429 472 461 Vincere,
497 435 551 453 uec
569 423 642 451 duro
660 422 771 460 poteris
795 420 963 448 convellere
980 418 1075 444 ferro.

229 481 268 512 Id
286 484 331 511 est
344 501 352 513 ‚
381 476 408 506 si
428 481 458 507 te
477 470 698 515 providentia
717 467 836 500 divina
854 466 1007 498 adiuvat.

330 539 375 574 Et
420 537 505 571 haec
540 537 608 569 fata
648 534 815 566 dicuntur
848 528 1103 566 immutabilia,
1139 537 1212 557 non

234 594 340 628 stoica
376 587 597 625 necessitate,
624 585 680 616 sed
705 582 906 615 necessitate
932 575 1214 621 consequentiae,

235 644 317 683 quia
340 654 358 673 a
379 641 449 671 tien
475 638 609 669 decreta
635 640 734 672 sunt,
767 638 885 674 estque
912 627 979 661 hoc
1001 629 1076 659 loco
1103 626 1214 658 satum

235 685 421 736 :idpellatio
453 698 572 720 causae
606 696 666 727 per
699 695 751 720 se,
786 682 868 725 quia
898 678 1071 721 significat
1100 674 1214 708 Deum

234 744 320 777 haec
352 740 592 773 ordinantem,
629 733 684 765 vel
713 733 976 774 gubernantem.
1042 725 1151 760 Recte
1183 730 1216 757 et

235 803 366 838 poenas
385 788 504 822 fatales
520 796 591 818 esse
609 783 772 821 dicimus,
799 791 887 824 quae
903 778 984 823 quia
1000 777 1110 809 iustae
1125 781 1217 814 sunt,

239 859 256 876 a
276 843 350 876 Deo
368 839 548 872 ordinatae
572 840 672 871 sunt,
699 839 739 866 ut
760 832 832 863 fato
857 829 995 862 deletur
1022 824 1218 859 Pharaonis

241 892 424 927 exercitus.

340 941 567 983 =Nequaquam
597 946 679 966 vero
709 932 880 965 utendum
906 936 955 962 est
978 927 1040 961 fati
1065 925 1220 968 adpella-

243 995 337 1025 tione
354 992 394 1022 de
411 987 608 1021 sceleribus.
659 982 741 1015 Non
759 981 947 1014 dicendum
965 985 1032 1015 est,
1059 976 1221 1008 Paridem

242 1048 313 1076 lato
331 1039 485 1083 rapuisse
502 1036 694 1072 Helenam,
722 1039 781 1065 aut
796 1027 1002 1072 Aegisthum
1021 1028 1093 1059 sato
1116 1037 1135 1057 a
1151 1025 1221 1057 sra-

243 1103 294 1125 tre
311 1093 390 1123 vivo
416 1088 597 1128 coniugem
627 1083 821 1115 abduxisse.
873 1078 968 1111 Haec
991 1088 1104 1120 neque
1129 1074 1225 1107 ordi-

245 1149 325 1175 nata
345 1146 424 1172 sunt
439 1165 446 1177 ,
473 1146 586 1179 neque
603 1132 815 1169 necessaria,
843 1140 956 1172 neque
980 1124 1226 1159 immutabilia.

244 1192 289 1225 Et
315 1199 513 1234 quanquam
547 1183 659 1217 cernit
681 1193 719 1214 ea
742 1180 854 1219 Deus,
903 1185 1020 1211 tamen
1046 1187 1108 1208 nec
1140 1174 1228 1213 vult,

248 1254 309 1274 nec
347 1237 537 1282 adprobat,
580 1245 643 1265 nec
682 1231 835 1264 adiuvat.
906 1227 975 1261 Sed
1008 1225 1229 1259 horribiliter

247 1291 408 1324 irascitur
449 1285 634 1318 hominum
675 1280 936 1318 voluntatibus,
989 1287 1077 1321 quae
1118 1275 1229 1307 libere

248 1347 357 1375 ruunt
382 1344 502 1371 contra
521 1335 613 1376 leges
636 1332 794 1370 divinas,
827 1342 905 1363 cum
929 1327 995 1360 sibi
1024 1333 1056 1358 et
1081 1324 1230 1357 externis

252 1389 417 1424 membris
434 1388 572 1419 frenum
591 1382 734 1414 iniicere
750 1385 911 1423 possent,
939 1390 982 1409 ne
1001 1382 1122 1408 contra
1140 1375 1232 1415 leges

251 1443 422 1473 facerent,
451 1447 488 1467 ac
504 1435 590 1466 iram
608 1442 705 1463 suam
724 1428 818 1462 Deus
836 1429 872 1460 in
889 1425 1096 1460 tristissimis
1112 1423 1232 1466 poenis

253 1490 417 1522 declarat.
472 1483 554 1516 Ideo
573 1483 614 1514 de
641 1481 770 1513 talibus
796 1490 895 1521 saepe
917 1475 1041 1519 repetit
1056 1473 1232 1506 Homerus

255 1540 345 1573 hanc
363 1534 582 1581 particulam,
602 1531 675 1563 fieri
695 1529 823 1562 scelera
843 1534 978 1571 praeter
994 1526 1114 1563 satum,
1141 1519 1233 1565 ὑπὲρ

256 1587 384 1633 μόρον.
439 1584 486 1618 [t
510 1586 551 1615 de
569 1578 737 1623 Aegistho
755 1577 934 1622 Odysseae
960 1576 1071 1619 primo
1098 1573 1236 1605 dicitur.

256 1640 302 1674 Et
319 1633 543 1681 reprehensio
562 1631 705 1664 additur
722 1628 963 1673 quaerelarum
989 1623 1236 1661 humanarum,

258 1701 344 1735 quae
361 1695 554 1731 poenarum
571 1691 689 1715 causas
707 1680 744 1711 in
763 1679 880 1711 Deum
898 1675 1132 1712 transferunt,
1159 1683 1237 1705 cum

257 1739 442 1773 hominum
471 1733 664 1766 voluntates
690 1729 832 1762 irritent
855 1727 1016 1760 iusticam
1039 1723 1123 1761 Dei,
1152 1733 1239 1766 quae

259 1790 400 1833 quidem
424 1785 535 1817 vitare
561 1781 688 1814 scelera
720 1785 873 1822 possent.
933 1775 1028 1808 Haec
1057 1774 1099 1805 de
1125 1773 1240 1816 prima

258 1842 319 1872 tati
346 1834 581 1880 adpellatione
603 1830 729 1864 dixisse
753 1829 834 1862 satis
860 1827 913 1861 sit.
974 1825 1077 1858 Nunc
1104 1824 1145 1856 de
1168 1823 1239 1855 sato

263 1887 419 1933 physico.

567 1984 624 2015 De
652 1983 742 2013 Fato
770 1979 933 2023 physico.

368 2069 530 2102 Diximus
554 2064 680 2098 Fatum
704 2059 888 2106 physicum
921 2058 1039 2092 vocari
1067 2057 1245 2090 stellarum

268 2121 439 2167 positum,
474 2116 535 2161 qui
559 2114 613 2147 vel
644 2114 682 2145 in
714 2111 910 2149 elementis,
945 2109 1000 2141 vel
1022 2109 1058 2140 in
1085 2107 1247 2140 animan-

267 2173 355 2205 tium
388 2167 596 2211 corporibus
624 2174 725 2196 causa
751 2168 801 2193 est
825 2167 996 2192 certarum
1029 2158 1247 2202 qualitatum,

270 2230 308 2255 ut
339 2219 562 2253 manifestum
593 2221 662 2250 est,
697 2215 810 2244 aerem
841 2221 905 2242 nos
938 2209 1148 2241 ambientem
1173 2207 1249 2239 fieri

273 2271 492 2307 calidiorem,
520 2277 598 2299 cum
616 2263 679 2298 Sol
695 2262 734 2294 in
758 2267 882 2294 aestate
908 2259 1052 2302 propius
1075 2259 1116 2290 ad
1142 2257 1249 2290 verti-

273 2335 342 2354 cem
372 2325 531 2352 nostrum
561 2315 748 2350 accedens,
780 2310 899 2343 radios
925 2309 962 2341 in
985 2320 1064 2341 enm
1087 2307 1250 2340 rectiores

276 2371 415 2414 spargit.
467 2367 536 2401 Sed
552 2363 720 2410 quoniam
738 2373 811 2394 non
827 2365 938 2404 potest
958 2358 1044 2398 dici,
1074 2357 1251 2402 quomodo

272 2420 358 2453 liaec
373 2421 442 2451 sata
460 2418 514 2449 vel
529 2414 722 2453 mutabilia,
750 2412 805 2444 vel
826 2408 1061 2443 immutabilia
1077 2407 1157 2447 sint,
1183 2407 1253 2440 nisi

278 2471 374 2514 prius
392 2469 528 2501 dicatur
545 2467 587 2498 de
611 2464 789 2497 stellarum
804 2461 957 2500 viribus,
985 2470 1095 2503 pauca
1117 2456 1175 2490 hic
1190 2458 1253 2490 ad-

278 2520 389 2553 denda
408 2517 549 2554 suntssde
568 2515 692 2554 stellis,
721 2512 902 2545 videlicet:
932 2508 991 2543 An
1017 2516 1050 2542 et
1074 2508 1186 2553 qualis
1211 2508 1255 2541 sit

279 2569 428 2603 efficacia
449 2566 536 2599 lucis
560 2565 760 2603 stellarum,
799 2562 926 2595 deinde
949 2571 1029 2593 cum
1058 2569 1178 2591 revera
1210 2558 1255 2590 sit

278 2621 395 2663 aliqua
417 2617 490 2650 eius
514 2615 684 2656 efficacia,
721 2625 766 2646 an
791 2611 987 2647 observatio
1015 2617 1048 2644 et
1084 2615 1256 2655 quatenus

280 2679 441 2704 concessa
465 2666 520 2700 sit.

460 137 664 174 SCRIPTA
695 131 769 165 pn.
800 126 915 161 MEL.
946 126 1012 160 AD
1039 124 1165 160 Hisr.
1194 122 1336 160 PROF.
1364 121 1430 158 ΕΤ
1455 120 1645 155 PfflLos.
1675 119 1994 156 SPECTANTQ,

1265 508 1426 547 versaIIs,
1457 513 1539 540 nota
1567 506 1731 538 omnibus
1762 505 1867 538 etiam
1898 504 2059 537 indoctis.

1266 559 1392 590 festum
1413 563 1461 589 est
1478 556 1570 589 Solis
1585 566 1720 588 accessu
1739 561 1771 588 et
1787 565 1921 587 recessu
1944 554 2018 586 fieri
2042 554 2133 586 vices
2155 561 2243 586 tem-

1267 619 1390 651 porum
1409 606 1516 646 anni,
1543 605 1681 638 aestatis
1699 611 1731 637 et
1748 602 1894 649 hyemis.
1932 605 2068 638 Lunam
2089 615 2246 636 crescen-

1270 668 1339 690 tem
1361 667 1485 698 augere
1508 661 1542 688 et
1571 655 1661 687 ciere
1690 652 1874 695 humores,
1910 655 2167 687 decrescentem
2191 654 2247 686 di-

1270 718 1442 741 minuere.

2161 120 2234 155 552

1360 208 1414 242 Sit
1438 207 1546 250 igitur
1573 205 1715 239 initium
1743 204 1990 247 disputationis
2011 206 2143 238 dictum
2161 203 2234 238 Ga-

1259 259 1355 304 leni,
1377 258 1438 303 qui
1456 255 1578 290 dehac
1594 256 1667 299 ipsa
1689 266 1743 294 re,
1767 254 1803 286 id
1822 261 1889 291 est,
1916 256 1959 287 de
1981 255 2130 288 efficacia
2155 255 2235 287 stel-

1260 310 1391 349 larum,
1417 307 1620 348 confugiens
1637 305 1679 338 ad
1699 304 1946 348 experientiam
1969 305 2188 339 manifestam
2205 311 2237 337 et

1263 370 1506 397 communem,
1533 356 1663 400 inquit:
1700 352 1939 397 Sophisticum
1962 365 2034 386 esse
2061 355 2238 388 contradi-

1263 421 1339 441 cere
1355 408 1556 440 manifestae
1573 405 1818 450 experientiae.

1368 457 1527 490 Primum
1546 456 1652 498 igitur
1675 455 1915 488 consideretur
1932 453 2143 497 experientia
2159 455 2241 486 uni-

2124 503 2242 536 Mani-

1372 756 1510 790 Deinde
1559 754 1825 788 considerentur
1864 754 2118 797 experientiae,
2160 766 2247 799 quae

1273 807 1408 840 etiamsi
1425 814 1506 840 sunt
1531 805 1765 845 universales,
1794 811 1912 837 tamen
1934 804 1977 836 ab
2002 804 2153 839 indoctis
2177 817 2249 838 non

1273 858 1419 902 perinde
1443 857 1722 890 considerantur.

1275 920 1353 941 rum
1381 908 1528 940 fixarum
1555 906 1738 938 varietates
1753 909 1996 947 tempestatum
2013 904 2159 945 faciunt,
2185 917 2254 949 qua

1276 959 1313 990 in
1335 969 1372 990 re
1389 957 1633 990 testimonium
1656 955 1898 998 providentiae
1914 952 1981 986 Dei
2008 954 2145 987 illustre
2170 967 2255 988 con-

1276 1008 1363 1051 spici
1380 1013 1503 1053 potest.

1278 1065 1315 1090 nt
1340 1057 1477 1101 prosint
1507 1057 1612 1089 rebus
1642 1055 1876 1089 nascentibus.
1919 1053 2110 1098 Postquam
2141 1055 2255 1099 primo

1280 1114 1465 1164 vere-terra
1480 1105 1704 1139 mediocriter
1729 1105 1878 1137 calefieri
1900 1105 2008 1147 cepit,
2036 1111 2114 1147 post
2137 1105 2257 1149 aequi-

1281 1165 1457 1197 noctium,
1497 1163 1530 1189 et
1555 1167 1649 1198 seges
1679 1161 1759 1188 nata
1789 1155 1826 1186 in
1859 1161 2028 1187 autumno
2058 1162 2142 1187 tunc
2166 1155 2260 1186 revi-

1282 1209 1435 1247 viscens,
1463 1219 1501 1239 ac
1519 1206 1649 1238 semina
1668 1216 1788 1237 recens
1810 1215 1925 1247 sparsa
1952 1204 1989 1235 in
2016 1211 2143 1236 terram
2168 1205 2261 1237 indi-

1283 1264 1365 1300 gent
1380 1257 1570 1299 rigatione,
1598 1262 1695 1287 ortus
1712 1254 1895 1287 Pleiadum
1921 1265 1959 1286 ac
1978 1252 2144 1298 Hyadum
2159 1266 2262 1296 regu-

1283 1308 1403 1340 lariter
1420 1307 1558 1349 pluvias
1580 1305 1703 1338 adfert.

1782 851 1895 887 Ortus
1918 860 1951 887 et
1969 866 2108 887 occasus
2135 855 2251 888 stella-

1564 1004 1676 1038 Ortus
1700 1011 1733 1038 et
1754 1016 1894 1037 occasus
1919 1004 1967 1036 ita
1986 1005 2141 1038 ordinati
2165 1012 2257 1045 sunt,

1762 1303 1899 1336 Deinde
1923 1315 2044 1336 rursus
2065 1304 2103 1337 fit
2124 1304 2262 1347 rigatio,

1285 1369 1363 1390 cum
1381 1356 1442 1390 Sol
1462 1362 1493 1388 et
1509 1355 1613 1387 Luna
1631 1355 1668 1385 in
1683 1352 1818 1385 Cancro
1844 1353 2074 1394 conveniunt,
2102 1365 2140 1387 ac
2164 1366 2264 1397 prae-

1285 1407 1405 1439 sertim
1421 1417 1500 1437 cum
1520 1405 1563 1437 ad
1578 1403 1747 1446 Praesepe
1771 1411 1999 1437 accesserunt.

1387 1454 1526 1488 Deinde
1553 1453 1686 1486 maiore
1719 1452 1871 1485 siccitate
1895 1464 1983 1495 opus
2008 1461 2058 1486 est
2086 1454 2123 1486 in
2146 1466 2267 1495 messe,

1288 1507 1367 1539 ideo
1388 1504 1460 1537 Leo
1479 1511 1512 1536 et
1531 1503 1698 1537 Canicula
1715 1509 1998 1545 augentaestum
2016 1509 2050 1536 et
2065 1503 2267 1539 siccitatem.

1288 1555 1424 1589 Deinde
1448 1565 1569 1587 rursus
1587 1552 1730 1585 Arcturi
1748 1558 1856 1591 ortuS,
1886 1564 1924 1584 ac
1942 1559 2058 1595 postea
2071 1552 2267 1594 Pleiadum,

1290 1605 1476 1650 Hyadum,
1503 1610 1536 1636 ct
1557 1600 1706 1636 Orionis
1730 1612 1869 1635 occasus
1894 1602 1995 1635 initio
2022 1601 2269 1638 hvemis,cient

1291 1654 1457 1688 humidas
1471 1659 1704 1696 tempestates.
2047 1642 2055 1648 ’

1392 1703 1462 1737 Hic
1491 1704 1578 1736 ordo
1614 1702 1805 1745 significat,
1844 1709 1916 1736 arte
1945 1709 2061 1736 motus
2090 1704 2271 1738 ordinatos

1294 1766 1384 1794 esse,
1413 1760 1445 1786 et
1463 1753 1703 1786 testimonium
1723 1760 1790 1793 est,
1816 1750 1911 1785 hunc
1928 1753 2101 1786 mundum
2125 1765 2198 1787 non
2215 1766 2271 1787 ex-

1293 1805 1403 1838 titisse
1427 1815 1518 1838 casu.
1570 1802 1739 1835 Variatur
1762 1809 1877 1835 autem
1900 1800 1957 1835 hic
1981 1803 2148 1845 regularis
2173 1805 2274 1846 ordo,

1296 1855 1382 1888 alias
1406 1854 1531 1896 magis,
1566 1853 1651 1885 alias
1682 1853 1817 1890 minus,
1851 1851 2077 1886 Planetarum
2109 1854 2273 1895 motibus,

1296 1916 1447 1950 quorum
1478 1903 1632 1945 insignes
1667 1903 1801 1946 positus
1831 1902 1916 1934 alias
1946 1903 2099 1935 efficiunt
2127 1904 2275 1937 maiores

1297 1953 1544 1993 humiditates,
1573 1953 1657 1985 alias
1674 1953 1824 1985 maiores
1841 1952 2029 1992 siccitates,
2055 1959 2095 1985 ut
2117 1955 2274 1998 exempla

1297 2004 1482 2039 manifesta
1504 2003 1704 2036 ostendunt.

1400 2052 1538 2087 Omitto
1564 2052 1735 2096 exempla,
1775 2062 1863 2095 quae
1886 2051 2078 2084 recitantur
2102 2053 2145 2085 de
2171 2054 2276 2096 pisci-

1299 2107 1384 2144 bns,
1424 2111 1484 2137 aut
1507 2103 1654 2147 plantis,
1691 2112 1780 2146 quae
1809 2101 1901 2134 vires
1930 2101 2083 2134 siderum
2110 2103 2276 2140 sentiunt.

1301 2155 1451 2190 Utamur
1474 2152 1686 2197 experientia
1715 2151 1965 2186 manifestiore,
2015 2150 2194 2186 Differunt
2215 2151 2278 2187 bo-

1300 2206 1437 2239 minum
1455 2215 1599 2247 corpora
1618 2203 1712 2236 iuxta
1741 2212 1845 2234 zonas
1873 2208 1906 2234 et
1941 2202 2118 2244 regiones,
2143 2216 2210 2248 qua
2235 2205 2277 2236 de

1301 2269 1338 2289 re
1355 2256 1459 2298 longa
1478 2262 1528 2288 est
1542 2254 1636 2297 apud
1652 2251 1903 2296 Hippocratem
1921 2252 2092 2293 doctrina,
2119 2254 2179 2297 qui
2195 2266 2277 2288 cau-

1303 2318 1375 2340 sam
1391 2306 1434 2338 ad
1458 2305 1574 2338 stellas
1590 2304 1708 2336 refert.

1404 2354 1526 2389 Tertio
1566 2353 1749 2386 manifesta
1787 2359 1837 2386 est
1875 2352 2105 2396 experientia,
2144 2355 2280 2396 magnis

1304 2403 1615 2439 coniunctionibus
1639 2403 1809 2436 siccorum
1836 2401 2080 2440 Planetarum,
2107 2402 2145 2434 in
2169 2403 2278 2446 signis

1305 2455 1444 2493 calidis,
1473 2465 1617 2497 magnos
1634 2459 1747 2486 aestus
1763 2453 1863 2491 effici,
1891 2459 1924 2486 et
1937 2462 2141 2494 congressus
2155 2453 2193 2485 in
2211 2452 2279 2487 hu-

1307 2506 1411 2539 midis
1427 2504 1535 2548 signis
1551 2515 1693 2547 magnas
1717 2501 1942 2537 humiditates
1965 2501 2116 2543 efficere,
2149 2510 2188 2537 ut
2213 2504 2280 2548 ipsi

1306 2556 1460 2589 vidimus
1476 2555 1586 2588 multa
1609 2554 1783 2597 exempla:
1811 2560 1850 2586 ut
1865 2563 1944 2585 cum
1966 2563 2060 2585 anno
2094 2553 2280 2588 millesimo

1307 2606 1587 2651 quingentesimo
1616 2604 1781 2638 vicesimo
1799 2608 1923 2647 quarto
1937 2613 2060 2645 magna
2078 2605 2279 2638 coniunctio

1308 2657 1428 2693 fuisset
1449 2657 1487 2690 in
1507 2655 1684 2697 Piscibus,
1715 2665 1859 2697 magnae
1890 2650 2117 2688 humiditates
2145 2661 2281 2688 secutae
