2379 2948
206 94 278 129 743

360 177 490 211 Paulus
509 178 603 210 iubet
622 185 756 214 cavere,
783 184 827 205 ne
846 184 907 217 per
926 168 1188 216 philosophiam

410 228 637 272 decipiamur,

364 279 474 322 igitur
495 273 719 321 philosophia
738 281 788 308 est
804 274 907 309 mala.

308 330 404 372 Nego
427 327 733 372 consequentiam,
761 325 844 370 quia
867 325 980 358 bonae
1002 324 1052 357 rei
1077 328 1190 367 potest

207 394 277 415 esse
295 379 480 424 multiplex
498 379 646 419 abusus,
672 389 736 410 nec
750 384 867 410 tamen
886 387 940 408 res
955 375 1028 419 ipsa
1045 374 1191 407 univer-

205 433 324 465 saliter
354 430 556 463 damnanda
585 436 651 470 est,
684 428 767 461 Non
801 428 944 460 damnat
967 425 1098 459 Paulus
1129 424 1190 456 de-

206 481 501 520 monstrationes‚
529 491 617 524 quae
643 486 725 513 sunt
748 478 876 511 veritas
898 477 1070 510 divinitus
1087 486 1191 507 mon-

205 539 328 573 strata,
355 538 394 566 ut
418 531 456 564 in
473 528 726 570 Arithmetica,
754 536 787 563 et
810 528 907 561 alibi.
959 526 1028 561 Sed
1048 527 1191 559 damnat

205 585 373 623 abusum,
397 589 436 616 ut
458 593 537 615 cum
563 581 722 615 doctrina
743 579 901 613 coelestis
919 578 1191 612 transformatur

206 636 242 667 in
270 630 550 678 philosophiam,
577 638 617 665 ut
639 630 741 665 multi
767 630 857 663 male
880 629 1117 662 confuderunt
1132 639 1190 670 ge-

205 697 290 718 nera
316 684 569 718 doctrinarum.
630 681 727 715 Novi
753 682 933 714 doctorem
960 677 1191 721 Theologiae,

205 735 267 781 qui
297 735 453 775 dicebat,
489 733 592 767 etiam
627 732 763 766 amissis
794 731 893 763 libris
919 727 1134 773 propheticis
1159 735 1191 762 et

203 786 423 830 apostolicis,
450 784 532 818 satis
556 784 674 816 doceri
699 793 799 826 posse
813 780 1006 814 Ecclesiam
1029 791 1069 812 ex
1086 777 1190 813 Ethi-

204 838 251 871 cis
270 835 481 869 Aristotelis.
534 833 650 866 Huius
669 832 840 866 sermonis
858 831 987 864 multos
1006 830 1190 864 nominare

204 894 306 922 testes
337 897 499 930 possum,
533 896 638 929 quern
669 883 813 928 quidem
842 882 938 915 bono
969 888 1003 915 et
1036 881 1189 926 simplici

203 937 320 972 studio
345 936 473 976 recito,
508 941 547 968 ut
569 935 808 967 adolescentes
832 932 1005 975 cogitent,
1039 939 1191 977 quantae

203 990 241 1022 in
257 985 386 1022 scholis
401 986 566 1020 tenebrae
582 985 727 1026 fuerint,
754 984 837 1029 quia
855 983 1000 1027 plurimi
1018 984 1190 1027 putabant

202 1038 438 1083 Evangelium
464 1043 602 1070 tantum
628 1047 700 1069 esse
723 1035 921 1068 doctrinam
942 1033 1045 1077 legis,
1071 1041 1110 1068 ut
1127 1046 1189 1067 vo-

203 1101 341 1130 camus,
369 1100 429 1121 seu
456 1092 638 1131 praecepta
663 1087 706 1119 de
726 1085 907 1124 moribus,
931 1096 994 1118 nec
1012 1084 1189 1118 discerne-

202 1141 289 1174 bant
321 1138 571 1184 promissiones
602 1137 645 1169 de
674 1135 891 1176 Mediatore,
927 1141 960 1168 et
993 1143 1188 1180 praecepta.

200 1190 272 1224 Nec
293 1201 355 1232 ego
373 1187 511 1222 ethicen
535 1187 682 1228 abiicio,
708 1198 814 1231 quam
841 1193 873 1220 et
898 1197 998 1227 amo,
1026 1193 1058 1219 et
1075 1184 1189 1220 hone-

201 1248 272 1274 stae
295 1239 502 1284 disciplinae
526 1245 663 1282 partem
684 1248 755 1270 esse
772 1237 929 1275 affirmo,
956 1243 989 1270 et
1007 1237 1051 1270 ad
1068 1238 1189 1271 mode-

200 1292 372 1325 rationem
397 1301 537 1323 morum
561 1289 663 1321 valde
689 1288 812 1322 utilem
838 1299 910 1321 esse
934 1287 1065 1323 iudico.
1118 1287 1187 1322 Sed

201 1354 283 1376 suus
310 1342 353 1375 sit
375 1341 472 1373 locus
496 1336 648 1379 ethicae,
682 1350 745 1371 nec
771 1338 898 1371 obruat
922 1350 1043 1372 vocem
1066 1336 1187 1373 Evan-

201 1392 283 1436 gelii
302 1392 475 1436 prolatam
494 1401 533 1422 ex
550 1389 630 1422 sinu
647 1388 778 1422 aeterni
799 1387 918 1431 patris.

616 1483 765 1517 Aliud.

353 1545 463 1579 Multi
481 1543 682 1588 profitentes
698 1541 932 1585 Evangelium
945 1569 953 1583 ‚
979 1542 1097 1575 laxant
1118 1542 1187 1575 sre-

402 1607 488 1629 num
506 1593 624 1638 pravis
641 1593 905 1637 cupiditatibus,

351 1644 447 1689 Ergo
465 1644 625 1678 doctrina
644 1650 693 1677 est
710 1642 812 1678 mala.

299 1695 397 1740 Nego
423 1693 731 1739 consequentiam,
758 1700 791 1726 et
816 1691 906 1725 ratio
934 1699 1001 1734 est,
1028 1693 1111 1738 quia
1137 1700 1187 1727 est

198 1748 335 1783 fallacia
359 1746 553 1781 secundum
580 1756 653 1778 non
677 1755 816 1777 causam
834 1749 873 1776 ut
889 1754 1039 1778 causam.
1089 1742 1186 1778 Vitia

199 1800 293 1833 enim
327 1798 563 1842 professorum
595 1807 669 1828 non
695 1807 713 1828 a
740 1793 920 1835 doctrina,
953 1794 1012 1827 sed
1039 1795 1084 1828 ab
1108 1795 1187 1828 aliis

200 1850 312 1884 causis
341 1849 516 1882 oriuntur.
584 1844 727 1879 Talium
754 1844 994 1888 exemplorum
1022 1845 1185 1879 conside—

198 1901 337 1934 ratione
361 1899 398 1932 fit
420 1898 595 1931 illustrior
619 1896 780 1930 doctrina
804 1896 847 1928 de
873 1892 938 1928 hac
959 1895 1118 1935 fallacia,
1154 1904 1185 1930 et

199 1952 289 1985 ratio
323 1948 576 1993 conspicietur,
610 1958 718 1991 quare
748 1946 997 1990 consequentia
1030 1959 1103 1980 non
1126 1959 1185 1981 co-

199 2000 362 2042 haereat,
390 2000 471 2044 quia
495 1998 534 2031 in
558 1998 785 2030 antecedente
807 2007 867 2029 seu
892 1997 1091 2040 praemissis
1112 2010 1185 2032 non

198 2053 346 2097 ponitur
365 2062 446 2084 vera
462 2059 564 2082 causa
579 2047 836 2087 conclusionis,
862 2053 902 2081 ut
919 2048 1022 2090 vulgo
1039 2048 1184 2082 dicitur:

351 2100 503 2134 Baculus
523 2105 590 2132 stat
608 2098 645 2130 in
663 2098 806 2140 angulo,

353 2149 448 2194 Ergo
466 2149 577 2184 lulius
592 2149 709 2181 vincet
727 2147 948 2191 Pompeium.

299 2202 368 2236 Hic
398 2202 436 2234 in
467 2200 694 2234 antecedente
724 2209 867 2243 prorsus
890 2198 988 2232 nulla
1012 2205 1061 2233 est
1085 2210 1186 2233 causa

200 2253 457 2299 consequentis.

617 2341 770 2378 Aliud.

351 2404 384 2439 A
403 2404 510 2448 signis
526 2403 614 2437 coeli
633 2403 744 2436 nolite
763 2402 897 2442 timere,

352 2455 465 2499 Igitur
482 2452 571 2488 nihil
591 2454 673 2487 mali
690 2453 918 2487 denunciant.

302 2506 397 2549 Nego
423 2505 728 2550 consequentiam,
755 2504 836 2549 quia
863 2500 1027 2548 prohibet
1051 2500 1186 2542 timere,

202 2570 275 2591 non
298 2557 380 2601 quia
404 2554 496 2589 nihil
520 2557 603 2589 mali
627 2555 861 2595 denuncient,
888 2555 947 2587 sed
967 2551 1058 2586 hanc
1075 2553 1186 2597 ipsam

202 2610 247 2642 ob
280 2618 436 2646 causam,
470 2607 551 2650 quia
584 2618 664 2640 cum
687 2606 820 2639 mundo
846 2612 879 2639 et
901 2604 1021 2648 impiis
1043 2604 1185 2637 denun—

433 89 642 127 SCRIPTA
671 89 744 123 PH.
772 85 885 121 MEL.
914 85 981 121 AD
1007 84 1134 120 HIST.
1162 81 1306 121 PROF.
1331 83 1397 118 ET
1426 81 1616 120 PHILOS.
1650 81 1971 119 SPECTANTIA.

2150 82 2223 117 744

1241 169 1366 210 mittit,
1393 176 1450 210 ut,
1474 179 1553 202 cum
1575 167 1706 201 dicitur
1723 167 1808 212 piis,
1834 180 1877 201 ne
1894 176 2047 203 metuam
2064 175 2225 209 mortem,

1242 217 1326 253 hinc
1351 232 1424 253 non
1448 219 1628 264 sequitur,
1655 225 1802 252 mortem
1821 230 1894 251 non
1912 230 1983 252 esse
1999 231 2072 253 rem
2088 220 2224 253 tristem

1241 277 1275 304 et
1290 282 1438 304 saevam.
1481 269 1552 304 Sed
1567 269 1722 302 inversio
1736 275 1797 310 est,
1825 281 1914 314 quae
1929 276 2072 303 vocatur
2084 267 2224 315 βίαιον,

1241 321 1320 355 ideo
1349 322 1570 366 promittitur
1599 319 1811 360 consolatio,
1850 320 1932 364 quia
1966 331 2062 353 mors
2091 321 2224 354 malum

1242 378 1304 407 est.
1356 371 1407 406 Ita
1430 371 1546 406 Lucae
1561 372 1624 406 21.
1646 372 1689 404 de
1715 370 1823 414 signis
1846 370 1993 404 dicitur:
2027 369 2124 404 Haec
2146 383 2224 404 curn

1242 422 1344 464 fient,
1371 423 1633 468 appropinquat
1655 421 1817 455 liberatio
1842 421 1966 462 vestri,
1993 421 2054 455 ubi
2079 432 2152 454 non
2167 422 2226 462 ait,

1242 473 1320 506 illas
1349 473 1508 517 ingentes
1536 473 1760 507 confusiones
1790 472 1934 513 mundi,
1967 484 2041 506 non
2072 483 2145 505 esse
2171 482 2226 504 res

1240 524 1368 565 malas,
1403 525 1463 557 sed
1494 524 1668 568 promittit
1691 523 1794 556 nobis
1819 523 2076 556 liberationem.
2144 520 2226 555 Non

1241 574 1368 607 addam
1392 575 1493 618 plura
1511 575 1689 618 exempla,
1717 586 1798 607 nam
1814 574 2048 607 consideratio
2067 584 2226 607 commu-

1241 624 1297 657 nis
1322 625 1414 659 vitae
1436 626 1590 659 ostendit
1612 625 1722 658 multa
1746 625 1917 670 quotidie.
1971 623 2150 659 Usitatum
2175 629 2228 658 est

1242 675 1338 708 enim
1360 676 1515 719 negociis
1535 676 1676 709 iniustis
1693 676 1864 719 speciosas
1880 686 2000 709 causas
2016 681 2226 720 praetexere,

1242 738 1329 770 quas
1360 734 1461 761 vocat
1484 724 1714 772 Thucydides
1744 729 1867 771 σχῆμα
1890 723 2078 761 πολιτικὸν
2102 721 2227 773 λόγου.

1241 774 1288 810 Et
1302 778 1397 820 apud
1414 774 1625 822 Sophoclem
1644 777 1804 821 queritur
1820 775 1981 821 Oedipus
1996 777 2141 811 insidias
2158 776 2227 810 sibi

1241 828 1329 861 strui
1355 828 1523 862 mollibus
1546 828 1680 861 verbis:
1707 825 1754 862 τὰ
1780 825 1918 874 σκληρὰ
1941 828 2148 873 μαλθακῶς
2171 824 2228 861 λε’-

1240 890 1326 926 γεις.
1390 877 1575 913 Caeterum
1604 879 1643 911 in
1676 879 1829 922 negociis
1861 877 2017 913 honestis
2046 881 2227 915 interdum

1240 929 1440 963 molliorem
1463 936 1524 963 aut
1548 929 1828 973 plausibiliorem
1854 941 1991 963 causam
2012 931 2227 975 quaerimus,

1241 980 1461 1015 dissimulata
1494 980 1648 1019 veriore,
1683 992 1772 1025 quae
1802 986 1921 1013 tamen
1951 981 2064 1014 fuerat
2094 981 2227 1016 odiosa.

1240 1029 1336 1064 Haec
1358 1031 1468 1075 figura
1491 1031 1621 1064 dicitur
1644 1031 1827 1065 translatio
1851 1031 1889 1063 in
1912 1028 2115 1073 rhetoricis,
2141 1038 2181 1066 ut
2197 1032 2227 1066 si

1241 1082 1320 1126 quis
1344 1088 1465 1116 utatur
1487 1082 1710 1115 excusatione
1731 1081 1961 1123 valetudinis,
1995 1094 2074 1116 cum
2096 1082 2140 1116 ad
2163 1094 2227 1116 ne-

1240 1133 1380 1176 gocium
1399 1133 1560 1166 odiosum
1579 1133 1694 1166 noluit
1712 1134 1893 1173 accedere,
1914 1139 1947 1166 et
1964 1133 2002 1166 in
2020 1131 2087 1167 hoc
2102 1144 2228 1177 genere

1240 1195 1314 1216 non
1336 1183 1449 1217 solum
1473 1184 1681 1227 prudentia,
1709 1184 1770 1217 sed
1788 1184 1892 1217 etiam
1909 1183 2021 1218 virtus
2037 1190 2088 1218 est
2104 1184 2227 1217 molis-

1240 1234 1346 1267 simas
1368 1245 1486 1268 causas
1510 1246 1589 1268 cum
1617 1235 1768 1279 quadam
1789 1235 2020 1268 verecundiae
2037 1235 2151 1279 specie
2167 1247 2227 1268 ex-

1240 1285 1403 1328 cogitare.
1456 1284 1590 1318 Verum
1611 1282 1697 1319 haec
1719 1286 1756 1318 in
1781 1285 1960 1318 communi
1980 1286 2050 1318 vita
2065 1285 2227 1318 conside-

1239 1336 1349 1368 randa
1374 1342 1467 1371 sunt.
1536 1334 1710 1369 Demades
1734 1335 1965 1369 translatione
1988 1335 2120 1377 insigni
2143 1347 2227 1369 usus

1240 1393 1310 1428 est,
1344 1398 1423 1418 cum
1447 1392 1686 1425 accusaretur,
1714 1385 1809 1429 quod
1832 1385 2010 1418 decretum
2033 1385 2227 1429 scripsisset

1240 1436 1277 1468 in
1294 1433 1497 1476 honestum,
1523 1435 1567 1467 de
1582 1435 1730 1479 petenda
1746 1446 1829 1479 pace
1845 1435 1888 1469 ab
1896 1433 2111 1471 Alexandro.
2152 1434 2226 1471 Re-

1240 1487 1389 1531 spondet
1413 1486 1528 1527 enim,
1555 1497 1629 1519 non
1653 1497 1715 1518 suo
1735 1485 1844 1531 stylo,
1871 1486 1929 1519 sed
1949 1485 2143 1520 Alexandri
2161 1483 2226 1520 ha-

1239 1544 1289 1572 sta
1307 1535 1374 1571 hoc
1392 1538 1572 1571 decretum
1590 1536 1759 1580 scriptum
1779 1547 1861 1569 esse.

1656 1645 1808 1680 Aliud.

1388 1713 1534 1746 Necesse
1564 1719 1614 1745 est
1637 1712 1673 1744 in
1698 1711 1928 1744 conversione
1953 1709 2139 1745 hominum
2164 1724 2226 1747 seu

1441 1763 1676 1807 poenitentia,
1705 1760 1865 1795 inchoari
1883 1774 2011 1796 novam
2031 1763 2225 1797 oboedien-

1441 1815 1544 1851 tiam,
1573 1821 1605 1847 et
1621 1813 1694 1846 fieri
1712 1824 1817 1856 opera
1833 1825 1851 1846 a
1869 1811 1945 1846 Deo
1962 1821 2156 1858 praecepta,

1389 1863 1484 1908 Ergo
1514 1862 1599 1897 haec
1633 1876 1740 1908 opera
1768 1870 1948 1898 merentur
1982 1864 2223 1898 remissionem

1439 1916 1572 1960 culpae.

1340 1974 1437 2018 Nego
1453 1973 1737 2018 consequentiam
1748 1999 1756 2013 ‚
1784 1972 1864 2017 quia
1880 1972 2015 2005 fallacia
2033 1980 2083 2006 est
2097 1984 2223 2007 secun-

1237 2027 1321 2059 dum
1350 2037 1424 2058 non
1456 2036 1595 2058 causam
1623 2030 1662 2057 ut
1685 2034 1836 2057 causam.
1897 2021 1995 2055 Nova
2020 2023 2223 2058 obedientIa

1237 2076 1431 2109 necessaria
1462 2082 1531 2116 est,
1569 2074 1651 2119 quia
1675 2072 1751 2107 Deo
1779 2074 1945 2112 debetur,
1980 2085 2044 2106 nec
2067 2080 2118 2108 est
2142 2086 2223 2119 pre-

1237 2127 1330 2161 cium
1353 2138 1417 2171 pro
1441 2126 1558 2170 culpa.
1612 2125 1681 2160 Sed
1704 2131 1742 2158 ut
1760 2123 1852 2157 Filio
1868 2124 1939 2158 Dei
1962 2124 2140 2160 tribuatur
2157 2122 2223 2159 ho-

1237 2189 1301 2212 nos
1332 2177 1516 2222 proprius,
1553 2183 1586 2209 et
1618 2182 1657 2209 ut
1681 2175 1725 2209 sit
1747 2182 1839 2208 certa
1862 2175 2041 2215 remissio,
2074 2176 2222 2210 creden-

1237 2230 1322 2262 dum
1345 2235 1395 2262 est
1419 2234 1563 2272 propter
1579 2225 1711 2260 Filium
1727 2223 1793 2259 Dei
1811 2226 1917 2269 gratis
1935 2226 2068 2260 remitti
2084 2233 2222 2271 peccata

1237 2280 1298 2319 iis,
1325 2279 1387 2325 qui
1403 2280 1447 2313 ad
1464 2276 1580 2312 Deum
1596 2282 1864 2313 convertuntur.
2150 2279 2153 2280 ’

1340 2345 1396 2380 Ad
1420 2343 1516 2380 hunc
1538 2343 1681 2379 titulum
1706 2344 1900 2377 secundum
1925 2355 1998 2377 non
2022 2355 2160 2377 causam
2181 2352 2220 2379 ut

1238 2409 1376 2430 causam
1398 2396 1550 2441 pertinet
1572 2395 1676 2429 etiam
1696 2393 1927 2438 perplexitas,
1954 2406 2059 2439 quam
2082 2394 2131 2428 sic
2156 2408 2219 2429 vo-

1237 2455 1338 2489 cant,
1371 2459 1449 2481 cum
1479 2445 1676 2481 contrariae
1700 2457 1822 2479 causae
1843 2444 2025 2489 implicant
2048 2444 2219 2487 animum,

1237 2511 1281 2532 ne
1310 2498 1419 2543 possit
1445 2497 1651 2531 alterutram
1677 2503 1811 2541 partem
1836 2495 1976 2538 eligere,
2008 2501 2048 2528 ut
2073 2495 2111 2528 in
2137 2508 2219 2531 casu

1236 2547 1396 2594 lephtae,
1421 2560 1500 2582 cum
1517 2547 1670 2589 dubitat,
1694 2553 1814 2581 utrum
1830 2553 1911 2579 voto
1929 2552 2074 2588 cogatur
2092 2545 2219 2581 immo-

1235 2601 1308 2634 lare
1321 2600 1439 2633 filiam.
1480 2598 1694 2644 Quanquam
1711 2605 1825 2632 autem
1841 2596 2019 2630 interdum
2034 2603 2117 2632 sunt
2132 2609 2219 2632 con-

201 2660 292 2694 cient
307 2668 454 2704 poenaS,
480 2663 596 2690 tamen
611 2656 706 2691 Deus
722 2654 898 2690 Ecclesiae
913 2655 1084 2690 auxilium
1101 2666 1184 2700 pro-
1210 2664 1212 2678 ¹
1234 2652 1362 2685 trariae
1379 2661 1519 2691 causae,
1544 2657 1662 2685 tamen
1680 2660 1753 2683 non
1769 2653 1850 2681 sunt
1868 2658 1977 2690 pares.
