2379 2948
214 134 305 171 1151

210 221 348 255 assidua
380 216 603 252 invocatione
631 224 718 258 opus
745 218 815 250 est,
851 218 890 244 ut
914 209 1025 244 Filius
1049 209 1115 244 Dei
1138 209 1195 242 in-

211 272 302 318 quit:
331 268 478 314 Semper
496 268 607 299 orate.

352 402 690 449 Argumentum
717 406 771 430 ac
798 395 1052 441 dispositio

562 463 721 505 Psalmi
751 460 843 503 CX.

263 553 377 587 Dixit
392 551 574 584 Dominus
589 548 750 580 Domino
766 555 865 579 meo:
894 542 991 578 Sede
1012 553 1034 576 α
1051 541 1198 576 dextris
1223 544 1225 569 ‘1

265 605 375 644 meis,
402 600 515 635 donec
536 608 675 643 ponam
698 598 868 631 inimicos
891 599 972 628 tuos
999 592 1197 627 scabellum
1224 617 1225 622 η

261 654 395 699 pedum
414 656 560 685 tuorum
591 653 664 683 etc.

316 728 426 771 Saepe
459 726 591 758 dictum
619 728 685 762 est,
721 721 950 754 discernenda
975 729 1046 752 esse
1070 729 1196 761 genera

212 781 454 815 Psalmorum,
481 782 521 809 ut
544 775 581 807 in
599 773 757 818 quolibet
782 772 891 814 magis
916 769 1065 812 intelligi
1090 769 1198 813 possit

213 832 297 877 quid
316 830 365 862 ibi
383 834 523 870 agatur,
551 831 583 858 et
607 823 737 866 singuli
756 823 798 854 ad
818 833 919 854 usum
946 827 1036 853 recte
1061 831 1198 852 accom-

214 881 350 915 modari
386 877 538 922 possint:
575 881 608 907 et
634 876 671 906 in
703 871 767 905 hac
803 872 1083 905 consideratione
1113 870 1198 904 sciat
1224 866 1225 883 ³

214 943 311 965 meus
329 940 417 973 quae
433 928 476 960 sit
496 925 636 970 propria
654 922 830 957 Ecclesiae
850 923 1028 956 doctrina.
1060 929 1092 955 et
1111 933 1196 964 pru-

215 985 338 1016 denter
356 980 530 1012 discernat
548 975 732 1020 praecipua
752 974 875 1016 capita.
919 972 1057 1006 Scimus
1082 978 1197 1004 autem

214 1035 284 1067 duo
306 1042 377 1064 esse
396 1028 582 1073 praecipua
600 1026 729 1069 capita,
756 1024 883 1067 Legem
908 1031 940 1057 et
963 1022 1197 1065 Evangelium

214 1086 256 1117 de
281 1083 491 1116 redemtore:
527 1084 559 1110 et
591 1075 774 1120 promissio
801 1076 843 1107 de
868 1072 935 1107 hoc
960 1074 1034 1117 ipso
1061 1074 1198 1106 redem-

215 1143 289 1169 tore
319 1131 433 1165 statim
458 1129 561 1162 initio
581 1139 660 1160 cum
684 1126 813 1169 recepti
831 1132 910 1158 sunt
927 1125 1040 1157 Adam
1062 1131 1094 1157 et
1112 1122 1199 1163 Eva,

214 1184 342 1219 tradita
370 1188 438 1220 est,
476 1186 509 1212 et
541 1178 732 1212 discrimen
763 1175 941 1209 Ecclesiae
973 1176 1136 1218 deinceps
1168 1181 1199 1207 et

215 1236 364 1269 aliarum
385 1230 540 1274 gentium
566 1229 644 1263 fuit.
697 1226 798 1260 Hanc
822 1226 1092 1270 promissionem
1117 1226 1199 1258 sub-

214 1287 297 1319 inde
314 1281 498 1317 renovavit
514 1280 627 1319 Deus,
651 1285 683 1311 et
700 1278 813 1310 voluit
832 1277 905 1310 eam
926 1290 988 1321 per
1008 1274 1200 1320 Prophetas

214 1335 325 1380 repeti
345 1341 377 1367 et
395 1331 571 1366 renovari.
625 1328 706 1362 Ideo
727 1335 758 1362 et
775 1326 905 1361 Psalmi
928 1329 1062 1372 aliquot
1080 1327 1202 1368 vatici-

216 1388 287 1423 nia,
317 1386 352 1418 id
368 1389 428 1423 est,
446 1381 684 1415 enarrationes
704 1379 948 1423 promissionis
962 1380 1003 1411 de
1020 1378 1112 1411 Filio
1123 1376 1200 1415 Dei,

217 1445 255 1471 ut
272 1435 434 1469 Psalmus
450 1434 500 1465 2:
537 1430 655 1473 Quare
680 1424 900 1462 fremuerunt
925 1436 988 1464 etc.
1041 1427 1088 1461 Et
1104 1427 1202 1460 Psal-

219 1499 296 1521 mus
313 1485 387 1520 44:
414 1481 610 1517 Eructavit.
647 1478 693 1513 Et
708 1479 886 1514 Psal.7l.:
917 1480 1014 1512 Deus
1031 1478 1202 1512 iudicium

217 1546 316 1573 tuum
344 1535 417 1577 regi
444 1535 487 1566 da
514 1539 576 1566 etc.
626 1530 672 1563 Et
702 1530 794 1564 110.:
822 1530 917 1563 Dixit
944 1530 1118 1563 Dominus
1141 1535 1204 1561 etc.

219 1588 291 1631 Qui
309 1587 351 1619 de
372 1585 445 1618 solo
460 1582 588 1616 Messia
606 1581 698 1613 Filio
710 1580 774 1612 Dei
794 1581 1002 1624 loquuntur,
1019 1587 1051 1613 et
1072 1591 1144 1612 nou
1162 1580 1204 1610 de

217 1639 406 1673 Salomone
423 1641 482 1667 aut
500 1633 577 1665 aliis
594 1631 747 1674 regibus,
775 1638 807 1663 et
826 1628 862 1662 hi
878 1630 1009 1664 Psalmi
1026 1637 1106 1663 sunt
1123 1641 1204 1661 nar-

217 1689 371 1723 rationes
388 1687 430 1719 de
449 1683 540 1717 Filio
557 1682 634 1717 Dei.

319 1737 368 1772 [t
384 1742 498 1770 autem
519 1733 704 1778 promissio
724 1732 878 1776 postulat
900 1732 1022 1772 fidem,
1051 1732 1098 1765 ita
1117 1730 1206 1764 scia-

219 1802 297 1824 mus
314 1789 416 1821 finem
438 1797 509 1819 esse
526 1783 654 1818 horum
673 1782 895 1816 Psalmorum
908 1807 917 1821 ‚
945 1789 984 1816 ut
1005 1794 1127 1816 eorum
1155 1788 1205 1815 te-

222 1839 396 1875 stimoniis
415 1837 653 1870 accendantur
678 1835 715 1867 in
740 1834 865 1874 nobis,
893 1840 925 1867 et
953 1834 1207 1867 confirmentur

221 1892 352 1935 agnitio
373 1888 456 1921 Filii
471 1886 535 1920 Dei
550 1913 558 1926 ,
586 1886 713 1918 fiducia
729 1885 949 1929 acquiescens
966 1885 1003 1916 in
1021 1884 1111 1917 Filio
1127 1882 1204 1923 Dei,

221 1954 301 1975 vera
326 1939 519 1977 invocatio,
546 1937 738 1979 gratiarum
761 1937 870 1976 actio,
896 1935 1034 1968 laeticia
1060 1936 1096 1967 in
1120 1934 1207 1974 Deo,

222 2000 256 2026 et
273 1990 425 2024 incoatio
447 1989 537 2020 vitae
555 1994 714 2019 aeternae
728 2013 736 2026 ,
765 1986 853 2020 sicut
871 1993 903 2019 et
919 1987 1092 2019 secundus
1108 1984 1207 2018 Psal-

223 2053 299 2076 mus
330 2040 427 2074 addit
460 2038 701 2070 dulcissimum
737 2037 867 2070 dictum
903 2038 945 2070 de
973 2036 1206 2081 applicatione

223 2102 390 2136 tanquam
410 2087 659 2133 epiphonema:
689 2086 790 2120 Beati
809 2099 930 2120 omnes
948 2088 1008 2132 qui
1026 2087 1207 2120 confidunt

225 2145 262 2177 in
282 2155 332 2176 eo.
386 2140 536 2174 Possunt
563 2146 676 2172 autem
705 2138 827 2170 referri
852 2139 895 2170 ad
928 2150 1036 2181 genus
1061 2139 1207 2171 demon-

224 2194 410 2229 strativum
436 2191 489 2223 vel
512 2186 776 2224 διδασκαλικὸν
809 2195 840 2221 et
871 2190 914 2221 ad
946 2197 1072 2222 statum
1098 2188 1209 2222 finiti-

225 2257 325 2287 vum,
355 2250 392 2275 ut
410 2240 465 2274 hic
483 2241 665 2286 quaeritur
682 2240 759 2284 quis
779 2239 823 2272 sit
838 2238 1002 2280 Messius,
1030 2239 1131 2284 quale
1154 2251 1207 2275 sa·

225 2295 419 2330 cerdotium
445 2299 477 2325 et
492 2303 638 2335 regnum
654 2291 813 2324 futurum
836 2290 889 2324 sit.

328 2344 401 2378 Alii
418 2340 547 2376 Psalmi
572 2349 654 2375 sunt
681 2342 805 2384 legales
830 2341 1010 2374 doctrinae
1029 2341 1071 2373 de
1089 2340 1209 2384 provi-

226 2396 365 2436 dentia,
394 2395 437 2427 de
453 2394 555 2426 bonis
579 2393 763 2436 operibus,
791 2394 834 2425 de
857 2392 979 2440 poenis
1005 2391 1208 2435 impiorum.
1233 2410 1234 2413 =

228 2447 299 2480 Alii
318 2452 398 2480 sunt
416 2444 699 2487 obiurgationes,
720 2443 778 2476 alii
795 2450 875 2476 sunt
894 2443 1126 2486 precationes,
1149 2442 1208 2474 alii

229 2497 495 2530 consolationes.
531 2494 640 2538 Saepe
658 2494 848 2527 miscentur
866 2494 1099 2538 precationes,
1124 2505 1208 2525 con-

229 2548 415 2580 solationes
444 2554 476 2579 et
505 2545 696 2589 gratiarum
728 2546 892 2580 actiones.
943 2543 1081 2577 Horum
1106 2544 1208 2577 multi

229 2609 301 2631 non
320 2598 360 2629 de
379 2597 451 2629 solo
461 2595 592 2629 Messia
605 2596 821 2641 loquuntur,
838 2597 893 2628 sed
915 2602 996 2628 sunt
1012 2595 1209 2627 communis

230 2660 296 2681 vox
313 2646 471 2679 omnium
503 2647 741 2680 membrorum
767 2646 958 2685 Ecclesiae,
994 2654 1024 2679 et
1053 2646 1208 2689 exempla

229 2696 313 2732 haec
345 2696 523 2742 proposita
556 2704 635 2730 sunt
668 2705 832 2742 tanquam
868 2697 1135 2742 promissiones,
1173 2704 1209 2731 ut

802 125 926 160 PHIL.
956 122 1071 159 MEL.
1101 123 1311 159 SCRIPTA
1338 121 1635 159 EXEGETICA.

2133 125 2231 163 1152

1221 209 1224 239 Ι
1249 221 1312 242 nos
1335 222 1476 255 quoque
1498 210 1619 243 eodem
1644 210 1767 250 modo,
1795 210 1915 243 eadem
1936 211 2024 251 fide,
2059 213 2228 246 auxilium

1250 266 1410 304 petamus
1441 267 1474 294 et
1498 268 1726 303 expectemus.
1791 259 1886 293 Haec
1918 261 2122 296 discrimina
2146 270 2231 298 nota

1249 311 1336 352 sint,
1363 318 1402 346 ut
1418 309 1502 344 haec
1519 311 1719 344 dulcissima
1737 311 1892 344 carmina
1915 312 1958 344 ad
1976 323 2077 345 usum
2094 325 2231 347 accom-

1249 362 1386 395 modari
1408 362 1561 406 possint,
1587 369 1620 395 et
1643 370 1681 395 ut
1704 362 1852 395 sciamus
1869 362 1930 406 qui
1946 362 2089 396 affectus
2108 364 2229 398 lectio-

1223 444 1224 452 ,
1249 424 1329 445 nem
1350 413 1447 458 sequi
1464 414 1632 454 debeant,
1660 412 1786 445 Timor
1800 412 1885 452 Dei,
1912 413 2016 454 fides,
2044 413 2232 456 invocatio,

1223 453 1225 505 Ι
1250 464 1435 496 tolerantia
1460 464 1497 496 in
1524 463 1794 504 afflictionibus,
1828 474 1905 508 spes
1932 464 2073 505 auxilii,
2105 465 2233 507 gratia-

1223 507 1225 538 ¹s
1250 526 1328 547 rum
1347 515 1453 555 actio,
1480 515 1646 558 gaudium
1664 514 1701 547 in
1719 513 1804 547 Deo.
1858 513 1963 547 Tales
1978 522 2092 548 autem
2104 515 2233 548 Psalmi

1251 565 1322 598 fere
1339 565 1513 608 pertinent
1530 566 1573 598 ad
1591 576 1700 608 genus
1717 564 1930 603 suasorium,
1960 571 1992 598 et
2015 572 2133 600 tamen
2156 578 2234 610 pas-

1223 636 1226 671 †
1252 616 1316 648 sim
1337 616 1490 649 admixta
1513 622 1563 649 est
1579 615 1750 650 doctrina.
1803 615 1880 649 Hoc
1900 615 2104 650 discrimine
2121 624 2155 652 et
2168 629 2234 650 usu

1224 674 1225 698 1
1251 666 1471 700 considerato
1501 666 1652 699 multum
1683 666 1769 699 lucis
1802 667 1933 700 accedit
1957 667 2110 701 lectioni.
2162 667 2233 701 Nec

1224 706 1225 768 ᾖ
1251 718 1444 751 ludendum
1470 724 1519 751 est
1544 717 1649 750 variis
1674 717 2043 761 interpretationibus,
2076 719 2135 751 sed
2163 730 2232 758 uua

1224 774 1225 807 ζ
1251 768 1398 812 simplex
1415 768 1531 802 nativa
1549 767 1739 808 sententia,
1756 780 1858 813 quam
1875 768 1979 801 efficit
1996 769 2235 812 grammatica,

1224 810 1225 862 l
1251 817 1408 853 adhibita
1435 819 1558 852 iudicii
1584 818 1805 859 dexteritate,
1832 818 2015 852 retinenda
2045 826 2113 860 est,
2140 822 2235 865 quod

1251 882 1330 903 cum
1354 868 1392 903 fit
1415 881 1576 913 magnam
1604 869 1827 902 dulcedinem
1860 876 1891 902 et
1927 870 2164 915 eloquentiam
2198 870 2236 902 in

1223 961 1225 968 Α
1251 918 1305 954 his
1325 920 1540 954 carminibus
1557 931 1628 954 esse
1645 919 1891 963 intelligemuS.

1224 969 1225 987 l

1361 1022 1474 1056 Totus
1504 1021 1682 1060 Psalmus,
1716 1021 1813 1056 Dixit
1847 1021 2042 1063 Dominus,
2082 1023 2234 1055 narratio

1224 1098 1225 1112 ¹
1251 1080 1318 1114 est,
1346 1074 1510 1106 videlicet
1535 1072 1741 1106 vaticinium
1770 1080 1801 1105 et
1819 1073 2006 1106 declaratio
2035 1073 2236 1116 promissio-

1224 1121 1225 1162 s
1252 1126 1306 1157 nis
1331 1126 1373 1157 de
1397 1131 1546 1157 venturo
1565 1123 1715 1163 Messia,
1744 1124 1822 1168 quis
1841 1124 1904 1164 sit,
1931 1124 1992 1156 ubi
2016 1135 2051 1156 se
2074 1130 2237 1157 ostensu-

1252 1187 1312 1209 rus
1328 1176 1371 1208 sit
1389 1175 1507 1218 generi
1523 1172 1699 1215 humano,
1728 1176 1823 1207 unde
1850 1186 1948 1208 suam
1977 1174 2174 1208 doctrinam
2199 1174 2236 1206 in

1253 1238 1375 1260 omnes
1397 1233 1516 1268 gentes
1533 1236 1717 1270 sparsurus
1737 1226 1798 1265 sit,
1827 1225 1928 1270 quale
1947 1225 1990 1258 sit
2008 1236 2173 1268 regnum,
2203 1232 2235 1258 et

1253 1277 1355 1322 quale
1374 1277 1619 1311 sacerdotium.
1675 1275 1767 1319 Quia
1786 1273 1850 1309 hae
1869 1277 1957 1308 duae
1974 1287 2028 1308 res
2049 1276 2086 1308 in
2111 1277 2236 1319 guber-

1227 1340 1228 1352 *
1254 1328 1397 1361 natione
1415 1334 1496 1360 sunt
1513 1338 1688 1369 summae,
1723 1339 1811 1371 quae
1827 1327 1970 1371 quidem
1991 1327 2027 1359 in
2054 1324 2121 1359 hoc
2140 1325 2236 1359 Mes-

1253 1379 1302 1411 sia
1336 1385 1540 1425 competunt
1564 1378 1627 1410 uni
1662 1389 1848 1420 personae,
1883 1383 1916 1410 et
1952 1377 2046 1421 quod
2073 1377 2235 1409 mirando

1255 1429 1403 1462 consilio
1426 1428 1493 1460 Dei
1519 1428 1615 1472 prius
1644 1428 1687 1460 sit
1710 1439 1891 1471 passurus,
1919 1433 1951 1460 et
1979 1434 2096 1471 postea
2126 1427 2237 1461 victor

1254 1486 1481 1522 regnaturus,
1507 1486 1539 1512 et
1567 1478 1777 1511 collecturus
1801 1476 2012 1517 Ecclesiam,
2054 1490 2159 1523 quam
2183 1490 2239 1511 re—

1255 1529 1434 1563 suscitabit
1466 1541 1504 1561 ex
1537 1536 1667 1568 morte,
1711 1535 1743 1562 et
1767 1528 1914 1561 donabit
1936 1535 2077 1561 aeterna
2103 1528 2172 1562 vita
2207 1536 2239 1562 et

1255 1587 1394 1613 aeterua
1428 1579 1575 1612 iusticia.
1636 1578 1732 1611 Haec
1764 1586 1813 1612 est
1847 1590 1981 1612 summa
2013 1579 2239 1619 narrationis,

1255 1631 1323 1663 iam
1347 1636 1385 1663 ut
1409 1641 1513 1673 supra
1536 1630 1659 1662 monui
1685 1630 1872 1673 applicatio
1896 1629 2150 1663 consideranda
2174 1637 2235 1664 est.

1230 1683 1231 1689 ¹
1256 1680 1351 1714 Haec
1376 1680 1561 1724 promissio
1586 1680 1653 1713 fide
1678 1680 1887 1724 accipiatur,
1919 1680 2012 1713 iuxta
2040 1680 2171 1714 dictum
2200 1682 2238 1714 in

1256 1732 1410 1765 secundo
1443 1730 1600 1771 Psalmo,
1645 1730 1743 1764 cuius
1773 1731 1866 1764 idem
1899 1737 1949 1764 est
1983 1739 2238 1774 argumentum.

1256 1782 1354 1815 Beati
1373 1794 1495 1814 omnes
1507 1782 1567 1826 qui
1585 1782 1768 1815 confidunt
1788 1782 1825 1814 in
1844 1794 1896 1822 eo,
1923 1782 1977 1815 vel
1991 1782 2085 1816 iuxta
2103 1783 2237 1816 dictum

1259 1833 1415 1866 loannis:
1446 1832 1518 1876 Qui
1536 1833 1647 1866 credit
1664 1833 1700 1864 in
1712 1830 1806 1866 hunc
1816 1832 1994 1873 Messiam,
2011 1830 2117 1867 habet
2129 1834 2233 1867 vitam

1256 1891 1444 1919 aeternam.
1505 1883 1707 1917 Statuamus
1733 1883 1922 1917 certissime
1944 1885 2147 1917 mandatum
2173 1883 2238 1917 Dei

1258 1936 1443 1967 immotum
1475 1942 1508 1968 et
1533 1935 1752 1968 immutabile
1787 1946 1877 1974 esse,
1911 1940 1949 1967 ut
1976 1941 2118 1978 propter
2142 1932 2236 1968 hunc

1258 1985 1423 2018 Messiam
1448 1985 1555 2029 recipi
1580 1997 1642 2018 nos
1671 1998 1687 2017 a
1719 1984 1793 2018 Deo
1817 1985 2019 2026 credamus,
2056 1992 2088 2018 et
2112 1986 2237 2019 donari

1232 2067 1233 2071 ,
1259 2035 1312 2069 his
1338 2036 1460 2076 bouis,
1487 2048 1576 2080 quae
1603 2036 1639 2068 in
1664 2033 1730 2068 hoc
1751 2035 1890 2068 Psalmo
1918 2042 1950 2068 et
1976 2036 2060 2068 alibi
2085 2048 2237 2069 comme-

1258 2094 1454 2120 morantur.
1508 2085 1582 2119 Hac
1608 2087 1673 2119 fide
1698 2087 1741 2119 ad
1759 2084 1873 2118 Deum
1890 2087 2111 2127 accedamus,
2136 2087 2238 2121 invo-

1259 2149 1375 2171 cemus
1409 2150 1509 2176 eum,
1551 2144 1584 2170 et
1614 2134 1704 2169 hanc
1736 2136 2012 2170 consolationem
2048 2143 2238 2177 teneamus,

1259 2200 1321 2221 nos
1340 2195 1481 2236 propter
1498 2186 1591 2221 hunc
1608 2187 1816 2225 Dominum,
1845 2194 1878 2221 et
1903 2200 1963 2231 per
1989 2200 2086 2229 eum,
2113 2196 2238 2236 poten-

1258 2240 1308 2273 tia
1329 2240 1452 2273 divina
1475 2238 1605 2272 servari
1629 2245 1660 2271 et
1687 2238 1828 2271 defendi
1853 2246 1972 2272 contra
1993 2239 2172 2281 diabolos,
2201 2248 2234 2274 et

1259 2290 1403 2323 liberari
1425 2302 1444 2323 a
1466 2296 1622 2334 peccato,
1651 2296 1683 2322 et
1707 2302 1726 2322 a
1750 2296 1862 2323 morte
1878 2296 2036 2330 aeterna,
2063 2297 2095 2324 et
2113 2291 2237 2324 donari

1259 2342 1395 2374 iusticia
1421 2348 1455 2375 et
1478 2340 1546 2372 vita
1573 2347 1731 2380 aeterna,
1755 2340 1844 2374 sicut
1870 2340 1943 2384 ipse
1968 2341 2099 2386 inquit:
2125 2341 2236 2375 Nemo

1259 2392 1369 2436 rapiet
1393 2403 1473 2424 oves
1498 2402 1590 2423 meas
1608 2402 1650 2423 ex
1675 2391 1838 2424 manibus
1866 2391 1962 2424 meis.
2026 2392 2131 2425 Item:
2160 2390 2234 2436 Ego

1259 2443 1365 2476 vitam
1391 2448 1568 2475 aeternam
1596 2443 1641 2474 do
1663 2442 1721 2475 eis.
1775 2441 1879 2475 Tales
1904 2442 2159 2476 consolationes
2181 2444 2236 2476 in-

1259 2502 1420 2528 tueamur
1453 2492 1612 2537 quotidie
1644 2493 1682 2525 in
1708 2493 1950 2533 invocatione,
1983 2493 2020 2524 in
2048 2494 2177 2527 nostris
2205 2503 2238 2529 et

1258 2544 1505 2578 communibus
1527 2543 1708 2588 periculis,
1743 2550 1775 2577 et
1797 2543 1947 2576 sciamus
1973 2554 2053 2576 vere
2078 2556 2142 2577 nos
2165 2557 2238 2579 ser.

1260 2594 1334 2627 vari
1349 2595 1392 2627 ab
1409 2591 1476 2627 hoc
1492 2592 1667 2633 Domino,
1695 2595 1784 2627 sicut
1802 2593 1976 2627 Israelitae
1993 2602 2177 2629 servantur
2200 2597 2238 2629 in

1232 2677 1234 2684 ,
1260 2645 1345 2679 mari
1361 2646 1488 2683 rubro,
1517 2652 1576 2678 aut
1597 2644 1699 2678 lonas
1724 2646 1760 2677 in
1780 2651 1899 2677 ventre
1918 2644 1998 2677 ceti:
2028 2652 2061 2678 et
2084 2642 2147 2679 hac
2170 2647 2236 2680 fide

1232 2685 1236 2716 l

1232 2717 1236 2733 t
1261 2697 1470 2731 accendatur
1501 2696 1697 2736 invocatio,
1732 2702 1763 2728 et
1795 2696 2053 2739 acquiescamus
2089 2696 2125 2729 in
2153 2696 2239 2739 Deo,
