<?xml version="1.0" encoding="UTF-8"?>
<!DOCTYPE html PUBLIC "-//W3C//DTD XHTML 1.0 Transitional//EN"
    "http://www.w3.org/TR/xhtml1/DTD/xhtml1-transitional.dtd">
<html xmlns="http://www.w3.org/1999/xhtml" xml:lang="en" lang="en">
 <head>
  <title>
</title>
<meta http-equiv="Content-Type" content="text/html;charset=utf-8" />
  <meta name='ocr-system' content='tesseract 3.04.00' />
  <meta name='ocr-capabilities' content='ocr_page ocr_carea ocr_par ocr_line ocrx_word'/>
</head>
<body>
  <div class='ocr_page' id='page_1' title='image "./operaquaesupersu13melauoft_0609.png"; bbox 0 0 2379 2948; ppageno 0'>
   <div class='ocr_carea' id='block_1_1' title="bbox 169 91 269 129">
    <p class='ocr_par' dir='ltr' id='par_1_1' title="bbox 169 91 269 129">
     <span class='ocr_line' id='line_1_1' title="bbox 169 91 269 129; baseline -0.02 -1"><span class='ocrx_word' id='word_1_1' title='bbox 169 91 269 129; x_wconf 85' lang='lat'>1197</span> 
     </span>
    </p>
   </div>
   <div class='ocr_carea' id='block_1_2' title="bbox 165 176 1190 324">
    <p class='ocr_par' dir='ltr' id='par_1_2' title="bbox 165 176 1190 324">
     <span class='ocr_line' id='line_1_2' title="bbox 166 176 1190 225; baseline -0.003 -13"><span class='ocrx_word' id='word_1_2' title='bbox 166 176 311 212; x_wconf 89' lang='lat' dir='ltr'>iudiciis</span> <span class='ocrx_word' id='word_1_3' title='bbox 334 188 408 210; x_wconf 92' lang='lat' dir='ltr'>non</span> <span class='ocrx_word' id='word_1_4' title='bbox 433 176 589 218; x_wconf 86' lang='lat' dir='ltr'>moveri,</span> <span class='ocrx_word' id='word_1_5' title='bbox 616 182 649 211; x_wconf 89' lang='lat' dir='ltr'>et</span> <span class='ocrx_word' id='word_1_6' title='bbox 673 182 793 210; x_wconf 90' lang='lat' dir='ltr'>tamen</span> <span class='ocrx_word' id='word_1_7' title='bbox 817 188 957 210; x_wconf 90' lang='lat' dir='ltr'>necesse</span> <span class='ocrx_word' id='word_1_8' title='bbox 985 183 1035 210; x_wconf 90' lang='lat' dir='ltr'>est</span> <span class='ocrx_word' id='word_1_9' title='bbox 1060 176 1164 210; x_wconf 86' lang='lat' dir='ltr'>etiam</span> <span class='ocrx_word' id='word_1_10' title='bbox 1188 203 1190 225; x_wconf 42' lang='lat'><em>3</em></span> 
     </span>
     <span class='ocr_line' id='line_1_3' title="bbox 166 227 1189 275; baseline -0.003 -12"><span class='ocrx_word' id='word_1_11' title='bbox 166 230 335 263; x_wconf 90' lang='lat' dir='ltr'>adversus</span> <span class='ocrx_word' id='word_1_12' title='bbox 361 228 448 262; x_wconf 89' lang='lat' dir='ltr'>tales</span> <span class='ocrx_word' id='word_1_13' title='bbox 466 229 620 262; x_wconf 89' lang='lat' dir='ltr'>retinere</span> <span class='ocrx_word' id='word_1_14' title='bbox 631 228 897 267; x_wconf 43' lang='lat' dir='ltr'>confessionem</span> <span class='ocrx_word' id='word_1_15' title='bbox 916 227 1090 266; x_wconf 77' lang='lat' dir='ltr'>veritatis,</span> <span class='ocrx_word' id='word_1_16' title='bbox 1126 227 1164 260; x_wconf 89' lang='lat' dir='ltr'>in</span> <span class='ocrx_word' id='word_1_17' title='bbox 1188 263 1189 275; x_wconf 15' lang='grc' dir='ltr'>ἵ</span> 
     </span>
     <span class='ocr_line' id='line_1_4' title="bbox 165 277 1189 324; baseline -0.003 -10"><span class='ocrx_word' id='word_1_18' title='bbox 165 277 258 314; x_wconf 88' lang='lat' dir='ltr'>hanc</span> <span class='ocrx_word' id='word_1_19' title='bbox 274 280 488 314; x_wconf 90' lang='lat' dir='ltr'>sententiam</span> <span class='ocrx_word' id='word_1_20' title='bbox 506 277 564 313; x_wconf 90' lang='lat' dir='ltr'>hic</span> <span class='ocrx_word' id='word_1_21' title='bbox 583 279 734 313; x_wconf 90' lang='lat' dir='ltr'>dicitur:</span> <span class='ocrx_word' id='word_1_22' title='bbox 759 278 875 324; x_wconf 86' lang='lat' dir='ltr'>Super</span> <span class='ocrx_word' id='word_1_23' title='bbox 892 290 1016 314; x_wconf 85' lang='lat' dir='ltr'>omnes</span> <span class='ocrx_word' id='word_1_24' title='bbox 1040 278 1162 312; x_wconf 69' lang='lat' dir='ltr'>inimi·</span> <span class='ocrx_word' id='word_1_25' title='bbox 1188 284 1189 288; x_wconf 78' lang='grc'>’</span> 
     </span>
    </p>
   </div>
   <div class='ocr_carea' id='block_1_3' title="bbox 165 330 794 379">
    <p class='ocr_par' dir='ltr' id='par_1_3' title="bbox 165 330 794 379">
     <span class='ocr_line' id='line_1_5' title="bbox 165 330 794 379; baseline -0.003 -14"><span class='ocrx_word' id='word_1_26' title='bbox 165 343 223 365; x_wconf 89' lang='lat' dir='ltr'>cos</span> <span class='ocrx_word' id='word_1_27' title='bbox 242 342 339 365; x_wconf 92' lang='lat' dir='ltr'>meos</span> <span class='ocrx_word' id='word_1_28' title='bbox 363 331 576 379; x_wconf 84' lang='lat' dir='ltr'><strong>prudentem</strong></span> <span class='ocrx_word' id='word_1_29' title='bbox 595 342 651 364; x_wconf 89' lang='lat' dir='ltr'>me</span> <span class='ocrx_word' id='word_1_30' title='bbox 668 330 794 366; x_wconf 84' lang='lat' dir='ltr'><strong>fecisti.</strong></span> 
     </span>
    </p>
   </div>
   <div class='ocr_carea' id='block_1_4' title="bbox 590 422 733 461">
    <p class='ocr_par' dir='ltr' id='par_1_4' title="bbox 590 422 733 461">
     <span class='ocr_line' id='line_1_6' title="bbox 590 422 733 461; baseline -0.007 -4"><span class='ocrx_word' id='word_1_31' title='bbox 590 430 612 461; x_wconf 70' lang='grc'>3</span> <span class='ocrx_word' id='word_1_32' title='bbox 635 422 733 457; x_wconf 85' lang='lat' dir='ltr'>Nun.</span> 
     </span>
    </p>
   </div>
   <div class='ocr_carea' id='block_1_5' title="bbox 212 489 1161 580">
    <p class='ocr_par' dir='ltr' id='par_1_5' title="bbox 212 489 1161 580">
     <span class='ocr_line' id='line_1_7' title="bbox 213 489 1161 538; baseline -0.003 -10"><span class='ocrx_word' id='word_1_33' title='bbox 213 494 391 528; x_wconf 82' lang='lat' dir='ltr'><strong><em>Lucerna</em></strong></span> <span class='ocrx_word' id='word_1_34' title='bbox 417 490 573 538; x_wconf 77' lang='lat' dir='ltr'>pedibus·</span> <span class='ocrx_word' id='word_1_35' title='bbox 597 495 693 527; x_wconf 74' lang='lat' dir='ltr'>meis</span> <span class='ocrx_word' id='word_1_36' title='bbox 716 489 868 526; x_wconf 76' lang='lat' dir='ltr'>verbum</span> <span class='ocrx_word' id='word_1_37' title='bbox 884 495 1012 534; x_wconf 83' lang='lat' dir='ltr'>tuum,</span> <span class='ocrx_word' id='word_1_38' title='bbox 1046 494 1083 525; x_wconf 85' lang='lat' dir='ltr'>et</span> <span class='ocrx_word' id='word_1_39' title='bbox 1105 490 1161 525; x_wconf 83' lang='grc' dir='ltr'><em>ῑιι-</em></span> 
     </span>
     <span class='ocr_line' id='line_1_8' title="bbox 212 545 583 580; baseline -0.003 -1"><span class='ocrx_word' id='word_1_40' title='bbox 212 556 296 580; x_wconf 84' lang='lat' dir='ltr'>men</span> <span class='ocrx_word' id='word_1_41' title='bbox 312 545 460 579; x_wconf 77' lang='lat' dir='ltr'>semitis</span> <span class='ocrx_word' id='word_1_42' title='bbox 476 545 583 578; x_wconf 75' lang='lat' dir='ltr'>meis.</span> 
     </span>
    </p>
   </div>
   <div class='ocr_carea' id='block_1_6' title="bbox 155 619 1160 1028">
    <p class='ocr_par' dir='ltr' id='par_1_6' title="bbox 159 619 1160 870">
     <span class='ocr_line' id='line_1_9' title="bbox 266 619 1160 659; baseline -0.003 -4"><span class='ocrx_word' id='word_1_43' title='bbox 266 621 408 655; x_wconf 85' lang='lat' dir='ltr'><strong>Primus</strong></span> <span class='ocrx_word' id='word_1_44' title='bbox 431 631 552 654; x_wconf 91' lang='lat' dir='ltr'>versus</span> <span class='ocrx_word' id='word_1_45' title='bbox 577 626 612 654; x_wconf 84' lang='lat' dir='ltr'>et</span> <span class='ocrx_word' id='word_1_46' title='bbox 640 621 803 654; x_wconf 88' lang='lat' dir='ltr'>doctrina</span> <span class='ocrx_word' id='word_1_47' title='bbox 836 627 871 655; x_wconf 92' lang='lat' dir='ltr'>et</span> <span class='ocrx_word' id='word_1_48' title='bbox 895 619 1068 654; x_wconf 82' lang='lat' dir='ltr'>confessio</span> <span class='ocrx_word' id='word_1_49' title='bbox 1098 626 1160 659; x_wconf 87' lang='lat' dir='ltr'>est,</span> 
     </span>
     <span class='ocr_line' id='line_1_10' title="bbox 162 671 1158 719; baseline -0.004 -12"><span class='ocrx_word' id='word_1_50' title='bbox 162 674 259 719; x_wconf 90' lang='lat' dir='ltr'>quod</span> <span class='ocrx_word' id='word_1_51' title='bbox 279 678 438 717; x_wconf 81' lang='lat' dir='ltr'>oporteat</span> <span class='ocrx_word' id='word_1_52' title='bbox 453 671 527 716; x_wconf 86' lang='lat' dir='ltr'>regi</span> <span class='ocrx_word' id='word_1_53' title='bbox 552 683 619 705; x_wconf 91' lang='lat' dir='ltr'>nos</span> <span class='ocrx_word' id='word_1_54' title='bbox 636 673 746 706; x_wconf 86' lang='lat' dir='ltr'>verbo</span> <span class='ocrx_word' id='word_1_55' title='bbox 764 671 849 713; x_wconf 85' lang='lat' dir='ltr'>Dei,</span> <span class='ocrx_word' id='word_1_56' title='bbox 878 684 952 706; x_wconf 90' lang='lat' dir='ltr'>non</span> <span class='ocrx_word' id='word_1_57' title='bbox 978 674 1158 705; x_wconf 89' lang='lat' dir='ltr'>comme&#39;n-</span> 
     </span>
     <span class='ocr_line' id='line_1_11' title="bbox 161 721 1159 768; baseline -0.002 -10"><span class='ocrx_word' id='word_1_58' title='bbox 161 725 250 759; x_wconf 86' lang='lat' dir='ltr'>titiis</span> <span class='ocrx_word' id='word_1_59' title='bbox 265 723 497 768; x_wconf 89' lang='lat' dir='ltr'>opinionibus</span> <span class='ocrx_word' id='word_1_60' title='bbox 514 723 755 767; x_wconf 83' lang='lat' dir='ltr'>pugnantibus</span> <span class='ocrx_word' id='word_1_61' title='bbox 779 736 858 757; x_wconf 92' lang='lat' dir='ltr'>cum</span> <span class='ocrx_word' id='word_1_62' title='bbox 878 724 988 757; x_wconf 90' lang='lat' dir='ltr'>verbo</span> <span class='ocrx_word' id='word_1_63' title='bbox 1009 721 1094 761; x_wconf 86' lang='lat' dir='ltr'>Dei,</span> <span class='ocrx_word' id='word_1_64' title='bbox 1120 729 1159 756; x_wconf 90' lang='lat' dir='ltr'>ut</span> 
     </span>
     <span class='ocr_line' id='line_1_12' title="bbox 159 773 1157 819; baseline -0.001 -11"><span class='ocrx_word' id='word_1_65' title='bbox 159 776 247 809; x_wconf 87' lang='lat' dir='ltr'>alibi</span> <span class='ocrx_word' id='word_1_66' title='bbox 274 786 376 819; x_wconf 80' lang='lat' dir='ltr'><strong>saepe</strong></span> <span class='ocrx_word' id='word_1_67' title='bbox 398 773 547 808; x_wconf 88' lang='lat' dir='ltr'>dicitur:</span> <span class='ocrx_word' id='word_1_68' title='bbox 575 773 633 808; x_wconf 83' lang='lat' dir='ltr'>Ad</span> <span class='ocrx_word' id='word_1_69' title='bbox 652 775 764 818; x_wconf 84' lang='lat' dir='ltr'>legem</span> <span class='ocrx_word' id='word_1_70' title='bbox 785 782 817 809; x_wconf 90' lang='lat' dir='ltr'>et</span> <span class='ocrx_word' id='word_1_71' title='bbox 835 776 879 808; x_wconf 89' lang='lat' dir='ltr'>ad</span> <span class='ocrx_word' id='word_1_72' title='bbox 899 773 1157 809; x_wconf 88' lang='lat' dir='ltr'>testimonium.</span> 
     </span>
     <span class='ocr_line' id='line_1_13' title="bbox 161 823 944 870; baseline 0 -10"><span class='ocrx_word' id='word_1_73' title='bbox 161 825 250 861; x_wconf 89' lang='lat' dir='ltr'>Item</span> <span class='ocrx_word' id='word_1_74' title='bbox 268 825 374 860; x_wconf 88' lang='lat' dir='ltr'>Num.</span> <span class='ocrx_word' id='word_1_75' title='bbox 396 823 473 860; x_wconf 83' lang='lat'>15.:</span> <span class='ocrx_word' id='word_1_76' title='bbox 502 827 543 858; x_wconf 92' lang='lat' dir='ltr'>In</span> <span class='ocrx_word' id='word_1_77' title='bbox 567 825 642 870; x_wconf 88' lang='lat' dir='ltr'>lege</span> <span class='ocrx_word' id='word_1_78' title='bbox 659 838 735 859; x_wconf 91' lang='lat' dir='ltr'>mea</span> <span class='ocrx_word' id='word_1_79' title='bbox 752 826 944 860; x_wconf 87' lang='lat' dir='ltr'>ambulate.</span> 
     </span>
    </p>

    <p class='ocr_par' dir='ltr' id='par_1_7' title="bbox 155 883 1156 1028">
     <span class='ocr_line' id='line_1_14' title="bbox 260 883 1156 918; baseline -0.001 -1"><span class='ocrx_word' id='word_1_80' title='bbox 260 883 447 918; x_wconf 89' lang='lat' dir='ltr'>Secundus</span> <span class='ocrx_word' id='word_1_81' title='bbox 478 895 599 918; x_wconf 84' lang='lat' dir='ltr'>versus</span> <span class='ocrx_word' id='word_1_82' title='bbox 623 885 794 918; x_wconf 87' lang='lat' dir='ltr'>confessio</span> <span class='ocrx_word' id='word_1_83' title='bbox 826 896 905 918; x_wconf 89' lang='lat' dir='ltr'>cum</span> <span class='ocrx_word' id='word_1_84' title='bbox 937 885 1156 917; x_wconf 89' lang='lat' dir='ltr'>iuramento:</span> 
     </span>
     <span class='ocr_line' id='line_1_15' title="bbox 157 932 1155 975; baseline -0.001 -7"><span class='ocrx_word' id='word_1_85' title='bbox 157 932 242 969; x_wconf 91' lang='lat' dir='ltr'>Iuro</span> <span class='ocrx_word' id='word_1_86' title='bbox 269 941 303 969; x_wconf 83' lang='lat' dir='ltr'>et</span> <span class='ocrx_word' id='word_1_87' title='bbox 326 936 543 969; x_wconf 84' lang='lat' dir='ltr'>conservabo</span> <span class='ocrx_word' id='word_1_88' title='bbox 570 935 774 975; x_wconf 87' lang='lat' dir='ltr'>veritatem,</span> <span class='ocrx_word' id='word_1_89' title='bbox 801 935 999 970; x_wconf 84' lang='lat' dir='ltr'>custodiam</span> <span class='ocrx_word' id='word_1_90' title='bbox 1024 935 1155 968; x_wconf 87' lang='lat' dir='ltr'>iudicia</span> 
     </span>
     <span class='ocr_line' id='line_1_16' title="bbox 155 986 907 1028; baseline 0.003 -9"><span class='ocrx_word' id='word_1_91' title='bbox 155 992 189 1020; x_wconf 89' lang='lat' dir='ltr'>et</span> <span class='ocrx_word' id='word_1_92' title='bbox 206 986 383 1021; x_wconf 87' lang='lat' dir='ltr'>iusticiam</span> <span class='ocrx_word' id='word_1_93' title='bbox 402 993 520 1028; x_wconf 87' lang='lat' dir='ltr'>tuam,</span> <span class='ocrx_word' id='word_1_94' title='bbox 547 987 582 1020; x_wconf 92' lang='lat' dir='ltr'>id</span> <span class='ocrx_word' id='word_1_95' title='bbox 602 994 669 1028; x_wconf 89' lang='lat' dir='ltr'>est,</span> <span class='ocrx_word' id='word_1_96' title='bbox 694 987 907 1022; x_wconf 80' lang='lat' dir='ltr'>doctrinam.</span> 
     </span>
    </p>
   </div>
   <div class='ocr_carea' id='block_1_7' title="bbox 259 1045 871 1092">
    <p class='ocr_par' dir='ltr' id='par_1_8' title="bbox 259 1045 871 1092">
     <span class='ocr_line' id='line_1_17' title="bbox 259 1045 871 1092; baseline 0.003 -13"><span class='ocrx_word' id='word_1_97' title='bbox 259 1045 403 1080; x_wconf 90' lang='lat' dir='ltr'>Tertius</span> <span class='ocrx_word' id='word_1_98' title='bbox 421 1053 471 1081; x_wconf 89' lang='lat' dir='ltr'>est</span> <span class='ocrx_word' id='word_1_99' title='bbox 488 1046 632 1092; x_wconf 79' lang='lat' dir='ltr'>querela</span> <span class='ocrx_word' id='word_1_100' title='bbox 652 1053 685 1080; x_wconf 88' lang='lat' dir='ltr'>et</span> <span class='ocrx_word' id='word_1_101' title='bbox 701 1047 871 1091; x_wconf 88' lang='lat' dir='ltr'>precatio.</span> 
     </span>
    </p>
   </div>
   <div class='ocr_carea' id='block_1_8' title="bbox 152 1155 1154 1355">
    <p class='ocr_par' dir='ltr' id='par_1_9' title="bbox 152 1155 1154 1355">
     <span class='ocr_line' id='line_1_18' title="bbox 152 1155 1154 1205; baseline -0.001 -15"><span class='ocrx_word' id='word_1_102' title='bbox 152 1155 327 1205; x_wconf 84' lang='lat' dir='ltr'>placeant</span> <span class='ocrx_word' id='word_1_103' title='bbox 359 1156 430 1191; x_wconf 83' lang='lat' dir='ltr'>tibi</span> <span class='ocrx_word' id='word_1_104' title='bbox 459 1156 641 1197; x_wconf 79' lang='lat' dir='ltr'>Domine,</span> <span class='ocrx_word' id='word_1_105' title='bbox 684 1158 720 1191; x_wconf 91' lang='lat' dir='ltr'>id</span> <span class='ocrx_word' id='word_1_106' title='bbox 746 1166 816 1199; x_wconf 85' lang='lat' dir='ltr'>est,</span> <span class='ocrx_word' id='word_1_107' title='bbox 854 1158 1054 1192; x_wconf 89' lang='lat' dir='ltr'>oblationes</span> <span class='ocrx_word' id='word_1_108' title='bbox 1082 1157 1154 1190; x_wconf 89' lang='lat' dir='ltr'>oris</span> 
     </span>
     <span class='ocr_line' id='line_1_19' title="bbox 153 1209 1153 1254; baseline -0.002 -12"><span class='ocrx_word' id='word_1_109' title='bbox 153 1209 243 1250; x_wconf 90' lang='lat' dir='ltr'>mei,</span> <span class='ocrx_word' id='word_1_110' title='bbox 278 1209 475 1251; x_wconf 76' lang='lat' dir='ltr'>invocatio,</span> <span class='ocrx_word' id='word_1_111' title='bbox 502 1209 696 1249; x_wconf 85' lang='lat' dir='ltr'>confessio,</span> <span class='ocrx_word' id='word_1_112' title='bbox 734 1210 937 1254; x_wconf 75' lang='lat' dir='ltr'>propagatio</span> <span class='ocrx_word' id='word_1_113' title='bbox 974 1217 1008 1243; x_wconf 89' lang='lat' dir='ltr'>et</span> <span class='ocrx_word' id='word_1_114' title='bbox 1038 1209 1153 1242; x_wconf 87' lang='lat' dir='ltr'>studia</span> 
     </span>
     <span class='ocr_line' id='line_1_20' title="bbox 153 1260 624 1305; baseline 0 -11"><span class='ocrx_word' id='word_1_115' title='bbox 153 1260 336 1294; x_wconf 89' lang='lat' dir='ltr'>doctrinae</span> <span class='ocrx_word' id='word_1_116' title='bbox 363 1261 524 1305; x_wconf 78' lang='lat' dir='ltr'>placeant</span> <span class='ocrx_word' id='word_1_117' title='bbox 547 1261 624 1295; x_wconf 86' lang='lat' dir='ltr'>tibi.</span> 
     </span>
     <span class='ocr_line' id='line_1_21' title="bbox 152 1311 1152 1355; baseline -0.001 -10"><span class='ocrx_word' id='word_1_118' title='bbox 152 1318 186 1346; x_wconf 84' lang='lat' dir='ltr'>et</span> <span class='ocrx_word' id='word_1_119' title='bbox 214 1311 389 1355; x_wconf 86' lang='lat' dir='ltr'>significat</span> <span class='ocrx_word' id='word_1_120' title='bbox 417 1324 520 1346; x_wconf 89' lang='lat' dir='ltr'>veros</span> <span class='ocrx_word' id='word_1_121' title='bbox 553 1312 669 1346; x_wconf 92' lang='lat' dir='ltr'>cultus</span> <span class='ocrx_word' id='word_1_122' title='bbox 696 1324 785 1353; x_wconf 85' lang='lat' dir='ltr'>esse,</span> <span class='ocrx_word' id='word_1_123' title='bbox 821 1324 895 1345; x_wconf 91' lang='lat' dir='ltr'>non</span> <span class='ocrx_word' id='word_1_124' title='bbox 923 1312 1152 1346; x_wconf 82' lang='lat' dir='ltr'>mactationes</span> 
     </span>
    </p>
   </div>
   <div class='ocr_carea' id='block_1_9' title="bbox 151 1360 1178 1407">
    <p class='ocr_par' dir='ltr' id='par_1_10' title="bbox 151 1360 1178 1407">
     <span class='ocr_line' id='line_1_22' title="bbox 151 1360 1178 1407; baseline 0 -11"><span class='ocrx_word' id='word_1_125' title='bbox 151 1364 345 1407; x_wconf 87' lang='lat' dir='ltr'>pecudum,</span> <span class='ocrx_word' id='word_1_126' title='bbox 386 1369 426 1396; x_wconf 89' lang='lat' dir='ltr'>ut</span> <span class='ocrx_word' id='word_1_127' title='bbox 450 1361 566 1396; x_wconf 89' lang='lat' dir='ltr'>Oseae</span> <span class='ocrx_word' id='word_1_128' title='bbox 592 1362 649 1398; x_wconf 84' lang='lat'>14.</span> <span class='ocrx_word' id='word_1_129' title='bbox 678 1363 826 1396; x_wconf 87' lang='lat' dir='ltr'>dicitur:</span> <span class='ocrx_word' id='word_1_130' title='bbox 868 1360 1025 1396; x_wconf 90' lang='lat' dir='ltr'>Omnem</span> <span class='ocrx_word' id='word_1_131' title='bbox 1053 1363 1153 1397; x_wconf 86' lang='lat' dir='ltr'>aufer</span> <span class='ocrx_word' id='word_1_132' title='bbox 1177 1390 1178 1396; x_wconf 68' lang='grc'>,</span> 
     </span>
    </p>
   </div>
   <div class='ocr_carea' id='block_1_10' title="bbox 149 1413 1152 1502">
    <p class='ocr_par' dir='ltr' id='par_1_11' title="bbox 149 1413 1152 1502">
     <span class='ocr_line' id='line_1_23' title="bbox 149 1413 1152 1459; baseline 0 -13"><span class='ocrx_word' id='word_1_133' title='bbox 149 1413 378 1459; x_wconf 88' lang='lat' dir='ltr'>iniquitatem</span> <span class='ocrx_word' id='word_1_134' title='bbox 400 1420 435 1448; x_wconf 88' lang='lat' dir='ltr'>et</span> <span class='ocrx_word' id='word_1_135' title='bbox 450 1415 559 1448; x_wconf 87' lang='lat' dir='ltr'>redde</span> <span class='ocrx_word' id='word_1_136' title='bbox 575 1414 710 1448; x_wconf 88' lang='lat' dir='ltr'>bonum</span> <span class='ocrx_word' id='word_1_137' title='bbox 724 1441 733 1455; x_wconf 88' lang='lat'>,</span> <span class='ocrx_word' id='word_1_138' title='bbox 760 1421 794 1448; x_wconf 89' lang='lat' dir='ltr'>et</span> <span class='ocrx_word' id='word_1_139' title='bbox 811 1415 1000 1448; x_wconf 89' lang='lat' dir='ltr'>reddemus</span> <span class='ocrx_word' id='word_1_140' title='bbox 1019 1414 1152 1447; x_wconf 72' lang='lat' dir='ltr'>vitulos</span> 
     </span>
     <span class='ocr_line' id='line_1_24' title="bbox 149 1465 562 1502; baseline 0.002 -4"><span class='ocrx_word' id='word_1_141' title='bbox 149 1465 327 1499; x_wconf 86' lang='lat' dir='ltr'>labiorum</span> <span class='ocrx_word' id='word_1_142' title='bbox 345 1471 562 1502; x_wconf 85' lang='lat' dir='ltr'>nostrorum.</span> 
     </span>
    </p>
   </div>
   <div class='ocr_carea' id='block_1_11' title="bbox 254 1523 1176 1571">
    <p class='ocr_par' dir='ltr' id='par_1_12' title="bbox 254 1523 1176 1571">
     <span class='ocr_line' id='line_1_25' title="bbox 254 1523 1176 1571; baseline -0.001 -13"><span class='ocrx_word' id='word_1_143' title='bbox 254 1523 413 1568; x_wconf 87' lang='lat' dir='ltr'>Quintus</span> <span class='ocrx_word' id='word_1_144' title='bbox 438 1536 559 1558; x_wconf 90' lang='lat' dir='ltr'>versus</span> <span class='ocrx_word' id='word_1_145' title='bbox 583 1526 726 1571; x_wconf 87' lang='lat' dir='ltr'>querela</span> <span class='ocrx_word' id='word_1_146' title='bbox 752 1532 804 1560; x_wconf 85' lang='lat' dir='ltr'>est</span> <span class='ocrx_word' id='word_1_147' title='bbox 822 1526 865 1559; x_wconf 92' lang='lat' dir='ltr'>de</span> <span class='ocrx_word' id='word_1_148' title='bbox 891 1524 1151 1570; x_wconf 67' lang='lat' dir='ltr'>persecutione:</span> <span class='ocrx_word' id='word_1_149' title='bbox 1175 1538 1176 1543; x_wconf 53' lang='lat'>¹</span> 
     </span>
    </p>
   </div>
   <div class='ocr_carea' id='block_1_12' title="bbox 149 1565 1623 1623">
    <p class='ocr_par' dir='ltr' id='par_1_13' title="bbox 149 1565 1623 1623">
     <span class='ocr_line' id='line_1_26' title="bbox 149 1565 1623 1623; baseline 0.001 -14"><span class='ocrx_word' id='word_1_150' title='bbox 149 1572 290 1609; x_wconf 85' lang='lat' dir='ltr'>Anima</span> <span class='ocrx_word' id='word_1_151' title='bbox 322 1587 403 1609; x_wconf 82' lang='lat' dir='ltr'>mea</span> <span class='ocrx_word' id='word_1_152' title='bbox 439 1574 477 1608; x_wconf 86' lang='lat' dir='ltr'>in</span> <span class='ocrx_word' id='word_1_153' title='bbox 501 1574 677 1610; x_wconf 79' lang='lat' dir='ltr'>manibus</span> <span class='ocrx_word' id='word_1_154' title='bbox 702 1576 789 1610; x_wconf 83' lang='lat' dir='ltr'>meis</span> <span class='ocrx_word' id='word_1_155' title='bbox 820 1587 977 1623; x_wconf 82' lang='lat' dir='ltr'>semper,</span> <span class='ocrx_word' id='word_1_156' title='bbox 1012 1576 1048 1608; x_wconf 91' lang='lat' dir='ltr'>id</span> <span class='ocrx_word' id='word_1_157' title='bbox 1083 1582 1152 1614; x_wconf 83' lang='lat' dir='ltr'>est,</span> <span class='ocrx_word' id='word_1_158' title='bbox 1176 1580 1177 1621; x_wconf 64' lang='lat' dir='ltr'>J</span> <span class='ocrx_word' id='word_1_159' title='bbox 1207 1567 1345 1600; x_wconf 60' lang='lat' dir='ltr'>deletur</span> <span class='ocrx_word' id='word_1_160' title='bbox 1364 1573 1436 1600; x_wconf 59' lang='lat'>101³</span> <span class='ocrx_word' id='word_1_161' title='bbox 1453 1565 1623 1600; x_wconf 67' lang='lat' dir='ltr'>ECCleSia&#39;</span> 
     </span>
    </p>
   </div>
   <div class='ocr_carea' id='block_1_13' title="bbox 150 1624 1177 1671">
    <p class='ocr_par' dir='ltr' id='par_1_14' title="bbox 150 1624 1177 1671">
     <span class='ocr_line' id='line_1_27' title="bbox 150 1624 1177 1671; baseline -0.002 -10"><span class='ocrx_word' id='word_1_162' title='bbox 150 1628 221 1661; x_wconf 89' lang='lat' dir='ltr'>vita</span> <span class='ocrx_word' id='word_1_163' title='bbox 245 1627 283 1660; x_wconf 90' lang='lat' dir='ltr'>in</span> <span class='ocrx_word' id='word_1_164' title='bbox 309 1626 461 1660; x_wconf 87' lang='lat' dir='ltr'>assiduis</span> <span class='ocrx_word' id='word_1_165' title='bbox 484 1627 652 1671; x_wconf 89' lang='lat' dir='ltr'>periculis</span> <span class='ocrx_word' id='word_1_166' title='bbox 675 1635 745 1668; x_wconf 88' lang='lat' dir='ltr'>est,</span> <span class='ocrx_word' id='word_1_167' title='bbox 774 1635 813 1661; x_wconf 91' lang='lat' dir='ltr'>ut</span> <span class='ocrx_word' id='word_1_168' title='bbox 842 1626 1006 1661; x_wconf 84' lang='lat' dir='ltr'>Indicum</span> <span class='ocrx_word' id='word_1_169' title='bbox 1033 1628 1088 1662; x_wconf 74' lang='lat'>12.</span> <span class='ocrx_word' id='word_1_170' title='bbox 1119 1633 1152 1659; x_wconf 91' lang='lat' dir='ltr'>et</span> <span class='ocrx_word' id='word_1_171' title='bbox 1175 1624 1177 1654; x_wconf 63' lang='grc' dir='ltr'>ἶ</span> 
     </span>
    </p>
   </div>
   <div class='ocr_carea' id='block_1_14' title="bbox 148 1677 893 1714">
    <p class='ocr_par' dir='ltr' id='par_1_15' title="bbox 148 1677 893 1714">
     <span class='ocr_line' id='line_1_28' title="bbox 148 1677 893 1714; baseline 0.003 -2"><span class='ocrx_word' id='word_1_172' title='bbox 148 1678 248 1713; x_wconf 89' lang='lat' dir='ltr'>alibi.</span> <span class='ocrx_word' id='word_1_173' title='bbox 302 1677 441 1712; x_wconf 87' lang='lat' dir='ltr'>Caeteri</span> <span class='ocrx_word' id='word_1_174' title='bbox 459 1689 579 1711; x_wconf 91' lang='lat' dir='ltr'>versus</span> <span class='ocrx_word' id='word_1_175' title='bbox 597 1685 681 1713; x_wconf 86' lang='lat' dir='ltr'>sunt</span> <span class='ocrx_word' id='word_1_176' title='bbox 704 1678 893 1714; x_wconf 86' lang='lat' dir='ltr'>confessio.</span> 
     </span>
    </p>
   </div>
   <div class='ocr_carea' id='block_1_15' title="bbox 199 1762 1085 1880">
    <p class='ocr_par' dir='ltr' id='par_1_16' title="bbox 199 1762 1085 1880">
     <span class='ocr_line' id='line_1_29' title="bbox 541 1762 760 1802; baseline 0.009 -4"><span class='ocrx_word' id='word_1_177' title='bbox 541 1771 568 1802; x_wconf 76' lang='lat'>0</span> <span class='ocrx_word' id='word_1_178' title='bbox 597 1762 760 1800; x_wconf 85' lang='lat' dir='ltr'>Samech.</span> 
     </span>
     <span class='ocr_line' id='line_1_30' title="bbox 199 1829 1085 1880; baseline -0.002 -13"><span class='ocrx_word' id='word_1_179' title='bbox 199 1835 353 1878; x_wconf 79' lang='lat' dir='ltr'>Iniquos</span> <span class='ocrx_word' id='word_1_180' title='bbox 370 1829 455 1866; x_wconf 76' lang='lat' dir='ltr'>odio</span> <span class='ocrx_word' id='word_1_181' title='bbox 474 1829 610 1876; x_wconf 74' lang='lat' dir='ltr'>habui,</span> <span class='ocrx_word' id='word_1_182' title='bbox 638 1836 678 1867; x_wconf 88' lang='lat' dir='ltr'>et</span> <span class='ocrx_word' id='word_1_183' title='bbox 693 1832 814 1880; x_wconf 68' lang='lat' dir='ltr'>legem</span> <span class='ocrx_word' id='word_1_184' title='bbox 831 1836 936 1867; x_wconf 79' lang='lat' dir='ltr'>tuam</span> <span class='ocrx_word' id='word_1_185' title='bbox 951 1830 1085 1866; x_wconf 73' lang='lat' dir='ltr'>dilexi.</span> 
     </span>
    </p>
   </div>
   <div class='ocr_carea' id='block_1_16' title="bbox 145 1907 1148 2111">
    <p class='ocr_par' dir='ltr' id='par_1_17' title="bbox 145 1907 1148 2111">
     <span class='ocr_line' id='line_1_31' title="bbox 251 1907 1148 1954; baseline -0.003 -11"><span class='ocrx_word' id='word_1_186' title='bbox 251 1908 394 1943; x_wconf 86' lang='lat' dir='ltr'>Primus</span> <span class='ocrx_word' id='word_1_187' title='bbox 430 1921 551 1943; x_wconf 85' lang='lat' dir='ltr'>versus</span> <span class='ocrx_word' id='word_1_188' title='bbox 583 1910 757 1943; x_wconf 80' lang='lat' dir='ltr'>confessio</span> <span class='ocrx_word' id='word_1_189' title='bbox 794 1916 843 1943; x_wconf 86' lang='lat' dir='ltr'>est</span> <span class='ocrx_word' id='word_1_190' title='bbox 871 1907 1049 1954; x_wconf 77' lang='lat' dir='ltr'>pathetica</span> <span class='ocrx_word' id='word_1_191' title='bbox 1086 1908 1148 1940; x_wconf 91' lang='lat' dir='ltr'>ad—</span> 
     </span>
     <span class='ocr_line' id='line_1_32' title="bbox 146 1957 1148 2009; baseline -0.003 -14"><span class='ocrx_word' id='word_1_192' title='bbox 146 1961 270 1995; x_wconf 86' lang='lat' dir='ltr'>iiciens</span> <span class='ocrx_word' id='word_1_193' title='bbox 287 1960 506 1994; x_wconf 80' lang='lat' dir='ltr'>mentionem</span> <span class='ocrx_word' id='word_1_194' title='bbox 525 1961 606 1994; x_wconf 82' lang='lat' dir='ltr'>zeli:</span> <span class='ocrx_word' id='word_1_195' title='bbox 629 1958 789 2009; x_wconf 84' lang='lat' dir='ltr'>Iniqaos</span> <span class='ocrx_word' id='word_1_196' title='bbox 802 1957 886 1994; x_wconf 86' lang='lat' dir='ltr'>odio</span> <span class='ocrx_word' id='word_1_197' title='bbox 901 1957 1032 2001; x_wconf 80' lang='lat' dir='ltr'>habui,</span> <span class='ocrx_word' id='word_1_198' title='bbox 1051 1965 1148 2004; x_wconf 87' lang='lat' dir='ltr'>potes</span> 
     </span>
     <span class='ocr_line' id='line_1_33' title="bbox 145 2011 1147 2056; baseline -0.001 -11"><span class='ocrx_word' id='word_1_199' title='bbox 145 2013 282 2056; x_wconf 81' lang='lat' dir='ltr'>legere,</span> <span class='ocrx_word' id='word_1_200' title='bbox 310 2012 611 2056; x_wconf 86' lang='lat' dir='ltr'>praestigiatores,</span> <span class='ocrx_word' id='word_1_201' title='bbox 640 2013 697 2046; x_wconf 89' lang='lat' dir='ltr'>vel</span> <span class='ocrx_word' id='word_1_202' title='bbox 714 2013 994 2047; x_wconf 83' lang='lat' dir='ltr'>calumniatores</span> <span class='ocrx_word' id='word_1_203' title='bbox 1014 2011 1069 2044; x_wconf 87' lang='lat' dir='ltr'>vel</span> <span class='ocrx_word' id='word_1_204' title='bbox 1089 2023 1147 2044; x_wconf 88' lang='lat' dir='ltr'>so-</span> 
     </span>
     <span class='ocr_line' id='line_1_34' title="bbox 146 2061 557 2111; baseline 0.002 -15"><span class='ocrx_word' id='word_1_205' title='bbox 146 2061 302 2108; x_wconf 88' lang='lat' dir='ltr'>phistas,</span> <span class='ocrx_word' id='word_1_206' title='bbox 328 2063 557 2111; x_wconf 79' lang='lat' dir='ltr'>impostores-</span> 
     </span>
    </p>
   </div>
   <div class='ocr_carea' id='block_1_17' title="bbox 140 2122 1143 2512">
    <p class='ocr_par' dir='ltr' id='par_1_18' title="bbox 248 2122 690 2169">
     <span class='ocr_line' id='line_1_35' title="bbox 248 2122 690 2169; baseline 0.007 -12"><span class='ocrx_word' id='word_1_207' title='bbox 248 2122 436 2157; x_wconf 89' lang='lat' dir='ltr'>Secundus</span> <span class='ocrx_word' id='word_1_208' title='bbox 454 2130 504 2158; x_wconf 93' lang='lat' dir='ltr'>est</span> <span class='ocrx_word' id='word_1_209' title='bbox 522 2123 690 2169; x_wconf 85' lang='lat' dir='ltr'>precatio.</span> 
     </span>
    </p>

    <p class='ocr_par' dir='ltr' id='par_1_19' title="bbox 247 2179 992 2217">
     <span class='ocr_line' id='line_1_36' title="bbox 247 2179 992 2217; baseline 0.004 -3"><span class='ocrx_word' id='word_1_210' title='bbox 247 2179 393 2215; x_wconf 89' lang='lat' dir='ltr'>Tertius</span> <span class='ocrx_word' id='word_1_211' title='bbox 411 2194 479 2216; x_wconf 89' lang='lat' dir='ltr'>vox</span> <span class='ocrx_word' id='word_1_212' title='bbox 495 2184 740 2217; x_wconf 88' lang='lat' dir='ltr'>condemnans</span> <span class='ocrx_word' id='word_1_213' title='bbox 758 2182 992 2217; x_wconf 80' lang='lat' dir='ltr'>adversarios.</span> 
     </span>
    </p>

    <p class='ocr_par' dir='ltr' id='par_1_20' title="bbox 249 2239 874 2288">
     <span class='ocr_line' id='line_1_37' title="bbox 249 2239 874 2288; baseline 0.002 -14"><span class='ocrx_word' id='word_1_214' title='bbox 249 2239 408 2284; x_wconf 84' lang='lat' dir='ltr'>Quartus</span> <span class='ocrx_word' id='word_1_215' title='bbox 423 2249 458 2275; x_wconf 90' lang='lat' dir='ltr'>et</span> <span class='ocrx_word' id='word_1_216' title='bbox 476 2242 623 2287; x_wconf 91' lang='lat' dir='ltr'>quintus</span> <span class='ocrx_word' id='word_1_217' title='bbox 639 2243 794 2288; x_wconf 89' lang='lat' dir='ltr'>precatio</span> <span class='ocrx_word' id='word_1_218' title='bbox 813 2249 874 2277; x_wconf 90' lang='lat' dir='ltr'>est.</span> 
     </span>
    </p>

    <p class='ocr_par' dir='ltr' id='par_1_21' title="bbox 143 2299 1005 2388">
     <span class='ocr_line' id='line_1_38' title="bbox 247 2299 1005 2337; baseline 0.003 -3"><span class='ocrx_word' id='word_1_219' title='bbox 247 2299 376 2335; x_wconf 83' lang='lat' dir='ltr'>Sextus</span> <span class='ocrx_word' id='word_1_220' title='bbox 402 2313 470 2335; x_wconf 85' lang='lat' dir='ltr'>vox</span> <span class='ocrx_word' id='word_1_221' title='bbox 495 2302 740 2337; x_wconf 87' lang='lat' dir='ltr'>condemnans</span> <span class='ocrx_word' id='word_1_222' title='bbox 767 2302 1005 2337; x_wconf 87' lang='lat' dir='ltr'>adversarios:</span> 
     </span>
     <span class='ocr_line' id='line_1_39' title="bbox 143 2352 484 2388; baseline 0 -1"><span class='ocrx_word' id='word_1_223' title='bbox 143 2352 260 2387; x_wconf 90' lang='lat' dir='ltr'>culcas</span> <span class='ocrx_word' id='word_1_224' title='bbox 277 2364 400 2387; x_wconf 89' lang='lat' dir='ltr'>omnes</span> <span class='ocrx_word' id='word_1_225' title='bbox 419 2360 484 2388; x_wconf 90' lang='lat' dir='ltr'>etc.</span> 
     </span>
    </p>

    <p class='ocr_par' dir='ltr' id='par_1_22' title="bbox 140 2409 1143 2512">
     <span class='ocr_line' id='line_1_40' title="bbox 245 2409 1143 2457; baseline 0.001 -11"><span class='ocrx_word' id='word_1_226' title='bbox 245 2411 444 2457; x_wconf 90' lang='lat' dir='ltr'>Septimus:</span> <span class='ocrx_word' id='word_1_227' title='bbox 477 2409 590 2448; x_wconf 80' lang='lat' dir='ltr'>Velut</span> <span class='ocrx_word' id='word_1_228' title='bbox 613 2424 777 2447; x_wconf 81' lang='lat' dir='ltr'>scoream</span> <span class='ocrx_word' id='word_1_229' title='bbox 803 2411 902 2447; x_wconf 78' lang='lat' dir='ltr'>deles</span> <span class='ocrx_word' id='word_1_230' title='bbox 925 2425 1049 2447; x_wconf 83' lang='lat' dir='ltr'>omnes</span> <span class='ocrx_word' id='word_1_231' title='bbox 1073 2414 1143 2447; x_wconf 91' lang='lat' dir='ltr'>im-</span> 
     </span>
     <span class='ocr_line' id='line_1_41' title="bbox 140 2461 1141 2512; baseline 0.002 -14"><span class='ocrx_word' id='word_1_232' title='bbox 140 2463 223 2512; x_wconf 85' lang='lat' dir='ltr'>pios·</span> <span class='ocrx_word' id='word_1_233' title='bbox 251 2461 294 2497; x_wconf 83' lang='lat' dir='ltr'>de</span> <span class='ocrx_word' id='word_1_234' title='bbox 320 2467 437 2503; x_wconf 84' lang='lat' dir='ltr'>terra,</span> <span class='ocrx_word' id='word_1_235' title='bbox 465 2464 570 2499; x_wconf 89' lang='lat' dir='ltr'>etiam</span> <span class='ocrx_word' id='word_1_236' title='bbox 588 2476 657 2498; x_wconf 87' lang='lat' dir='ltr'>vox</span> <span class='ocrx_word' id='word_1_237' title='bbox 681 2472 733 2500; x_wconf 86' lang='lat' dir='ltr'>est</span> <span class='ocrx_word' id='word_1_238' title='bbox 749 2466 993 2500; x_wconf 91' lang='lat' dir='ltr'>condemnans</span> <span class='ocrx_word' id='word_1_239' title='bbox 1013 2466 1141 2500; x_wconf 87' lang='lat' dir='ltr'>adver-</span> 
     </span>
    </p>
   </div>
   <div class='ocr_carea' id='block_1_18' title="bbox 141 2527 1142 2612">
    <p class='ocr_par' dir='ltr' id='par_1_23' title="bbox 141 2527 1142 2612">
     <span class='ocr_line' id='line_1_42' title="bbox 141 2527 262 2550; baseline 0 0"><span class='ocrx_word' id='word_1_240' title='bbox 141 2527 262 2550; x_wconf 83' lang='lat' dir='ltr'>sanos.</span> 
     </span>
     <span class='ocr_line' id='line_1_43' title="bbox 244 2564 1142 2612; baseline 0.003 -11"><span class='ocrx_word' id='word_1_241' title='bbox 244 2564 405 2601; x_wconf 88' lang='lat' dir='ltr'>Octavus</span> <span class='ocrx_word' id='word_1_242' title='bbox 425 2573 476 2600; x_wconf 89' lang='lat' dir='ltr'>est</span> <span class='ocrx_word' id='word_1_243' title='bbox 492 2567 687 2608; x_wconf 88' lang='lat' dir='ltr'>confessio,</span> <span class='ocrx_word' id='word_1_244' title='bbox 714 2568 811 2612; x_wconf 88' lang='lat' dir='ltr'>quod</span> <span class='ocrx_word' id='word_1_245' title='bbox 835 2580 910 2602; x_wconf 89' lang='lat' dir='ltr'>non</span> <span class='ocrx_word' id='word_1_246' title='bbox 936 2575 1142 2604; x_wconf 88' lang='lat' dir='ltr'>contemnat</span> 
     </span>
    </p>
   </div>
   <div class='ocr_carea' id='block_1_19' title="bbox 141 2616 1138 2717">
    <p class='ocr_par' dir='ltr' id='par_1_24' title="bbox 141 2616 1138 2717">
     <span class='ocr_line' id='line_1_44' title="bbox 141 2616 1138 2660; baseline 0.004 -8"><span class='ocrx_word' id='word_1_247' title='bbox 141 2617 316 2653; x_wconf 89' lang='lat' dir='ltr'>iudicium</span> <span class='ocrx_word' id='word_1_248' title='bbox 333 2616 423 2660; x_wconf 88' lang='lat' dir='ltr'>Dei,</span> <span class='ocrx_word' id='word_1_249' title='bbox 440 2617 530 2652; x_wconf 91' lang='lat' dir='ltr'>sicut</span> <span class='ocrx_word' id='word_1_250' title='bbox 546 2618 740 2652; x_wconf 84' lang='lat' dir='ltr'>adversarii</span> <span class='ocrx_word' id='word_1_251' title='bbox 758 2625 1010 2655; x_wconf 89' lang='lat' dir='ltr'>contemnunt:</span> <span class='ocrx_word' id='word_1_252' title='bbox 1039 2617 1138 2656; x_wconf 86' lang='lat' dir='ltr'>Con-</span> 
     </span>
     <span class='ocr_line' id='line_1_45' title="bbox 144 2668 914 2717; baseline 0.003 -13"><span class='ocrx_word' id='word_1_253' title='bbox 144 2673 312 2704; x_wconf 78' lang='lat' dir='ltr'>sternata</span> <span class='ocrx_word' id='word_1_254' title='bbox 327 2673 379 2704; x_wconf 80' lang='lat' dir='ltr'>est</span> <span class='ocrx_word' id='word_1_255' title='bbox 398 2681 484 2705; x_wconf 82' lang='lat' dir='ltr'>caro</span> <span class='ocrx_word' id='word_1_256' title='bbox 500 2680 581 2704; x_wconf 86' lang='lat' dir='ltr'>mea</span> <span class='ocrx_word' id='word_1_257' title='bbox 597 2680 688 2717; x_wconf 86' lang='lat' dir='ltr'>prae</span> <span class='ocrx_word' id='word_1_258' title='bbox 704 2668 833 2704; x_wconf 80' lang='lat' dir='ltr'>timore</span> <span class='ocrx_word' id='word_1_259' title='bbox 846 2669 914 2707; x_wconf 79' lang='lat' dir='ltr'>tui.</span> 
     </span>
    </p>
   </div>
   <div class='ocr_carea' id='block_1_20' title="bbox 1045 2302 1144 2336">
    <p class='ocr_par' dir='ltr' id='par_1_25' title="bbox 1045 2302 1144 2336">
     <span class='ocr_line' id='line_1_46' title="bbox 1045 2302 1144 2336; baseline -0.01 0"><span class='ocrx_word' id='word_1_260' title='bbox 1045 2302 1144 2336; x_wconf 88' lang='lat' dir='ltr'>Con-</span> 
     </span>
    </p>
   </div>
   <div class='ocr_carea' id='block_1_21' title="bbox 687 1259 1310 1344">
    <p class='ocr_par' dir='ltr' id='par_1_26' title="bbox 687 1259 1310 1344">
     <span class='ocr_line' id='line_1_47' title="bbox 687 1259 1179 1306; baseline 0 -13"><span class='ocrx_word' id='word_1_261' title='bbox 687 1259 762 1294; x_wconf 89' lang='lat' dir='ltr'>Hos</span> <span class='ocrx_word' id='word_1_262' title='bbox 793 1261 909 1294; x_wconf 86' lang='lat' dir='ltr'>cultus</span> <span class='ocrx_word' id='word_1_263' title='bbox 933 1261 1038 1294; x_wconf 80' lang='lat' dir='ltr'>offert</span> <span class='ocrx_word' id='word_1_264' title='bbox 1064 1259 1152 1298; x_wconf 88' lang='lat' dir='ltr'>Deo,</span> <span class='ocrx_word' id='word_1_265' title='bbox 1178 1290 1179 1306; x_wconf 37' lang='lat'>3</span> 
     </span>
     <span class='ocr_line' id='line_1_48' title="bbox 1207 1318 1310 1344; baseline -0.01 0"><span class='ocrx_word' id='word_1_266' title='bbox 1207 1318 1310 1344; x_wconf 87' lang='lat' dir='ltr'>strae.</span> 
     </span>
    </p>
   </div>
   <div class='ocr_carea' id='block_1_22' title="bbox 784 85 1631 126">
    <p class='ocr_par' dir='ltr' id='par_1_27' title="bbox 784 85 1631 126">
     <span class='ocr_line' id='line_1_49' title="bbox 784 85 1631 126; baseline 0.001 -2"><span class='ocrx_word' id='word_1_267' title='bbox 784 89 847 126; x_wconf 92' lang='lat' dir='ltr'>IX.</span> <span class='ocrx_word' id='word_1_268' title='bbox 900 86 1269 126; x_wconf 87' lang='lat' dir='ltr'>COMMENTARII</span> <span class='ocrx_word' id='word_1_269' title='bbox 1304 86 1355 122; x_wconf 91' lang='lat' dir='ltr'>IN</span> <span class='ocrx_word' id='word_1_270' title='bbox 1387 85 1631 125; x_wconf 87' lang='lat' dir='ltr'>PSALMOS.</span> 
     </span>
    </p>
   </div>
   <div class='ocr_carea' id='block_1_23' title="bbox 1170 177 1191 2164">
    <p class='ocr_par' dir='ltr' id='par_1_28' title="bbox 1170 177 1191 2164">
     <span class='ocr_line' id='line_1_50' title="bbox 1170 177 1191 2164; baseline 0 0"><span class='ocrx_word' id='word_1_271' title='bbox 1170 177 1191 2164; x_wconf 95' lang='lat' dir='ltr'> </span> 
     </span>
    </p>
   </div>
   <div class='ocr_carea' id='block_1_24' title="bbox 1655 89 2215 214">
    <p class='ocr_par' dir='ltr' id='par_1_29' title="bbox 1655 89 2215 214">
     <span class='ocr_line' id='line_1_51' title="bbox 2119 89 2215 125; baseline 0.01 -1"><span class='ocrx_word' id='word_1_272' title='bbox 2119 89 2215 125; x_wconf 88' lang='grc'>1198</span> 
     </span>
     <span class='ocr_line' id='line_1_52' title="bbox 1655 172 1790 214; baseline 0 -7"><span class='ocrx_word' id='word_1_273' title='bbox 1655 182 1680 214; x_wconf 75' lang='lat'>35</span> <span class='ocrx_word' id='word_1_274' title='bbox 1704 172 1790 208; x_wconf 86' lang='lat' dir='ltr'>Ain.</span> 
     </span>
    </p>
   </div>
   <div class='ocr_carea' id='block_1_25' title="bbox 1268 240 2211 329">
    <p class='ocr_par' dir='ltr' id='par_1_30' title="bbox 1268 240 2211 329">
     <span class='ocr_line' id='line_1_53' title="bbox 1268 240 2211 289; baseline 0.004 -14"><span class='ocrx_word' id='word_1_275' title='bbox 1268 243 1358 276; x_wconf 80' lang='lat' dir='ltr'>Feci</span> <span class='ocrx_word' id='word_1_276' title='bbox 1382 240 1563 276; x_wconf 75' lang='lat' dir='ltr'>iudicium</span> <span class='ocrx_word' id='word_1_277' title='bbox 1595 246 1634 276; x_wconf 87' lang='lat' dir='ltr'>et</span> <span class='ocrx_word' id='word_1_278' title='bbox 1654 244 1873 287; x_wconf 76' lang='lat' dir='ltr'>iusticiam,</span> <span class='ocrx_word' id='word_1_279' title='bbox 1908 254 1983 278; x_wconf 84' lang='lat' dir='ltr'>non</span> <span class='ocrx_word' id='word_1_280' title='bbox 2010 246 2211 289; x_wconf 79' lang='lat' dir='ltr'>permittas</span> 
     </span>
     <span class='ocr_line' id='line_1_54' title="bbox 1268 292 1758 329; baseline 0.004 -2"><span class='ocrx_word' id='word_1_281' title='bbox 1268 304 1327 328; x_wconf 82' lang='lat' dir='ltr'>me</span> <span class='ocrx_word' id='word_1_282' title='bbox 1345 292 1671 328; x_wconf 79' lang='lat' dir='ltr'>calumniantibus</span> <span class='ocrx_word' id='word_1_283' title='bbox 1688 305 1758 329; x_wconf 87' lang='lat' dir='ltr'>me.</span> 
     </span>
    </p>
   </div>
   <div class='ocr_carea' id='block_1_26' title="bbox 1214 369 2210 670">
    <p class='ocr_par' dir='ltr' id='par_1_31' title="bbox 1214 369 2210 670">
     <span class='ocr_line' id='line_1_55' title="bbox 1319 369 2209 416; baseline 0.003 -14"><span class='ocrx_word' id='word_1_284' title='bbox 1319 369 1461 403; x_wconf 90' lang='lat' dir='ltr'>Primus</span> <span class='ocrx_word' id='word_1_285' title='bbox 1478 382 1598 404; x_wconf 91' lang='lat' dir='ltr'>versus</span> <span class='ocrx_word' id='word_1_286' title='bbox 1617 371 1770 416; x_wconf 91' lang='lat' dir='ltr'>precatio</span> <span class='ocrx_word' id='word_1_287' title='bbox 1789 378 1821 406; x_wconf 93' lang='lat' dir='ltr'>et</span> <span class='ocrx_word' id='word_1_288' title='bbox 1840 372 2014 407; x_wconf 87' lang='lat' dir='ltr'>confessio</span> <span class='ocrx_word' id='word_1_289' title='bbox 2031 379 2098 407; x_wconf 87' lang='lat' dir='ltr'>est:</span> <span class='ocrx_word' id='word_1_290' title='bbox 2126 369 2209 406; x_wconf 80' lang='lat' dir='ltr'>Fa-</span> 
     </span>
     <span class='ocr_line' id='line_1_56' title="bbox 1217 418 2210 468; baseline 0.003 -13"><span class='ocrx_word' id='word_1_291' title='bbox 1217 420 1271 455; x_wconf 85' lang='lat' dir='ltr'>cio</span> <span class='ocrx_word' id='word_1_292' title='bbox 1297 418 1353 454; x_wconf 68' lang='lat' dir='ltr'>cel</span> <span class='ocrx_word' id='word_1_293' title='bbox 1367 419 1447 468; x_wconf 82' lang='lat' dir='ltr'>feci</span> <span class='ocrx_word' id='word_1_294' title='bbox 1471 418 1647 455; x_wconf 79' lang='lat' dir='ltr'>iudicium</span> <span class='ocrx_word' id='word_1_295' title='bbox 1672 426 1702 455; x_wconf 77' lang='lat' dir='ltr'>el</span> <span class='ocrx_word' id='word_1_296' title='bbox 1721 421 1925 463; x_wconf 81' lang='lat' dir='ltr'>iusticiam,</span> <span class='ocrx_word' id='word_1_297' title='bbox 1952 424 2104 458; x_wconf 88' lang='lat' dir='ltr'>affirmat</span> <span class='ocrx_word' id='word_1_298' title='bbox 2128 436 2210 458; x_wconf 84' lang='lat' dir='ltr'>cau-</span> 
     </span>
     <span class='ocr_line' id='line_1_57' title="bbox 1216 473 2209 519; baseline 0.003 -14"><span class='ocrx_word' id='word_1_299' title='bbox 1216 484 1289 506; x_wconf 88' lang='lat' dir='ltr'>sam</span> <span class='ocrx_word' id='word_1_300' title='bbox 1308 484 1379 505; x_wconf 88' lang='lat' dir='ltr'>esse</span> <span class='ocrx_word' id='word_1_301' title='bbox 1396 473 1534 514; x_wconf 81' lang='lat' dir='ltr'>iustam,</span> <span class='ocrx_word' id='word_1_302' title='bbox 1551 485 1624 506; x_wconf 92' lang='lat' dir='ltr'>non</span> <span class='ocrx_word' id='word_1_303' title='bbox 1639 473 1799 519; x_wconf 89' lang='lat' dir='ltr'>loquitur</span> <span class='ocrx_word' id='word_1_304' title='bbox 1813 476 1855 507; x_wconf 90' lang='lat' dir='ltr'>de</span> <span class='ocrx_word' id='word_1_305' title='bbox 1873 476 2011 509; x_wconf 86' lang='lat' dir='ltr'>iusticia</span> <span class='ocrx_word' id='word_1_306' title='bbox 2028 487 2209 519; x_wconf 88' lang='lat' dir='ltr'>personae,</span> 
     </span>
     <span class='ocr_line' id='line_1_58' title="bbox 1216 523 2208 570; baseline 0.004 -13"><span class='ocrx_word' id='word_1_307' title='bbox 1216 531 1249 557; x_wconf 91' lang='lat' dir='ltr'>et</span> <span class='ocrx_word' id='word_1_308' title='bbox 1266 523 1516 558; x_wconf 87' lang='lat' dir='ltr'>universaliter</span> <span class='ocrx_word' id='word_1_309' title='bbox 1532 536 1655 558; x_wconf 79' lang='lat' dir='ltr'>verum</span> <span class='ocrx_word' id='word_1_310' title='bbox 1674 531 1742 566; x_wconf 84' lang='lat' dir='ltr'>est,</span> <span class='ocrx_word' id='word_1_311' title='bbox 1769 525 1922 569; x_wconf 88' lang='lat' dir='ltr'>primum</span> <span class='ocrx_word' id='word_1_312' title='bbox 1949 534 2111 570; x_wconf 83' lang='lat' dir='ltr'>oportere</span> <span class='ocrx_word' id='word_1_313' title='bbox 2138 534 2208 560; x_wconf 85' lang='lat' dir='ltr'>sta-</span> 
     </span>
     <span class='ocr_line' id='line_1_59' title="bbox 1215 575 2208 621; baseline 0.002 -13"><span class='ocrx_word' id='word_1_314' title='bbox 1215 582 1314 609; x_wconf 88' lang='lat' dir='ltr'>tuere</span> <span class='ocrx_word' id='word_1_315' title='bbox 1333 586 1518 619; x_wconf 81' lang='lat' dir='ltr'>personam</span> <span class='ocrx_word' id='word_1_316' title='bbox 1536 575 1664 609; x_wconf 84' lang='lat' dir='ltr'>iustam</span> <span class='ocrx_word' id='word_1_317' title='bbox 1688 587 1761 609; x_wconf 89' lang='lat' dir='ltr'>esse</span> <span class='ocrx_word' id='word_1_318' title='bbox 1773 603 1782 616; x_wconf 91' lang='lat'><strong>‚</strong></span> <span class='ocrx_word' id='word_1_319' title='bbox 1808 584 1956 621; x_wconf 88' lang='lat' dir='ltr'>propter</span> <span class='ocrx_word' id='word_1_320' title='bbox 1972 577 2208 612; x_wconf 85' lang='lat' dir='ltr'>Mediatorem</span> 
     </span>
     <span class='ocr_line' id='line_1_60' title="bbox 1214 626 2206 670; baseline 0.003 -11"><span class='ocrx_word' id='word_1_321' title='bbox 1214 627 1282 659; x_wconf 89' lang='lat' dir='ltr'>fide</span> <span class='ocrx_word' id='word_1_322' title='bbox 1307 626 1433 669; x_wconf 83' lang='lat' dir='ltr'>gratis,</span> <span class='ocrx_word' id='word_1_323' title='bbox 1462 638 1524 670; x_wconf 89' lang='lat' dir='ltr'>per</span> <span class='ocrx_word' id='word_1_324' title='bbox 1541 627 1843 669; x_wconf 85' lang='lat' dir='ltr'>misericordiam,</span> <span class='ocrx_word' id='word_1_325' title='bbox 1871 628 1966 662; x_wconf 58' lang='lat' dir='ltr'>imita</span> <span class='ocrx_word' id='word_1_326' title='bbox 1985 629 2092 662; x_wconf 91' lang='lat' dir='ltr'>illud:</span> <span class='ocrx_word' id='word_1_327' title='bbox 2123 626 2206 662; x_wconf 78' lang='lat' dir='ltr'>Non</span> 
     </span>
    </p>
   </div>
   <div class='ocr_carea' id='block_1_27' title="bbox 1183 677 2207 721">
    <p class='ocr_par' dir='ltr' id='par_1_32' title="bbox 1183 677 2207 721">
     <span class='ocr_line' id='line_1_61' title="bbox 1183 677 2207 721; baseline 0.003 -11"><span class='ocrx_word' id='word_1_328' title='bbox 1183 684 1184 687; x_wconf 79' lang='grc'>’</span> <span class='ocrx_word' id='word_1_329' title='bbox 1213 678 1462 712; x_wconf 86' lang='lat' dir='ltr'>iustificabitur</span> <span class='ocrx_word' id='word_1_330' title='bbox 1488 677 1526 710; x_wconf 88' lang='lat' dir='ltr'>in</span> <span class='ocrx_word' id='word_1_331' title='bbox 1550 685 1738 721; x_wconf 89' lang='lat' dir='ltr'>conspectu</span> <span class='ocrx_word' id='word_1_332' title='bbox 1766 685 1827 712; x_wconf 91' lang='lat' dir='ltr'>tuo</span> <span class='ocrx_word' id='word_1_333' title='bbox 1845 679 1960 712; x_wconf 90' lang='lat' dir='ltr'>omnis</span> <span class='ocrx_word' id='word_1_334' title='bbox 1977 680 2118 720; x_wconf 88' lang='lat' dir='ltr'>vivens,</span> <span class='ocrx_word' id='word_1_335' title='bbox 2147 681 2207 713; x_wconf 90' lang='lat' dir='ltr'>sed</span> 
     </span>
    </p>
   </div>
   <div class='ocr_carea' id='block_1_28' title="bbox 1211 726 2208 984">
    <p class='ocr_par' dir='ltr' id='par_1_33' title="bbox 1211 726 2208 984">
     <span class='ocr_line' id='line_1_62' title="bbox 1213 726 2206 775; baseline 0 -13"><span class='ocrx_word' id='word_1_336' title='bbox 1213 729 1393 763; x_wconf 83' lang='lat' dir='ltr'>iustificati</span> <span class='ocrx_word' id='word_1_337' title='bbox 1427 729 1495 762; x_wconf 84' lang='lat' dir='ltr'>fide</span> <span class='ocrx_word' id='word_1_338' title='bbox 1529 741 1649 773; x_wconf 90' lang='lat' dir='ltr'>pacem</span> <span class='ocrx_word' id='word_1_339' title='bbox 1677 726 1847 763; x_wconf 81' lang='lat' dir='ltr'>habemus</span> <span class='ocrx_word' id='word_1_340' title='bbox 1859 754 1868 768; x_wconf 93' lang='lat'>,</span> <span class='ocrx_word' id='word_1_341' title='bbox 1904 742 1994 775; x_wconf 90' lang='lat' dir='ltr'>quae</span> <span class='ocrx_word' id='word_1_342' title='bbox 2025 731 2116 764; x_wconf 87' lang='lat' dir='ltr'>dicta</span> <span class='ocrx_word' id='word_1_343' title='bbox 2152 731 2206 763; x_wconf 87' lang='lat' dir='ltr'>lo-</span> 
     </span>
     <span class='ocr_line' id='line_1_63' title="bbox 1213 780 2208 828; baseline -0.001 -14"><span class='ocrx_word' id='word_1_344' title='bbox 1213 788 1374 826; x_wconf 90' lang='lat' dir='ltr'>quuntur</span> <span class='ocrx_word' id='word_1_345' title='bbox 1393 781 1436 813; x_wconf 93' lang='lat' dir='ltr'>de</span> <span class='ocrx_word' id='word_1_346' title='bbox 1452 780 1590 814; x_wconf 89' lang='lat' dir='ltr'>iusticia</span> <span class='ocrx_word' id='word_1_347' title='bbox 1604 791 1788 828; x_wconf 85' lang='lat' dir='ltr'>personae.</span> <span class='ocrx_word' id='word_1_348' title='bbox 1832 780 1949 814; x_wconf 90' lang='lat' dir='ltr'>Simul</span> <span class='ocrx_word' id='word_1_349' title='bbox 1968 788 2083 815; x_wconf 88' lang='lat' dir='ltr'>autem</span> <span class='ocrx_word' id='word_1_350' title='bbox 2101 793 2208 825; x_wconf 90' lang='lat' dir='ltr'>opor-</span> 
     </span>
     <span class='ocr_line' id='line_1_64' title="bbox 1212 831 2207 873; baseline -0.001 -7"><span class='ocrx_word' id='word_1_351' title='bbox 1212 838 1262 866; x_wconf 87' lang='lat' dir='ltr'>tet</span> <span class='ocrx_word' id='word_1_352' title='bbox 1278 844 1350 865; x_wconf 90' lang='lat' dir='ltr'>esse</span> <span class='ocrx_word' id='word_1_353' title='bbox 1370 831 1546 866; x_wconf 88' lang='lat' dir='ltr'>iusticiam</span> <span class='ocrx_word' id='word_1_354' title='bbox 1571 832 1684 865; x_wconf 90' lang='lat' dir='ltr'>bonae</span> <span class='ocrx_word' id='word_1_355' title='bbox 1709 832 1946 865; x_wconf 89' lang='lat' dir='ltr'>conscientiae</span> <span class='ocrx_word' id='word_1_356' title='bbox 1963 832 2001 865; x_wconf 90' lang='lat' dir='ltr'>in</span> <span class='ocrx_word' id='word_1_357' title='bbox 2018 833 2142 873; x_wconf 83' lang='lat' dir='ltr'>nobis,</span> <span class='ocrx_word' id='word_1_358' title='bbox 2170 832 2207 865; x_wconf 94' lang='lat' dir='ltr'>id</span> 
     </span>
     <span class='ocr_line' id='line_1_65' title="bbox 1212 882 2208 930; baseline 0 -14"><span class='ocrx_word' id='word_1_359' title='bbox 1212 890 1280 923; x_wconf 90' lang='lat' dir='ltr'>est,</span> <span class='ocrx_word' id='word_1_360' title='bbox 1305 883 1441 916; x_wconf 91' lang='lat' dir='ltr'>bonum</span> <span class='ocrx_word' id='word_1_361' title='bbox 1459 883 1695 930; x_wconf 86' lang='lat' dir='ltr'>propositum.</span> <span class='ocrx_word' id='word_1_362' title='bbox 1733 882 1790 916; x_wconf 86' lang='lat' dir='ltr'>Ad</span> <span class='ocrx_word' id='word_1_363' title='bbox 1807 883 1842 916; x_wconf 91' lang='lat' dir='ltr'>id</span> <span class='ocrx_word' id='word_1_364' title='bbox 1862 883 2016 927; x_wconf 88' lang='lat' dir='ltr'>pertinet</span> <span class='ocrx_word' id='word_1_365' title='bbox 2031 882 2098 917; x_wconf 85' lang='lat' dir='ltr'>hoe</span> <span class='ocrx_word' id='word_1_366' title='bbox 2118 895 2208 929; x_wconf 88' lang='lat' dir='ltr'>quo-</span> 
     </span>
     <span class='ocr_line' id='line_1_66' title="bbox 1211 934 2177 984; baseline -0.001 -16"><span class='ocrx_word' id='word_1_367' title='bbox 1211 947 1279 980; x_wconf 91' lang='lat' dir='ltr'>que</span> <span class='ocrx_word' id='word_1_368' title='bbox 1297 947 1523 980; x_wconf 88' lang='lat' dir='ltr'>nequaquam</span> <span class='ocrx_word' id='word_1_369' title='bbox 1541 934 1632 967; x_wconf 77' lang='lat' dir='ltr'>velle</span> <span class='ocrx_word' id='word_1_370' title='bbox 1648 935 1839 968; x_wconf 88' lang='lat' dir='ltr'>defendere</span> <span class='ocrx_word' id='word_1_371' title='bbox 1854 935 1959 968; x_wconf 84' lang='lat' dir='ltr'>falsas</span> <span class='ocrx_word' id='word_1_372' title='bbox 1976 935 2177 984; x_wconf 85' lang='lat' dir='ltr'>opiniones.</span> 
     </span>
    </p>
   </div>
   <div class='ocr_carea' id='block_1_29' title="bbox 1313 999 2206 1046">
    <p class='ocr_par' dir='ltr' id='par_1_34' title="bbox 1313 999 2206 1046">
     <span class='ocr_line' id='line_1_67' title="bbox 1313 999 2206 1046; baseline -0.002 -10"><span class='ocrx_word' id='word_1_373' title='bbox 1313 1002 1365 1036; x_wconf 81' lang='lat' dir='ltr'>Ac</span> <span class='ocrx_word' id='word_1_374' title='bbox 1399 999 1537 1046; x_wconf 90' lang='lat' dir='ltr'>phrasis</span> <span class='ocrx_word' id='word_1_375' title='bbox 1570 1002 1830 1036; x_wconf 81' lang='lat' dir='ltr'>consideretur:</span> <span class='ocrx_word' id='word_1_376' title='bbox 1871 999 1992 1036; x_wconf 84' lang='lat' dir='ltr'>Facio</span> <span class='ocrx_word' id='word_1_377' title='bbox 2017 1000 2206 1041; x_wconf 83' lang='lat' dir='ltr'>iudicium,</span> 
     </span>
    </p>
   </div>
   <div class='ocr_carea' id='block_1_30' title="bbox 1179 1050 2206 1096">
    <p class='ocr_par' dir='ltr' id='par_1_35' title="bbox 1179 1050 2206 1096">
     <span class='ocr_line' id='line_1_68' title="bbox 1179 1050 2206 1096; baseline -0.002 -9"><span class='ocrx_word' id='word_1_378' title='bbox 1179 1053 1181 1056; x_wconf 80' lang='lat'>&#39;</span> <span class='ocrx_word' id='word_1_379' title='bbox 1210 1054 1247 1087; x_wconf 90' lang='lat' dir='ltr'>id</span> <span class='ocrx_word' id='word_1_380' title='bbox 1264 1060 1332 1094; x_wconf 86' lang='lat' dir='ltr'>est,</span> <span class='ocrx_word' id='word_1_381' title='bbox 1361 1054 1493 1086; x_wconf 88' lang='lat' dir='ltr'>damno</span> <span class='ocrx_word' id='word_1_382' title='bbox 1518 1060 1550 1087; x_wconf 90' lang='lat' dir='ltr'>et</span> <span class='ocrx_word' id='word_1_383' title='bbox 1564 1053 1660 1096; x_wconf 86' lang='lat' dir='ltr'>fugio</span> <span class='ocrx_word' id='word_1_384' title='bbox 1680 1053 1834 1096; x_wconf 88' lang='lat' dir='ltr'>iniusta,</span> <span class='ocrx_word' id='word_1_385' title='bbox 1862 1050 1983 1087; x_wconf 83' lang='lat' dir='ltr'>Facio</span> <span class='ocrx_word' id='word_1_386' title='bbox 2007 1052 2206 1093; x_wconf 78' lang='lat' dir='ltr'>iusticiam,</span> 
     </span>
    </p>
   </div>
   <div class='ocr_carea' id='block_1_31' title="bbox 258 1103 2208 1151">
    <p class='ocr_par' dir='ltr' id='par_1_36' title="bbox 258 1103 2208 1151">
     <span class='ocr_line' id='line_1_69' title="bbox 258 1103 2208 1151; baseline -0.002 -11"><span class='ocrx_word' id='word_1_387' title='bbox 258 1104 417 1149; x_wconf 87' lang='lat' dir='ltr'>Quartus</span> <span class='ocrx_word' id='word_1_388' title='bbox 433 1106 605 1151; x_wconf 88' lang='lat' dir='ltr'>precatio:</span> <span class='ocrx_word' id='word_1_389' title='bbox 636 1103 870 1140; x_wconf 81' lang='lat' dir='ltr'>Voluntaria</span> <span class='ocrx_word' id='word_1_390' title='bbox 888 1105 963 1140; x_wconf 81' lang='lat' dir='ltr'>oris</span> <span class='ocrx_word' id='word_1_391' title='bbox 981 1105 1054 1139; x_wconf 82' lang='lat' dir='ltr'>mei</span> <span class='ocrx_word' id='word_1_392' title='bbox 1069 1104 1154 1139; x_wconf 82' lang='lat' dir='ltr'>bene</span> <span class='ocrx_word' id='word_1_393' title='bbox 1178 1109 1180 1131; x_wconf 71' lang='grc' dir='ltr'>ἱ</span> <span class='ocrx_word' id='word_1_394' title='bbox 1209 1106 1246 1139; x_wconf 90' lang='lat' dir='ltr'>id</span> <span class='ocrx_word' id='word_1_395' title='bbox 1270 1112 1320 1138; x_wconf 85' lang='lat' dir='ltr'>est</span> <span class='ocrx_word' id='word_1_396' title='bbox 1339 1105 1497 1149; x_wconf 87' lang='lat' dir='ltr'>approbo</span> <span class='ocrx_word' id='word_1_397' title='bbox 1524 1111 1557 1138; x_wconf 91' lang='lat' dir='ltr'>et</span> <span class='ocrx_word' id='word_1_398' title='bbox 1579 1105 1661 1137; x_wconf 85' lang='lat' dir='ltr'>volo</span> <span class='ocrx_word' id='word_1_399' title='bbox 1680 1105 1791 1145; x_wconf 85' lang='lat' dir='ltr'>iusta,</span> <span class='ocrx_word' id='word_1_400' title='bbox 1820 1105 1856 1138; x_wconf 92' lang='lat' dir='ltr'>id</span> <span class='ocrx_word' id='word_1_401' title='bbox 1875 1112 1946 1146; x_wconf 89' lang='lat' dir='ltr'>est,</span> <span class='ocrx_word' id='word_1_402' title='bbox 1973 1117 1992 1139; x_wconf 89' lang='lat' dir='ltr'>a</span> <span class='ocrx_word' id='word_1_403' title='bbox 2009 1103 2085 1139; x_wconf 91' lang='lat' dir='ltr'>Deo</span> <span class='ocrx_word' id='word_1_404' title='bbox 2105 1116 2208 1149; x_wconf 89' lang='lat' dir='ltr'>prae-</span> 
     </span>
    </p>
   </div>
   <div class='ocr_carea' id='block_1_32' title="bbox 1209 1155 2207 1447">
    <p class='ocr_par' dir='ltr' id='par_1_37' title="bbox 1209 1155 2207 1355">
     <span class='ocr_line' id='line_1_70' title="bbox 1209 1155 2206 1202; baseline -0.002 -12"><span class='ocrx_word' id='word_1_405' title='bbox 1209 1163 1327 1200; x_wconf 88' lang='lat' dir='ltr'>cepta,</span> <span class='ocrx_word' id='word_1_406' title='bbox 1353 1157 1400 1190; x_wconf 89' lang='lat' dir='ltr'>ita</span> <span class='ocrx_word' id='word_1_407' title='bbox 1419 1163 1453 1190; x_wconf 88' lang='lat' dir='ltr'>et</span> <span class='ocrx_word' id='word_1_408' title='bbox 1468 1157 1510 1189; x_wconf 86' lang='lat' dir='ltr'>dc</span> <span class='ocrx_word' id='word_1_409' title='bbox 1527 1155 1666 1189; x_wconf 85' lang='lat' dir='ltr'>iusticia</span> <span class='ocrx_word' id='word_1_410' title='bbox 1681 1167 1803 1189; x_wconf 87' lang='lat' dir='ltr'>causae</span> <span class='ocrx_word' id='word_1_411' title='bbox 1820 1156 1999 1202; x_wconf 87' lang='lat' dir='ltr'>loquitur,</span> <span class='ocrx_word' id='word_1_412' title='bbox 2026 1155 2133 1189; x_wconf 84' lang='lat' dir='ltr'>Facio</span> <span class='ocrx_word' id='word_1_413' title='bbox 2149 1155 2206 1189; x_wconf 90' lang='lat' dir='ltr'>iu-</span> 
     </span>
     <span class='ocr_line' id='line_1_71' title="bbox 1209 1205 2207 1248; baseline -0.002 -7"><span class='ocrx_word' id='word_1_414' title='bbox 1209 1208 1343 1241; x_wconf 88' lang='lat' dir='ltr'>dicium</span> <span class='ocrx_word' id='word_1_415' title='bbox 1367 1214 1400 1241; x_wconf 87' lang='lat' dir='ltr'>et</span> <span class='ocrx_word' id='word_1_416' title='bbox 1426 1207 1621 1248; x_wconf 79' lang='lat' dir='ltr'>iusticiam,</span> <span class='ocrx_word' id='word_1_417' title='bbox 1648 1206 1739 1241; x_wconf 82' lang='lat' dir='ltr'>sicut</span> <span class='ocrx_word' id='word_1_418' title='bbox 1764 1213 1796 1240; x_wconf 90' lang='lat' dir='ltr'>et</span> <span class='ocrx_word' id='word_1_419' title='bbox 1823 1206 1955 1241; x_wconf 89' lang='lat' dir='ltr'>Paulus</span> <span class='ocrx_word' id='word_1_420' title='bbox 1980 1207 2080 1241; x_wconf 81' lang='lat' dir='ltr'>dicit:</span> <span class='ocrx_word' id='word_1_421' title='bbox 2109 1205 2207 1240; x_wconf 82' lang='lat' dir='ltr'>Haec</span> 
     </span>
     <span class='ocr_line' id='line_1_72' title="bbox 1209 1258 2205 1302; baseline -0.002 -9"><span class='ocrx_word' id='word_1_422' title='bbox 1209 1266 1259 1293; x_wconf 90' lang='lat' dir='ltr'>est</span> <span class='ocrx_word' id='word_1_423' title='bbox 1284 1258 1450 1302; x_wconf 85' lang='lat' dir='ltr'>gloriatio</span> <span class='ocrx_word' id='word_1_424' title='bbox 1475 1265 1614 1297; x_wconf 87' lang='lat' dir='ltr'>nostra,</span> <span class='ocrx_word' id='word_1_425' title='bbox 1641 1258 1852 1302; x_wconf 85' lang='lat' dir='ltr'>approbatio</span> <span class='ocrx_word' id='word_1_426' title='bbox 1876 1258 2113 1292; x_wconf 87' lang='lat' dir='ltr'>conscientiae</span> <span class='ocrx_word' id='word_1_427' title='bbox 2138 1270 2205 1292; x_wconf 92' lang='lat' dir='ltr'>no—</span> 
     </span>
     <span class='ocr_line' id='line_1_73' title="bbox 1368 1309 2205 1355; baseline -0.001 -11"><span class='ocrx_word' id='word_1_428' title='bbox 1368 1310 1470 1344; x_wconf 87' lang='lat' dir='ltr'>ltem:</span> <span class='ocrx_word' id='word_1_429' title='bbox 1500 1309 1540 1344; x_wconf 89' lang='lat' dir='ltr'>Si</span> <span class='ocrx_word' id='word_1_430' title='bbox 1564 1310 1642 1355; x_wconf 88' lang='lat' dir='ltr'>quis</span> <span class='ocrx_word' id='word_1_431' title='bbox 1666 1309 1860 1353; x_wconf 83' lang='lat' dir='ltr'>gloriatur,</span> <span class='ocrx_word' id='word_1_432' title='bbox 1888 1310 1927 1342; x_wconf 90' lang='lat' dir='ltr'>in</span> <span class='ocrx_word' id='word_1_433' title='bbox 1943 1309 2102 1344; x_wconf 90' lang='lat' dir='ltr'>Domino</span> <span class='ocrx_word' id='word_1_434' title='bbox 2128 1310 2205 1353; x_wconf 86' lang='lat' dir='ltr'>glo-</span> 
     </span>
    </p>

    <p class='ocr_par' dir='ltr' id='par_1_38' title="bbox 1394 1360 2205 1447">
     <span class='ocr_line' id='line_1_74' title="bbox 1394 1360 2203 1407; baseline 0 -13"><span class='ocrx_word' id='word_1_435' title='bbox 1394 1360 1497 1395; x_wconf 88' lang='lat' dir='ltr'>ltem:</span> <span class='ocrx_word' id='word_1_436' title='bbox 1528 1360 1660 1394; x_wconf 89' lang='lat' dir='ltr'>Probet</span> <span class='ocrx_word' id='word_1_437' title='bbox 1691 1361 1938 1407; x_wconf 89' lang='lat' dir='ltr'>unusquisque</span> <span class='ocrx_word' id='word_1_438' title='bbox 1969 1373 2060 1405; x_wconf 90' lang='lat' dir='ltr'>opus</span> <span class='ocrx_word' id='word_1_439' title='bbox 2087 1372 2203 1394; x_wconf 89' lang='lat' dir='ltr'>suum.</span> 
     </span>
     <span class='ocr_line' id='line_1_75' title="bbox 1910 1410 2205 1447; baseline 0 -2"><span class='ocrx_word' id='word_1_440' title='bbox 1910 1410 1953 1445; x_wconf 90' lang='lat' dir='ltr'>In</span> <span class='ocrx_word' id='word_1_441' title='bbox 1978 1419 2075 1447; x_wconf 88' lang='lat' dir='ltr'>sexto</span> <span class='ocrx_word' id='word_1_442' title='bbox 2099 1422 2205 1445; x_wconf 89' lang='lat' dir='ltr'>versu</span> 
     </span>
    </p>
   </div>
   <div class='ocr_carea' id='block_1_33' title="bbox 1207 1362 1848 1456">
    <p class='ocr_par' dir='ltr' id='par_1_39' title="bbox 1207 1362 1848 1456">
     <span class='ocr_line' id='line_1_76' title="bbox 1207 1362 1330 1395; baseline 0.008 -1"><span class='ocrx_word' id='word_1_443' title='bbox 1207 1362 1330 1395; x_wconf 89' lang='lat' dir='ltr'>rietur.</span> 
     </span>
     <span class='ocr_line' id='line_1_77' title="bbox 1208 1412 1848 1456; baseline 0 -10"><span class='ocrx_word' id='word_1_444' title='bbox 1208 1413 1348 1446; x_wconf 88' lang='lat' dir='ltr'>Caeteri</span> <span class='ocrx_word' id='word_1_445' title='bbox 1372 1424 1493 1446; x_wconf 79' lang='lat' dir='ltr'>versus</span> <span class='ocrx_word' id='word_1_446' title='bbox 1512 1419 1595 1446; x_wconf 88' lang='lat' dir='ltr'>sunt</span> <span class='ocrx_word' id='word_1_447' title='bbox 1619 1412 1848 1456; x_wconf 80' lang='lat' dir='ltr'>precationes.</span> 
     </span>
    </p>
   </div>
   <div class='ocr_carea' id='block_1_34' title="bbox 1176 1460 2205 1509">
    <p class='ocr_par' dir='ltr' id='par_1_40' title="bbox 1176 1460 2205 1509">
     <span class='ocr_line' id='line_1_78' title="bbox 1176 1460 2205 1509; baseline -0.001 -12"><span class='ocrx_word' id='word_1_448' title='bbox 1176 1491 1177 1503; x_wconf 61' lang='grc'>,</span> <span class='ocrx_word' id='word_1_449' title='bbox 1207 1471 1258 1498; x_wconf 89' lang='lat' dir='ltr'>est</span> <span class='ocrx_word' id='word_1_450' title='bbox 1276 1460 1402 1502; x_wconf 71' lang='grc' dir='ltr'><em>πάθος</em></span> <span class='ocrx_word' id='word_1_451' title='bbox 1426 1464 1469 1497; x_wconf 86' lang='lat' dir='ltr'>de</span> <span class='ocrx_word' id='word_1_452' title='bbox 1492 1475 1611 1503; x_wconf 88' lang='lat' dir='ltr'>mora,</span> <span class='ocrx_word' id='word_1_453' title='bbox 1641 1463 1742 1508; x_wconf 87' lang='lat' dir='ltr'>quasi</span> <span class='ocrx_word' id='word_1_454' title='bbox 1767 1464 1879 1504; x_wconf 91' lang='lat' dir='ltr'>dicat,</span> <span class='ocrx_word' id='word_1_455' title='bbox 1907 1475 2038 1509; x_wconf 90' lang='lat' dir='ltr'>quaeso</span> <span class='ocrx_word' id='word_1_456' title='bbox 2061 1475 2106 1496; x_wconf 92' lang='lat' dir='ltr'>ne</span> <span class='ocrx_word' id='word_1_457' title='bbox 2122 1463 2205 1497; x_wconf 84' lang='lat' dir='ltr'>diu-</span> 
     </span>
    </p>
   </div>
   <div class='ocr_carea' id='block_1_35' title="bbox 1206 1514 2206 1559">
    <p class='ocr_par' dir='ltr' id='par_1_41' title="bbox 1206 1514 2206 1559">
     <span class='ocr_line' id='line_1_79' title="bbox 1206 1514 2206 1559; baseline -0.002 -10"><span class='ocrx_word' id='word_1_458' title='bbox 1206 1516 1276 1549; x_wconf 83' lang='lat' dir='ltr'>tius</span> <span class='ocrx_word' id='word_1_459' title='bbox 1306 1515 1450 1548; x_wconf 86' lang='lat' dir='ltr'>differas</span> <span class='ocrx_word' id='word_1_460' title='bbox 1481 1514 1675 1558; x_wconf 85' lang='lat' dir='ltr'>auxilium,</span> <span class='ocrx_word' id='word_1_461' title='bbox 1720 1515 1789 1549; x_wconf 88' lang='lat' dir='ltr'>nisi</span> <span class='ocrx_word' id='word_1_462' title='bbox 1820 1514 1940 1549; x_wconf 88' lang='lat' dir='ltr'>statim</span> <span class='ocrx_word' id='word_1_463' title='bbox 1970 1515 2060 1549; x_wconf 88' lang='lat' dir='ltr'>feres</span> <span class='ocrx_word' id='word_1_464' title='bbox 2090 1525 2206 1559; x_wconf 90' lang='lat' dir='ltr'>opem,</span> 
     </span>
    </p>
   </div>
   <div class='ocr_carea' id='block_1_36' title="bbox 1654 1649 1764 1687">
    <p class='ocr_par' dir='ltr' id='par_1_42' title="bbox 1654 1649 1764 1687">
     <span class='ocr_line' id='line_1_80' title="bbox 1654 1649 1764 1687; baseline 0.009 -4"><span class='ocrx_word' id='word_1_465' title='bbox 1654 1656 1674 1687; x_wconf 75' lang='grc' dir='ltr'>Ξ</span> <span class='ocrx_word' id='word_1_466' title='bbox 1704 1649 1764 1684; x_wconf 83' lang='lat' dir='ltr'>Pe.</span> 
     </span>
    </p>
   </div>
   <div class='ocr_carea' id='block_1_37' title="bbox 1255 1716 2203 1805">
    <p class='ocr_par' dir='ltr' id='par_1_43' title="bbox 1255 1716 2203 1805">
     <span class='ocr_line' id='line_1_81' title="bbox 1255 1716 2203 1759; baseline 0.001 -6"><span class='ocrx_word' id='word_1_467' title='bbox 1255 1717 1456 1753; x_wconf 79' lang='lat' dir='ltr'>Mirabilia</span> <span class='ocrx_word' id='word_1_468' title='bbox 1480 1719 1703 1752; x_wconf 78' lang='lat' dir='ltr'>testimonia</span> <span class='ocrx_word' id='word_1_469' title='bbox 1727 1721 1816 1759; x_wconf 85' lang='lat' dir='ltr'>tua,</span> <span class='ocrx_word' id='word_1_470' title='bbox 1852 1716 1940 1753; x_wconf 87' lang='lat' dir='ltr'>ideo</span> <span class='ocrx_word' id='word_1_471' title='bbox 1961 1720 2127 1754; x_wconf 76' lang='lat' dir='ltr'>servavit</span> <span class='ocrx_word' id='word_1_472' title='bbox 2158 1729 2203 1754; x_wconf 86' lang='lat' dir='ltr'>ea</span> 
     </span>
     <span class='ocr_line' id='line_1_82' title="bbox 1255 1780 1506 1805; baseline -0.004 0"><span class='ocrx_word' id='word_1_473' title='bbox 1255 1781 1388 1805; x_wconf 76' lang='lat' dir='ltr'>anema</span> <span class='ocrx_word' id='word_1_474' title='bbox 1406 1780 1506 1805; x_wconf 87' lang='lat' dir='ltr'>mea.</span> 
     </span>
    </p>
   </div>
   <div class='ocr_carea' id='block_1_38' title="bbox 1306 1843 2202 1892">
    <p class='ocr_par' dir='ltr' id='par_1_44' title="bbox 1306 1843 2202 1892">
     <span class='ocr_line' id='line_1_83' title="bbox 1306 1843 2202 1892; baseline 0.002 -12"><span class='ocrx_word' id='word_1_475' title='bbox 1306 1846 1448 1880; x_wconf 90' lang='lat' dir='ltr'>Primus</span> <span class='ocrx_word' id='word_1_476' title='bbox 1460 1857 1581 1880; x_wconf 82' lang='lat' dir='ltr'>versus</span> <span class='ocrx_word' id='word_1_477' title='bbox 1592 1845 1778 1890; x_wconf 88' lang='lat' dir='ltr'>oppositus</span> <span class='ocrx_word' id='word_1_478' title='bbox 1797 1852 1847 1880; x_wconf 90' lang='lat' dir='ltr'>est</span> <span class='ocrx_word' id='word_1_479' title='bbox 1865 1843 2044 1881; x_wconf 88' lang='lat' dir='ltr'>humanae</span> <span class='ocrx_word' id='word_1_480' title='bbox 2059 1848 2202 1892; x_wconf 84' lang='lat' dir='ltr'>sapien-</span> 
     </span>
    </p>
   </div>
   <div class='ocr_carea' id='block_1_39' title="bbox 1172 1895 2202 1940">
    <p class='ocr_par' dir='ltr' id='par_1_45' title="bbox 1172 1895 2202 1940">
     <span class='ocr_line' id='line_1_84' title="bbox 1172 1895 2202 1940; baseline 0.001 -8"><span class='ocrx_word' id='word_1_481' title='bbox 1172 1913 1174 1925; x_wconf 60' lang='grc' dir='ltr'><strong>ν</strong></span> <span class='ocrx_word' id='word_1_482' title='bbox 1202 1898 1288 1939; x_wconf 88' lang='lat' dir='ltr'>tiae,</span> <span class='ocrx_word' id='word_1_483' title='bbox 1313 1905 1345 1932; x_wconf 92' lang='lat' dir='ltr'>et</span> <span class='ocrx_word' id='word_1_484' title='bbox 1367 1905 1417 1932; x_wconf 86' lang='lat' dir='ltr'>est</span> <span class='ocrx_word' id='word_1_485' title='bbox 1441 1898 1598 1932; x_wconf 85' lang='lat' dir='ltr'>laudatio</span> <span class='ocrx_word' id='word_1_486' title='bbox 1625 1897 1808 1931; x_wconf 85' lang='lat' dir='ltr'>doctrinae</span> <span class='ocrx_word' id='word_1_487' title='bbox 1831 1895 1919 1938; x_wconf 84' lang='lat' dir='ltr'>Dei,</span> <span class='ocrx_word' id='word_1_488' title='bbox 1948 1898 1984 1931; x_wconf 88' lang='lat' dir='ltr'>id</span> <span class='ocrx_word' id='word_1_489' title='bbox 2010 1905 2080 1940; x_wconf 91' lang='lat' dir='ltr'>est,</span> <span class='ocrx_word' id='word_1_490' title='bbox 2109 1911 2202 1934; x_wconf 88' lang='lat' dir='ltr'>asse-</span> 
     </span>
    </p>
   </div>
   <div class='ocr_carea' id='block_1_40' title="bbox 1193 1948 2202 2715">
    <p class='ocr_par' dir='ltr' id='par_1_46' title="bbox 1193 1948 2202 2715">
     <span class='ocr_line' id='line_1_85' title="bbox 1202 1948 2202 1995; baseline 0.002 -13"><span class='ocrx_word' id='word_1_491' title='bbox 1202 1950 1353 1990; x_wconf 79' lang='lat' dir='ltr'>veratio,</span> <span class='ocrx_word' id='word_1_492' title='bbox 1389 1950 1484 1994; x_wconf 90' lang='lat' dir='ltr'>quod</span> <span class='ocrx_word' id='word_1_493' title='bbox 1511 1950 1556 1983; x_wconf 86' lang='lat' dir='ltr'>sit</span> <span class='ocrx_word' id='word_1_494' title='bbox 1582 1960 1663 1982; x_wconf 87' lang='lat' dir='ltr'>vera</span> <span class='ocrx_word' id='word_1_495' title='bbox 1689 1955 1722 1983; x_wconf 90' lang='lat' dir='ltr'>et</span> <span class='ocrx_word' id='word_1_496' title='bbox 1747 1948 1887 1989; x_wconf 84' lang='lat' dir='ltr'>efficax,</span> <span class='ocrx_word' id='word_1_497' title='bbox 1920 1949 2059 1983; x_wconf 85' lang='lat' dir='ltr'>etiamsi</span> <span class='ocrx_word' id='word_1_498' title='bbox 2084 1958 2202 1995; x_wconf 82' lang='lat' dir='ltr'>spreta</span> 
     </span>
     <span class='ocr_line' id='line_1_86' title="bbox 1201 1997 2202 2041; baseline 0 -7"><span class='ocrx_word' id='word_1_499' title='bbox 1201 2008 1251 2035; x_wconf 91' lang='lat' dir='ltr'>est</span> <span class='ocrx_word' id='word_1_500' title='bbox 1268 1999 1434 2034; x_wconf 87' lang='lat' dir='ltr'>humanis</span> <span class='ocrx_word' id='word_1_501' title='bbox 1458 1999 1618 2041; x_wconf 85' lang='lat' dir='ltr'>iudiciis,</span> <span class='ocrx_word' id='word_1_502' title='bbox 1644 1997 1854 2033; x_wconf 86' lang='lat' dir='ltr'>Mirabilia</span> <span class='ocrx_word' id='word_1_503' title='bbox 1876 2004 1963 2033; x_wconf 82' lang='lat' dir='ltr'>sunt</span> <span class='ocrx_word' id='word_1_504' title='bbox 1989 2000 2202 2035; x_wconf 78' lang='lat' dir='ltr'>testimonia</span> 
     </span>
     <span class='ocr_line' id='line_1_87' title="bbox 1201 2051 2200 2094; baseline 0 -8"><span class='ocrx_word' id='word_1_505' title='bbox 1201 2057 1278 2091; x_wconf 81' lang='lat' dir='ltr'>lua,</span> <span class='ocrx_word' id='word_1_506' title='bbox 1306 2053 1341 2085; x_wconf 86' lang='lat' dir='ltr'>id</span> <span class='ocrx_word' id='word_1_507' title='bbox 1361 2058 1429 2092; x_wconf 87' lang='lat' dir='ltr'>est,</span> <span class='ocrx_word' id='word_1_508' title='bbox 1458 2058 1542 2085; x_wconf 87' lang='lat' dir='ltr'>sunt</span> <span class='ocrx_word' id='word_1_509' title='bbox 1556 2063 1704 2093; x_wconf 87' lang='lat' dir='ltr'>arcana,</span> <span class='ocrx_word' id='word_1_510' title='bbox 1733 2057 1795 2084; x_wconf 83' lang='lat' dir='ltr'>tua</span> <span class='ocrx_word' id='word_1_511' title='bbox 1812 2051 1975 2085; x_wconf 88' lang='lat' dir='ltr'>doctrina</span> <span class='ocrx_word' id='word_1_512' title='bbox 1993 2059 2044 2086; x_wconf 87' lang='lat' dir='ltr'>est</span> <span class='ocrx_word' id='word_1_513' title='bbox 2060 2064 2200 2094; x_wconf 86' lang='lat' dir='ltr'>arcana,</span> 
     </span>
     <span class='ocr_line' id='line_1_88' title="bbox 1200 2102 2200 2148; baseline -0.001 -11"><span class='ocrx_word' id='word_1_514' title='bbox 1200 2112 1234 2139; x_wconf 84' lang='lat' dir='ltr'>et</span> <span class='ocrx_word' id='word_1_515' title='bbox 1251 2111 1369 2138; x_wconf 85' lang='lat' dir='ltr'>tamen</span> <span class='ocrx_word' id='word_1_516' title='bbox 1383 2115 1463 2136; x_wconf 85' lang='lat' dir='ltr'>vera</span> <span class='ocrx_word' id='word_1_517' title='bbox 1482 2109 1514 2136; x_wconf 92' lang='lat' dir='ltr'>et</span> <span class='ocrx_word' id='word_1_518' title='bbox 1534 2103 1655 2136; x_wconf 82' lang='lat' dir='ltr'>efficax</span> <span class='ocrx_word' id='word_1_519' title='bbox 1674 2102 1887 2135; x_wconf 87' lang='lat' dir='ltr'>mirabiliter</span> <span class='ocrx_word' id='word_1_520' title='bbox 1903 2109 2043 2146; x_wconf 89' lang='lat' dir='ltr'>praeter</span> <span class='ocrx_word' id='word_1_521' title='bbox 2057 2103 2200 2148; x_wconf 88' lang='lat' dir='ltr'>opinio-</span> 
     </span>
     <span class='ocr_line' id='line_1_89' title="bbox 1200 2151 2200 2198; baseline -0.001 -9"><span class='ocrx_word' id='word_1_522' title='bbox 1200 2167 1280 2189; x_wconf 89' lang='lat' dir='ltr'>nem</span> <span class='ocrx_word' id='word_1_523' title='bbox 1300 2155 1458 2189; x_wconf 87' lang='lat' dir='ltr'>rationis.</span> <span class='ocrx_word' id='word_1_524' title='bbox 1514 2152 1680 2187; x_wconf 88' lang='lat' dir='ltr'>Humana</span> <span class='ocrx_word' id='word_1_525' title='bbox 1705 2153 1878 2198; x_wconf 86' lang='lat' dir='ltr'>sapientia</span> <span class='ocrx_word' id='word_1_526' title='bbox 1894 2151 1999 2188; x_wconf 87' lang='lat' dir='ltr'>habet</span> <span class='ocrx_word' id='word_1_527' title='bbox 2025 2166 2105 2188; x_wconf 91' lang='lat' dir='ltr'>suas</span> <span class='ocrx_word' id='word_1_528' title='bbox 2122 2166 2200 2188; x_wconf 90' lang='lat' dir='ltr'>me-</span> 
     </span>
     <span class='ocr_line' id='line_1_90' title="bbox 1200 2205 2197 2250; baseline -0.001 -10"><span class='ocrx_word' id='word_1_529' title='bbox 1200 2214 1270 2248; x_wconf 90' lang='lat' dir='ltr'>tas,</span> <span class='ocrx_word' id='word_1_530' title='bbox 1296 2218 1371 2240; x_wconf 90' lang='lat' dir='ltr'>non</span> <span class='ocrx_word' id='word_1_531' title='bbox 1389 2206 1522 2240; x_wconf 89' lang='lat' dir='ltr'>iudicat</span> <span class='ocrx_word' id='word_1_532' title='bbox 1540 2213 1617 2250; x_wconf 90' lang='lat' dir='ltr'>post</span> <span class='ocrx_word' id='word_1_533' title='bbox 1634 2212 1785 2240; x_wconf 88' lang='lat' dir='ltr'>mortem</span> <span class='ocrx_word' id='word_1_534' title='bbox 1805 2210 1936 2238; x_wconf 85' lang='lat' dir='ltr'>restare</span> <span class='ocrx_word' id='word_1_535' title='bbox 1952 2205 2059 2239; x_wconf 87' lang='lat' dir='ltr'>aliam</span> <span class='ocrx_word' id='word_1_536' title='bbox 2075 2206 2197 2248; x_wconf 86' lang='lat' dir='ltr'>vitam,</span> 
     </span>
     <span class='ocr_line' id='line_1_91' title="bbox 1199 2255 2200 2296; baseline 0 -4"><span class='ocrx_word' id='word_1_537' title='bbox 1199 2260 1257 2292; x_wconf 90' lang='lat' dir='ltr'>sed</span> <span class='ocrx_word' id='word_1_538' title='bbox 1284 2258 1433 2291; x_wconf 84' lang='lat' dir='ltr'>verbum</span> <span class='ocrx_word' id='word_1_539' title='bbox 1457 2255 1538 2291; x_wconf 69' lang='lat' dir='ltr'>Dei</span> <span class='ocrx_word' id='word_1_540' title='bbox 1559 2257 1711 2290; x_wconf 87' lang='lat' dir='ltr'>affirmat</span> <span class='ocrx_word' id='word_1_541' title='bbox 1736 2262 1867 2290; x_wconf 89' lang='lat' dir='ltr'>restare</span> <span class='ocrx_word' id='word_1_542' title='bbox 1882 2256 1988 2290; x_wconf 87' lang='lat' dir='ltr'>aliam</span> <span class='ocrx_word' id='word_1_543' title='bbox 2008 2256 2139 2296; x_wconf 89' lang='lat' dir='ltr'>vitam,</span> <span class='ocrx_word' id='word_1_544' title='bbox 2165 2263 2200 2292; x_wconf 87' lang='lat' dir='ltr'>et</span> 
     </span>
     <span class='ocr_line' id='line_1_92' title="bbox 1197 2306 2201 2354; baseline -0.003 -10"><span class='ocrx_word' id='word_1_545' title='bbox 1197 2311 1266 2344; x_wconf 86' lang='lat' dir='ltr'>fide</span> <span class='ocrx_word' id='word_1_546' title='bbox 1283 2310 1459 2354; x_wconf 90' lang='lat' dir='ltr'>accipiens</span> <span class='ocrx_word' id='word_1_547' title='bbox 1476 2309 1625 2343; x_wconf 78' lang='lat' dir='ltr'>verbum</span> <span class='ocrx_word' id='word_1_548' title='bbox 1652 2314 1685 2342; x_wconf 92' lang='lat' dir='ltr'>et</span> <span class='ocrx_word' id='word_1_549' title='bbox 1699 2306 1776 2341; x_wconf 90' lang='lat' dir='ltr'>Deo</span> <span class='ocrx_word' id='word_1_550' title='bbox 1793 2308 1958 2349; x_wconf 88' lang='lat' dir='ltr'>credens,</span> <span class='ocrx_word' id='word_1_551' title='bbox 1985 2308 2091 2342; x_wconf 90' lang='lat' dir='ltr'>sentit</span> <span class='ocrx_word' id='word_1_552' title='bbox 2113 2320 2201 2342; x_wconf 88' lang='lat' dir='ltr'>con-</span> 
     </span>
     <span class='ocr_line' id='line_1_93' title="bbox 1197 2358 2199 2402; baseline -0.003 -6"><span class='ocrx_word' id='word_1_553' title='bbox 1197 2361 1408 2396; x_wconf 85' lang='lat' dir='ltr'>solationem</span> <span class='ocrx_word' id='word_1_554' title='bbox 1440 2367 1474 2395; x_wconf 92' lang='lat' dir='ltr'>et</span> <span class='ocrx_word' id='word_1_555' title='bbox 1511 2360 1640 2401; x_wconf 88' lang='lat' dir='ltr'>vitam,</span> <span class='ocrx_word' id='word_1_556' title='bbox 1687 2369 1720 2393; x_wconf 87' lang='lat' dir='ltr'>et</span> <span class='ocrx_word' id='word_1_557' title='bbox 1755 2358 1914 2402; x_wconf 86' lang='lat' dir='ltr'>agnoscit</span> <span class='ocrx_word' id='word_1_558' title='bbox 1946 2359 2098 2393; x_wconf 91' lang='lat' dir='ltr'>verbum</span> <span class='ocrx_word' id='word_1_559' title='bbox 2130 2358 2199 2393; x_wconf 90' lang='lat' dir='ltr'>Dei</span> 
     </span>
     <span class='ocr_line' id='line_1_94' title="bbox 1196 2409 2198 2455; baseline -0.005 -7"><span class='ocrx_word' id='word_1_560' title='bbox 1196 2426 1320 2448; x_wconf 86' lang='lat' dir='ltr'>verum</span> <span class='ocrx_word' id='word_1_561' title='bbox 1346 2419 1381 2447; x_wconf 91' lang='lat' dir='ltr'>et</span> <span class='ocrx_word' id='word_1_562' title='bbox 1405 2413 1524 2446; x_wconf 85' lang='lat' dir='ltr'>efficax</span> <span class='ocrx_word' id='word_1_563' title='bbox 1548 2422 1640 2455; x_wconf 89' lang='lat' dir='ltr'>esse,</span> <span class='ocrx_word' id='word_1_564' title='bbox 1677 2411 1727 2444; x_wconf 91' lang='lat' dir='ltr'>sic</span> <span class='ocrx_word' id='word_1_565' title='bbox 1758 2409 1916 2444; x_wconf 87' lang='lat' dir='ltr'>humana</span> <span class='ocrx_word' id='word_1_566' title='bbox 1949 2410 2123 2455; x_wconf 86' lang='lat' dir='ltr'>sapientia</span> <span class='ocrx_word' id='word_1_567' title='bbox 2157 2411 2198 2444; x_wconf 90' lang='lat' dir='ltr'>in</span> 
     </span>
     <span class='ocr_line' id='line_1_95' title="bbox 1196 2461 2197 2508; baseline -0.004 -9"><span class='ocrx_word' id='word_1_568' title='bbox 1196 2465 1282 2499; x_wconf 88' lang='lat' dir='ltr'>Saul</span> <span class='ocrx_word' id='word_1_569' title='bbox 1298 2464 1491 2505; x_wconf 83' lang='lat' dir='ltr'>existimat,</span> <span class='ocrx_word' id='word_1_570' title='bbox 1518 2475 1536 2497; x_wconf 88' lang='lat' dir='ltr'>a</span> <span class='ocrx_word' id='word_1_571' title='bbox 1553 2473 1633 2505; x_wconf 84' lang='lat' dir='ltr'>rege</span> <span class='ocrx_word' id='word_1_572' title='bbox 1657 2462 1761 2496; x_wconf 84' lang='lat' dir='ltr'>facile</span> <span class='ocrx_word' id='word_1_573' title='bbox 1779 2473 1893 2495; x_wconf 89' lang='lat' dir='ltr'>unum</span> <span class='ocrx_word' id='word_1_574' title='bbox 1916 2461 2054 2495; x_wconf 88' lang='lat' dir='ltr'>exulem</span> <span class='ocrx_word' id='word_1_575' title='bbox 2073 2461 2197 2508; x_wconf 90' lang='lat' dir='ltr'>oppri-</span> 
     </span>
     <span class='ocr_line' id='line_1_96' title="bbox 1196 2510 2196 2561; baseline -0.002 -11"><span class='ocrx_word' id='word_1_576' title='bbox 1196 2517 1246 2550; x_wconf 92' lang='lat' dir='ltr'>mi</span> <span class='ocrx_word' id='word_1_577' title='bbox 1271 2528 1390 2561; x_wconf 81' lang='lat' dir='ltr'>posse‚</span> <span class='ocrx_word' id='word_1_578' title='bbox 1416 2516 1476 2549; x_wconf 92' lang='lat' dir='ltr'>sed</span> <span class='ocrx_word' id='word_1_579' title='bbox 1503 2514 1621 2549; x_wconf 79' lang='lat' dir='ltr'>David</span> <span class='ocrx_word' id='word_1_580' title='bbox 1647 2514 1796 2547; x_wconf 89' lang='lat' dir='ltr'>credens</span> <span class='ocrx_word' id='word_1_581' title='bbox 1823 2513 1933 2547; x_wconf 83' lang='lat' dir='ltr'>verbo</span> <span class='ocrx_word' id='word_1_582' title='bbox 1950 2510 2037 2558; x_wconf 90' lang='lat' dir='ltr'>Dei,</span> <span class='ocrx_word' id='word_1_583' title='bbox 2071 2514 2137 2548; x_wconf 90' lang='lat' dir='ltr'>scit</span> <span class='ocrx_word' id='word_1_584' title='bbox 2160 2525 2196 2548; x_wconf 89' lang='lat' dir='ltr'>se</span> 
     </span>
     <span class='ocr_line' id='line_1_97' title="bbox 1195 2563 2195 2613; baseline -0.004 -11"><span class='ocrx_word' id='word_1_585' title='bbox 1195 2580 1296 2613; x_wconf 90' lang='lat' dir='ltr'>posse</span> <span class='ocrx_word' id='word_1_586' title='bbox 1312 2567 1456 2602; x_wconf 84' lang='lat' dir='ltr'>servari.</span> <span class='ocrx_word' id='word_1_587' title='bbox 1509 2565 1567 2601; x_wconf 91' lang='lat' dir='ltr'>Sic</span> <span class='ocrx_word' id='word_1_588' title='bbox 1583 2563 1692 2600; x_wconf 84' lang='lat' dir='ltr'>totius</span> <span class='ocrx_word' id='word_1_589' title='bbox 1714 2563 1894 2599; x_wconf 89' lang='lat' dir='ltr'>Ecclesiae</span> <span class='ocrx_word' id='word_1_590' title='bbox 1910 2565 2111 2610; x_wconf 90' lang='lat' dir='ltr'>exemplum</span> <span class='ocrx_word' id='word_1_591' title='bbox 2136 2564 2195 2598; x_wconf 91' lang='lat' dir='ltr'>in-</span> 
     </span>
     <span class='ocr_line' id='line_1_98' title="bbox 1195 2615 2195 2661; baseline -0.003 -7"><span class='ocrx_word' id='word_1_592' title='bbox 1195 2626 1375 2654; x_wconf 86' lang='lat' dir='ltr'>tueamur:</span> <span class='ocrx_word' id='word_1_593' title='bbox 1405 2615 1560 2652; x_wconf 85' lang='lat' dir='ltr'>humana</span> <span class='ocrx_word' id='word_1_594' title='bbox 1586 2615 1762 2661; x_wconf 87' lang='lat' dir='ltr'>sapientia</span> <span class='ocrx_word' id='word_1_595' title='bbox 1787 2616 1826 2650; x_wconf 88' lang='lat' dir='ltr'>in</span> <span class='ocrx_word' id='word_1_596' title='bbox 1850 2616 1994 2660; x_wconf 85' lang='lat' dir='ltr'>regibus</span> <span class='ocrx_word' id='word_1_597' title='bbox 2018 2617 2195 2651; x_wconf 88' lang='lat' dir='ltr'>existimat</span> 
     </span>
     <span class='ocr_line' id='line_1_99' title="bbox 1193 2666 2192 2715; baseline -0.003 -10"><span class='ocrx_word' id='word_1_598' title='bbox 1193 2682 1229 2705; x_wconf 88' lang='lat' dir='ltr'>se</span> <span class='ocrx_word' id='word_1_599' title='bbox 1245 2670 1348 2705; x_wconf 88' lang='lat' dir='ltr'>facile</span> <span class='ocrx_word' id='word_1_600' title='bbox 1368 2670 1488 2704; x_wconf 90' lang='lat' dir='ltr'>delere</span> <span class='ocrx_word' id='word_1_601' title='bbox 1507 2680 1607 2715; x_wconf 88' lang='lat' dir='ltr'>posse</span> <span class='ocrx_word' id='word_1_602' title='bbox 1621 2667 1840 2713; x_wconf 88' lang='lat' dir='ltr'>Ecclesiam,</span> <span class='ocrx_word' id='word_1_603' title='bbox 1867 2669 1925 2703; x_wconf 91' lang='lat' dir='ltr'>sed</span> <span class='ocrx_word' id='word_1_604' title='bbox 1943 2666 2106 2703; x_wconf 82' lang='lat' dir='ltr'>Ecclesia</span> <span class='ocrx_word' id='word_1_605' title='bbox 2127 2667 2192 2702; x_wconf 85' lang='lat' dir='ltr'>scit</span> 
     </span>
    </p>
   </div>
  </div>
 </body>
</html>
