2379 2948
210 77 283 113 747
448 67 655 106 SCRIPTA
683 67 758 101 PH.
786 64 902 100 MEL.
929 63 994 98 AD
1022 61 1148 97 HlST.
1178 60 1322 97 PROF.
1350 61 1415 97 ET
1443 61 1634 97 PHlLOS.
1661 62 1981 99 SPECTANTIA.
2155 64 2227 98 748

213 162 386 196 meliores.
439 158 548 200 Saepe
573 155 676 188 etiam
697 163 767 184 una
783 148 977 194 propositio
995 147 1197 181 defenditur

214 211 360 246 diversis
396 207 612 244 rationibus,
650 209 707 236 ut:
749 200 881 234 Brutus
913 199 1026 232 voluit
1056 197 1199 231 defendi

216 264 390 298 blilonem
411 258 475 292 hoc
494 256 742 291 fundamento,
771 252 865 296 quod
884 258 1075 296 tyrannum
1092 261 1108 281 e
1126 247 1198 282 Re-

216 315 298 359 pub.
323 312 400 345 tolli
426 310 556 341 iustum
581 305 636 340 sit.
684 302 808 337 Cicero
832 302 921 335 vidit
945 298 1010 335 hoc
1026 298 1200 332 infirmius

217 373 249 398 et
281 362 437 396 odiosius
469 368 559 397 esse,
599 362 632 388 et
661 355 730 388 alio
760 354 992 387 fundamento
1024 361 1107 384 usus
1141 354 1201 389 est,

218 415 311 460 quod
338 410 499 444 videlicet
523 406 680 440 defensio
704 412 825 438 contra
848 404 1020 436 latronem
1040 410 1201 433 concessa

217 467 271 499 sit.
326 463 384 496 Sic
409 461 445 493 in
467 458 705 502 disputatione
731 457 774 489 de
796 455 908 487 libero
933 452 1080 486 arbitrio
1101 449 1200 482 Valla

217 513 368 549 detraxit
381 513 579 545 libertatem
594 506 769 542 humanae
784 504 959 538 voluntati
976 501 1040 536 bac
1056 501 1202 538 ratione,

218 566 300 611 quia
322 562 496 608 praevisio
514 560 635 593 divina
654 558 776 590 asserat
793 555 1032 588 necessitatem
1049 552 1152 586 bonis
1170 556 1203 583 et

217 616 318 649 malis
341 612 555 651 actionibus,
591 617 623 643 et
645 609 688 641 ad
711 606 800 640 hanc
827 605 1114 648 imaginationem
1141 603 1203 634 de—

219 667 321 700 torsit
353 665 516 698 Paulum.
576 658 652 693 Etsi
682 664 776 691 errat
805 655 924 696 Valla,
963 662 1078 688 tamen
1112 651 1203 685 hanc

219 717 374 752 Stoicam
407 711 695 755 imaginationem
727 707 829 741 multi
862 712 1068 750 sequuntur.
1130 702 1204 737 Alii

220 770 341 801 dicunt
372 762 537 808 impediri
566 761 761 793 libertatem
794 756 1034 789 imbecillitate
1059 761 1204 787 naturae

220 818 413 855 humanae,
448 822 481 847 et
508 813 632 845 iubent
663 809 771 854 aspici
802 807 973 851 nosipsos,
1030 804 1080 839 lta
1104 816 1204 848 saepe

220 870 365 907 accidit,
399 872 437 898 ut
466 864 530 897 uni
559 859 796 906 propositioni
824 864 1039 903 quaerantur
1068 856 1205 888 diversa

219 922 468 953 fundamenta,
503 925 654 959 quorum
684 911 752 944 alia
774 921 856 942 vera
880 915 980 948 sunt,
1015 907 1083 940 alia
1107 907 1205 944 falsa,

218 978 279 1004 aut
301 969 367 1003 alia
392 967 469 1000 aliis
492 965 640 998 rectiora
658 969 690 995 et
706 960 872 994 firmiora.
922 958 977 993 Ibi
993 970 1071 992 cum
1092 958 1130 989 in
1146 958 1207 990 de-

220 1023 312 1055 lectu
335 1026 393 1052 aut
418 1017 486 1061 ipsi
510 1026 684 1052 erramus,
720 1018 780 1045 aut
803 1018 912 1044 astute
936 1010 1021 1043 falsa
1045 1008 1207 1051 eligimus

221 1074 265 1106 ad
297 1069 524 1114 decipiendos
544 1066 651 1105 alios,
686 1062 838 1107 pertinet
861 1060 1019 1104 deceptio
1043 1060 1086 1092 ad
1113 1056 1208 1092 hunc

220 1124 381 1159 titulum,
417 1118 618 1153 Secundum
645 1115 762 1159 plures
786 1111 1044 1156 propositiones
1066 1121 1126 1142 seu
1151 1109 1208 1141 in-

221 1173 486 1215 terrogationes,
546 1167 605 1201 Sic
629 1166 665 1198 in
692 1162 878 1197 rhetoricis
901 1161 1137 1206 praecipitur,
1170 1166 1209 1193 ut

221 1232 339 1260 orator
366 1222 480 1255 videat
506 1218 591 1264 quid
617 1217 654 1249 in
681 1226 782 1249 causa
806 1213 892 1246 boni
917 1213 980 1253 sit,
1005 1212 1091 1257 quid
1114 1211 1213 1259 mali,

220 1280 315 1311 bona
345 1278 468 1312 ornet,
502 1278 535 1303 et
561 1269 652 1301 mala
678 1266 853 1309 sapienter
876 1271 986 1307 tegat,
1023 1269 1056 1296 et
1082 1261 1208 1306 ampli-

221 1326 383 1361 ficatione
399 1324 576 1357 bonorum
594 1319 732 1352 obruat.

325 1377 459 1409 Contra
490 1382 554 1404 nos
577 1367 645 1402 hoc
669 1375 825 1410 tempore
849 1365 886 1397 in
909 1363 1210 1407 disputationibus

224 1425 430 1469 theologicis
454 1421 521 1456 hac
546 1426 618 1453 arte
642 1417 744 1450 multi
770 1421 941 1453 utuntur,
969 1414 1029 1457 qui
1056 1425 1128 1445 non
1155 1412 1210 1445 di-

226 1485 310 1514 cunt
344 1473 575 1509 necessariam
604 1480 676 1502 esse
708 1466 865 1499 veritatis
898 1463 1134 1507 agnitionem,
1179 1469 1212 1495 et

225 1541 343 1564 veram
366 1526 433 1561 Dei
456 1520 736 1557 invocationem,
771 1523 804 1550 et
829 1516 970 1549 interim
995 1514 1122 1556 tragice
1150 1514 1207 1545 de-

226 1579 425 1616 clamitant,
461 1585 565 1620 quam
590 1568 786 1614 perniciosa
810 1568 855 1599 sit
880 1565 1074 1605 discordia,
1100 1576 1212 1608 quan-

224 1642 298 1667 tum
321 1629 457 1663 malum
481 1624 526 1657 sit
549 1619 756 1663 disciplinae
778 1617 919 1649 laxatio.

226 1689 308 1717 sunt
323 1679 434 1713 tristia
447 1675 557 1713 mala,
582 1680 733 1716 quorum
751 1667 961 1710 cogitatione
978 1676 1212 1703 moveremur,

226 1731 363 1769 etiamsi
384 1740 459 1762 non
481 1727 766 1771 proponerentur
786 1717 896 1751 atroci
913 1722 947 1749 et
963 1715 1116 1749 terribili
1133 1726 1213 1747 ora-

226 1786 334 1819 tione.
386 1779 456 1814 Sed
478 1784 597 1811 tamen
623 1784 701 1806 cum
722 1771 804 1803 illae
820 1766 1020 1811 tragoediae
1036 1766 1072 1798 in
1094 1765 1214 1798 oculos

228 1844 260 1869 et
289 1843 390 1868 aures
420 1830 628 1864 incurrunt,
665 1821 774 1864 magis
805 1819 983 1852 feriuntur
1014 1816 1145 1857 animi,
1183 1823 1214 1849 et

228 1884 352 1921 crescit
381 1878 543 1914 intentio.
610 1873 679 1908 Hic
708 1871 863 1905 vicissim
889 1880 954 1902 nos
979 1869 1071 1901 bona
1096 1874 1213 1900 nostra

229 1925 470 1980 opponamus,
509 1925 692 1964 videlicet,
735 1921 964 1955 necessariam
994 1930 1065 1952 esse
1097 1930 1214 1951 veram

228 1987 296 2020 Dei
329 1980 607 2016 invocationem:
650 1987 689 2008 ac
721 1973 868 2017 gloriam
905 1969 971 2004 Dei
1004 1976 1038 2002 et
1069 1970 1215 2002 salutem

229 2045 407 2071 aeternam
425 2027 686 2066 anteferendam
704 2036 775 2057 esse
790 2022 863 2066 paci
881 2028 913 2055 et
929 2020 1096 2053 omnibus
1112 2021 1216 2053 rebus

229 2085 407 2122 humanis.
475 2080 519 2114 In
539 2077 597 2111 his
622 2074 790 2118 exemplis
817 2071 971 2114 conspici
997 2078 1109 2114 potest
1134 2082 1217 2104 usus

229 2138 337 2172 huius
353 2132 528 2171 fallaciae,
553 2139 642 2173 quae
656 2138 720 2169 pro
736 2122 891 2157 materiis
907 2121 1058 2165 propriis
1073 2121 1218 2155 assumit

231 2189 384 2226 vicinas,
410 2190 451 2217 ut
471 2181 607 2216 faciunt
632 2176 850 2213 adulatores,
883 2172 942 2218 qui
968 2172 1063 2204 vitiis
1089 2173 1219 2205 indunt

233 2239 379 2273 nomina
402 2233 600 2267 vicinarum
619 2228 810 2265 virtutum,
838 2230 900 2257 etc.

234 2292 321 2324 alios
356 2289 480 2321 docere
513 2282 695 2317 volumus,
737 2275 936 2322 quaerenda
967 2280 1048 2306 sunt
1077 2274 1218 2317 propria

234 2340 460 2383 negociorum
483 2333 736 2368 fundamenta,
763 2334 796 2361 et
817 2325 1004 2358 dicendum
1023 2325 1066 2356 de
1081 2336 1118 2356 re
1137 2336 1219 2368 pro-

234 2392 346 2436 posita
364 2385 453 2432 πρὸς
471 2384 553 2422 ἔπος
565 2409 573 2424 ,
600 2388 640 2415 ut
656 2391 755 2422 saepe
772 2378 809 2410 in
827 2383 896 2410 tota
913 2375 1100 2410 Dialectica
1118 2387 1219 2419 prae-

234 2442 373 2484 cipitur.

543 2520 682 2555 Petitio
717 2516 907 2561 principii.

338 2589 494 2624 Vocatur
526 2588 649 2631 petitio
680 2583 864 2629 principii,
899 2593 976 2614 cum
1004 2579 1137 2614 incerta
1159 2590 1220 2622 per

236 2657 293 2685 ea,
330 2653 418 2687 quae
448 2639 576 2683 pariter
609 2639 741 2670 incerta
765 2641 864 2672 sunt,
901 2631 1108 2665 confirmare
1131 2630 1220 2663 velle
1245 2658 1246 2662 ,

974 1614 1069 1647 Haec
1092 1625 1211 1647 revera
1239 1627 1240 1630 ¹

955 2222 1023 2256 Sed
1042 2234 1119 2255 cum
1137 2235 1218 2256 vere
1244 2241 1245 2250 κ

1245 2511 1247 2552 j
1274 2510 1365 2541 tere,
1392 2501 1524 2535 iudicat
1549 2502 1748 2535 communis
1771 2513 1903 2534 sensus.

1245 2553 1247 2573 ²
1275 2559 1355 2586 cant
1377 2549 1468 2585 hanc
1486 2553 1747 2586 cavillationem
1763 2549 2007 2598 ψευδόμὲιόν.

1251 148 1431 188 videmur,
1458 155 1514 182 ut:
1543 146 1690 181 Coelum
1717 154 1767 180 est
1786 155 1991 192 perpetuum
2008 156 2041 183 et
2058 149 2234 193 corrupti-

1252 199 1340 239 bile,
1368 200 1449 244 quia
1474 211 1546 232 non
1574 204 1624 231 est
1650 210 1689 230 ex
1712 198 1856 230 materia
1883 206 2028 241 cognata
2045 199 2236 240 elementis,

1253 261 1340 294 quae
1367 257 1448 283 sunt
1473 249 1625 283 obnoxia
1650 247 1882 292 corruptioni.
1934 247 2023 281 Nam
2049 257 2083 283 et
2107 251 2150 283 de
2172 248 2236 283 liae

1253 301 1327 344 ipsa
1366 301 1633 334 confirmatione
1666 299 1821 332 dubitari
1857 305 1987 342 potest,
2027 311 2072 332 an
2102 301 2235 334 coelum

1255 351 1299 385 sit
1323 364 1362 384 ex
1385 352 1529 385 materia
1553 356 1699 393 cognata
1726 349 1918 383 elementis.
1980 348 2069 383 Tale
2093 357 2125 384 et
2148 351 2236 384 illud

1254 402 1533 445 vulgatissimum
1569 408 1633 434 est:
1670 400 1750 434 Non
1783 406 1919 441 errant,
1955 400 2016 445 qui
2048 412 2065 433 a
2092 401 2239 434 mortuis

1255 452 1384 486 auxilia
1415 460 1557 498 petunt,
1604 451 1686 497 quia
1717 463 1841 494 magna
1872 451 2063 485 multitudo
2092 451 2128 484 id
2160 452 2241 485 fecit

1255 503 1362 546 longo
1389 510 1556 547 tempore.
1620 502 1709 536 Nam
1733 499 1799 536 hoc
1824 502 1939 545 ipsum
1963 502 2163 547 quaeritur,
2198 514 2243 534 an

1256 561 1347 587 recte
1364 554 1484 587 fecerit
1499 554 1559 587 illa
1577 553 1779 588 multitudo.
1832 552 2074 598 Hieronymus
2091 553 2244 596 graviter

1257 604 1357 637 dicit:
1386 603 1594 638 Errantium
1617 604 1827 644 multitudo,
1853 615 1925 636 non
1945 603 2036 647 parit
2054 603 2165 636 errori
2181 615 2244 646 pa-

1257 654 1460 689 trocinium.
1521 654 1629 694 Item,
1661 652 1894 699 Pythagorica
1922 666 2002 687 vera
2027 660 2127 695 sunt,
2162 654 2244 699 quia

1258 703 1369 744 αὐτὸς
1391 704 1475 752 ἔφα.
1538 704 1643 738 Tales
1667 704 1949 739 confirmationes
1975 717 2048 738 non
2072 704 2155 738 satis
2180 705 2245 738 do-

1258 763 1337 789 cent
1363 757 1583 790 dubitantem
1609 756 1646 788 in
1671 752 1922 799 Philosophia,
1957 756 2015 788 sed
2041 762 2081 789 ut
2103 755 2245 789 conclu·

1259 807 1394 840 sionem
1426 814 1518 840 recte
1543 806 1736 849 intelligas,
1769 812 1803 838 et
1823 804 1923 839 firma
1949 806 2149 839 assensione
2171 818 2246 839 am-

1259 858 1439 902 plectaris,
1467 869 1605 891 necesse
1632 864 1682 890 est
1708 863 1912 899 argumenta
1939 868 2037 897 vera,
2063 857 2247 902 perspicua

1261 915 1293 942 et
1316 909 1432 950 firma,
1459 915 1540 942 nata
1563 908 1601 940 in
1628 907 1732 947 locis,
1760 918 1847 951 quos
1872 919 1975 951 supra
1998 907 2248 948 recensuimus,

1260 966 1390 993 tenere.
1440 959 1565 993 Vicina
1583 965 1633 992 est
1650 958 1811 1003 petitioni
1829 958 1995 1001 principii
2011 955 2246 1006 ταυτολογία,

1261 1022 1340 1043 cum
1371 1011 1463 1043 idem
1496 1010 1646 1044 subinde
1673 1009 1843 1052 repetitur
1868 1009 1992 1042 iisdem
2016 1008 2152 1049 verbis,
2189 1015 2249 1042 aut

1261 1061 1447 1104 paululum
1473 1061 1631 1095 mutatis:
1671 1059 1787 1102 Vulgo
1814 1060 2041 1103 nugationem
2064 1066 2192 1093 vocant
2217 1066 2250 1092 et

1264 1112 1392 1145 Cuculi
1411 1112 1585 1145 canticum
1598 1139 1607 1152 ,
1636 1123 1694 1144 seu
1712 1106 1916 1151 κοκκύζειν.
1982 1108 2059 1144 Etsi
2075 1117 2192 1143 autem
2211 1110 2249 1142 in

1264 1163 1384 1196 multis
1404 1163 1572 1196 membris
1596 1162 1767 1195 orationis
1786 1162 1927 1204 prodest
1945 1162 2091 1194 eandem
2110 1167 2250 1194 senten-

1263 1214 1347 1246 tiam
1364 1213 1500 1258 saepius
1516 1213 1709 1252 inculcare,
1737 1218 1770 1245 et
1787 1212 1998 1256 amplificare
2014 1212 2157 1245 mutatis
2172 1223 2251 1244 ver-

1263 1264 1334 1304 bis,
1359 1271 1398 1298 ut
1421 1264 1563 1297 auditor
1584 1264 1621 1296 in
1646 1262 1858 1306 cogitatione
1884 1274 1937 1296 res
1957 1262 2171 1296 detineatur:
2199 1270 2251 1295 ta-

1263 1327 1343 1347 men
1363 1315 1459 1347 aliud
1478 1314 1671 1359 requiritur
1688 1313 1725 1346 in
1745 1313 2005 1351 confirmando,
2033 1313 2096 1345 ubi
2113 1324 2251 1345 necesse

1264 1372 1313 1398 est
1339 1377 1411 1398 non
1439 1365 1553 1407 ingeri
1577 1365 1719 1400 eadem,
1756 1363 1812 1394 sed
1841 1363 1995 1395 illustres
2020 1373 2140 1395 causas
2166 1375 2251 1395 con-

1265 1414 1434 1447 clusionis
1465 1413 1673 1451 monstrari,
1724 1412 1805 1457 quia
1840 1410 1931 1445 nihil
1963 1412 2055 1445 idem
2086 1412 2252 1457 suiipsius

1265 1476 1366 1498 causa
1386 1471 1447 1498 est.

1565 1586 1757 1629 lynomiio
1790 1566 1948 1618 elenchi.

1384 1664 1564 1700 Elencbus
1612 1666 1784 1709 significat
1820 1667 1956 1698 firmam
1998 1667 2253 1710 probationem.

1268 1717 1354 1751 Nam
1389 1715 1546 1763 ἐλέγχειν
1576 1717 1722 1749 verbum
1750 1716 1888 1749 forense
1915 1723 1981 1757 est,
2022 1724 2056 1750 et
2084 1717 2255 1760 significat

1269 1768 1497 1806 convincere,
1539 1767 1740 1810 iibetmeiscn.
1805 1766 2015 1812 Ubicunque
2047 1768 2156 1811 igitur
2188 1768 2255 1800 ali-

1269 1819 1352 1864 quid
1372 1819 1465 1851 deest
1483 1825 1708 1861 argumento,
1729 1830 1799 1862 quo
1817 1817 1935 1851 minus
1951 1818 2136 1852 convincat
2152 1819 2253 1851 audi—

1241 1874 1243 1891 ³
1269 1878 1400 1909 torem,
1432 1869 1500 1902 tale
1524 1875 1767 1911 argumentum
1796 1868 1838 1900 ad
1861 1865 1956 1902 hunc
1981 1869 2122 1902 titulum
2147 1870 2254 1912 perti-

1270 1927 1346 1959 net,
1377 1920 1436 1964 qui
1463 1926 1513 1952 est
1535 1920 1631 1952 velut
1653 1930 1838 1952 commune
1856 1919 2077 1952 domicilium
2095 1920 2254 1953 omnium

1271 1971 1548 2005 cavillationum.
1609 1967 1685 2002 Etsi
1701 1969 1794 2002 enim
1813 1981 1916 2012 supra
1936 1970 2031 2003 modi
2047 1969 2182 2014 aliquot
2201 1982 2255 2003 sa-

1271 2021 1450 2066 gacissime
1482 2020 1683 2063 excogitati,
1717 2020 1850 2052 utiliter
1882 2020 2003 2054 traditi
2031 2027 2130 2059 sunt,
2167 2033 2257 2065 quo-

1271 2085 1350 2106 rum
1375 2072 1434 2105 alii
1459 2083 1476 2103 a
1503 2070 1702 2109 vocabulis,
1731 2070 1790 2102 alii
1815 2082 1832 2103 a
1851 2071 2032 2111 subiectis,
2061 2071 2121 2104 alii
2138 2083 2156 2104 a
2174 2083 2256 2116 par-

1271 2124 1385 2163 thuS,
1414 2122 1475 2155 alii
1500 2134 1518 2154 a
1543 2122 1673 2161 causis,
1701 2121 1761 2153 alii
1786 2133 1803 2154 a
1831 2122 2012 2156 vicinitate
2035 2122 2140 2156 sumti
2163 2130 2257 2163 sunt,

1271 2182 1389 2208 tamen
1414 2185 1492 2206 cum
1521 2172 1679 2206 infinitae
1703 2172 1773 2204 sint
1791 2172 2049 2214 cavillationes,
2072 2179 2180 2206 restat
2199 2171 2257 2206 hic

1272 2225 1386 2258 titulis
1410 2223 1494 2257 velit
1514 2234 1701 2257 commune
1720 2223 1939 2257 domicilium
1959 2225 2106 2257 aliarum
2126 2224 2257 2268 captio-

1273 2287 1358 2309 num
1374 2303 1383 2317 ,
1410 2282 1464 2308 ut:

1426 2332 1573 2367 Coelum
1593 2333 1677 2375 tegit
1694 2333 1827 2370 omnia,

1426 2381 1520 2427 Ergo
1537 2394 1572 2416 se
1589 2396 1729 2428 quoque
1749 2384 1842 2426 tegit.

1376 2450 1443 2484 Hic
1469 2451 1676 2494 particulam
1701 2450 1936 2483 universalem
1965 2450 2125 2493 restringi
2154 2462 2258 2494 opor-

1956 2499 2022 2533 Sed
2044 2499 2168 2533 Graeci
2197 2515 2259 2535 vo-

2062 2549 2195 2597 Estque
2214 2553 2259 2586 si-

1273 2603 1368 2637 milis
1386 2603 1459 2636 isti:

2365 2215 2373 2261 ἓ
