2379 2948
127 93 201 128 909
547 95 563 124 v
573 116 582 126 .

228 175 414 211 Caeterum
438 177 611 221 singulari
629 178 778 212 consilio
796 177 890 211 Deus
907 177 944 209 in
960 175 1117 210 Ecclesia

125 236 241 263 extare
272 228 387 261 voluit
410 229 579 272 primam,
607 229 678 262 imo
703 236 905 273 perpetuam
932 226 1117 262 historiam

124 291 234 324 usque
251 280 294 312 ad
315 278 466 313 Messiae
482 281 671 313 adventum
685 307 693 320 ‚
721 287 759 313 ut
773 279 941 312 sciremus
960 279 1111 322 primam

124 329 216 364 hanc
247 342 320 364 esse
352 337 384 363 et
418 337 588 375 perpetuo
620 331 898 364 consentientem
924 330 1112 363 revelatio—

125 394 226 423 nem,
261 382 299 415 in
325 394 392 426 qua
411 380 505 414 Deus
529 393 564 414 se
591 382 758 424 patefecit.
819 380 871 414 Ac
894 381 988 413 bona
1016 393 1114 414 mens

125 433 228 466 valde
254 433 482 466 confirmatur
505 432 542 464 in
567 429 632 464 hac
649 432 883 476 professione,
910 445 988 465 cum
1009 432 1114 465 intel-

124 484 202 527 ligit
218 496 324 518 unam
342 481 432 516 hanc
448 494 518 515 esse
537 483 685 526 primam
705 491 737 517 et
755 490 924 527 perpetuo
943 483 1010 516 sibi
1028 495 1114 516 con-

123 535 331 569 sentientem
353 533 549 567 doctrinam
573 534 615 566 de
633 532 721 569 Deo.
774 533 921 567 Necesse
946 541 996 568 est
1018 535 1113 567 enim

124 586 228 620 initio
250 585 402 630 aliquem
426 584 532 618 fuisse
553 592 708 626 coetum,
736 586 796 631 qui
814 584 928 619 Deum
947 593 1039 619 recte
1058 585 1113 618 in—

124 644 268 671 vocarit.

225 708 314 743 Cum
345 714 461 741 autem
486 708 524 740 iu
548 705 612 741 hac
639 708 751 753 prima
777 709 936 743 doctrina
967 709 1111 743 Patrum

123 761 226 796 series
243 766 334 793 certa
354 759 421 791 fide
439 760 564 792 tradita
584 760 645 800 sit,
670 760 815 793 nomina
834 772 935 804 saepe
954 761 1113 794 indicant

122 811 279 856 gentium
304 810 477 852 origines,
504 817 543 843 ut
561 812 604 843 ab
621 808 734 844 Assur
751 809 908 857 Assyrii,
935 824 952 844 a
969 811 1112 845 Canaan

120 861 316 901 Cananaei,
343 862 386 894 ab
413 859 514 894 Elam
539 860 734 903 Elamitae,
762 874 913 907 quorum
939 863 975 895 in
995 863 1111 896 Persia

119 924 249 947 nomen
274 912 444 945 mansisse
468 913 571 945 etiam
593 912 721 947 Graeci
746 911 906 946 historici
925 920 1108 948 testantur.

120 964 170 999 lta
191 963 287 1008 genti
305 962 444 996 Ionicae
466 976 596 997 nomen
619 976 721 997 suum
741 972 838 1008 pater
860 964 923 997 lon
939 965 1112 1006 attribuit,

119 1028 137 1049 a
154 1027 222 1061 qua
238 1027 317 1047 cum
336 1013 494 1047 Graecae
510 1022 628 1058 gentes
645 1016 784 1061 aliquae
801 1023 1012 1060 propagatae
1030 1017 1111 1058 sint,

118 1072 254 1101 constat
270 1063 333 1098 hac
352 1066 587 1109 appellatione
604 1065 760 1100 Graecos
776 1067 812 1099 in
827 1065 1013 1111 Prophetis
1029 1068 1109 1100 ubi-

119 1131 187 1163 que
211 1117 418 1160 significari,
447 1124 482 1151 ut
502 1129 607 1162 supra
626 1118 756 1151 Daniel
775 1119 936 1152 nominat
956 1116 1109 1151 Alexan-

118 1170 222 1202 drum
238 1179 354 1210 regem
374 1167 493 1208 Iavan,
520 1181 579 1201 seu
600 1168 736 1202 Ionum.
785 1167 909 1202 Esaias
926 1182 1004 1202 eum
1023 1171 1109 1202 edu-

117 1220 164 1253 cit
180 1232 220 1252 ex
237 1217 383 1254 Cithim.
436 1217 481 1252 Et
499 1220 533 1252 in
554 1220 645 1253 libro
662 1219 937 1253 Blacabaeorum
956 1221 1108 1253 Alexan-

116 1272 180 1305 der
202 1277 347 1304 vocatur
371 1282 430 1303 rex
444 1268 589 1304 Cithim.
648 1270 744 1304 Haec
765 1272 997 1304 conveniunt:
1028 1284 1108 1304 nam

116 1322 206 1356 liber
225 1320 374 1355 Genesis
392 1322 492 1355 docet
509 1319 642 1355 Cithim
663 1334 734 1356 esse
749 1322 862 1355 filium
881 1321 1000 1355 Iavan.

217 1395 281 1430 Est
298 1396 406 1439 igitur
420 1396 602 1441 aliquanto
620 1398 821 1440 generalius
840 1410 972 1430 nomen
990 1397 1110 1439 Iavan,

116 1462 187 1496 quo
210 1447 365 1482 Graecae
397 1455 516 1490 gentes
540 1448 800 1491 significantur,
837 1447 971 1483 Cithim
998 1462 1109 1492 angu-

115 1502 220 1538 stius,
248 1511 266 1533 a
291 1510 361 1543 quo
387 1510 460 1531 non
484 1498 633 1532 dubium
659 1507 709 1533 est
732 1500 862 1534 factum
888 1512 960 1533 esse
979 1513 1110 1534 nomen

115 1549 292 1598 μακέτης,
322 1550 415 1594 quod
442 1556 492 1583 est
514 1548 677 1584 Macedo.
738 1550 827 1584 Nam
852 1552 1025 1585 vetustior
1048 1564 1109 1596 ap-

115 1602 260 1649 pellatio
282 1607 332 1634 est
356 1598 527 1645 μακέτης.
589 1600 737 1635 Constat
763 1609 880 1636 autem
900 1601 1109 1636 Macedoni-

115 1667 191 1689 cam
224 1659 364 1696 gentem
398 1651 555 1686 Graecae
586 1659 771 1696 cognatam
803 1653 922 1688 fuisse.
994 1653 1109 1697 Reges

114 1713 207 1742 certe
231 1702 359 1737 Graeci
391 1703 535 1736 fuerunt
557 1704 626 1736 orti
650 1704 694 1737 ab
717 1702 882 1738 Hercule.
950 1702 995 1738 Et
1023 1706 1108 1738 Ale-

113 1756 241 1792 xandri
259 1761 369 1788 mater
385 1752 575 1800 Olympias
594 1755 661 1788 fuit
679 1762 753 1789 orta
772 1767 790 1787 a
806 1754 966 1789 Molosso
981 1764 1109 1800 nepote

114 1806 284 1843 Achillis:
314 1804 469 1839 Aeacum
495 1818 597 1847 vero,
627 1818 645 1839 a
668 1818 738 1851 quo
756 1803 915 1839 Achilles
933 1814 1030 1840 ortus
1050 1814 1110 1848 est,

114 1859 221 1894 fuisse
238 1856 434 1897 Graecum,
462 1863 495 1890 et
520 1856 674 1891 tenuisse
692 1855 863 1900 Aeginam
888 1865 1025 1891 certum
1049 1866 1108 1891 est.

114 1910 299 1945 Praeterea
326 1907 528 1941 Alexander
559 1919 632 1941 non
666 1908 780 1941 solum
806 1920 865 1941 rex
891 1916 964 1942 erat
988 1908 1108 1942 Mace-

115 1963 270 2001 donum,
304 1960 364 1993 sed
396 1959 500 1992 etiam
538 1959 721 1993 communi
751 1960 891 1993 decreto
925 1960 1106 1994 civitatum

116 2010 307 2054 Graeciae,
350 2010 547 2054 appellatus
577 2017 628 2044 est
658 2011 729 2044 dux
760 2009 993 2045 Graecorum.
1061 2010 1108 2045 Et

114 2074 276 2106 magnam
301 2068 436 2105 partem
462 2062 622 2101 tenebat,
648 2059 889 2103 Thessaliam,
915 2063 1108 2104 Aetoliam,

115 2111 318 2148 Phocidem.
370 2111 535 2158 Denique
566 2125 621 2148 res
655 2113 730 2146 eius
757 2120 872 2155 gestae
897 2121 979 2148 sunt
1003 2114 1105 2148 initio

115 2175 240 2208 magna
260 2175 299 2196 ex
319 2170 415 2207 parte
429 2163 597 2207 pecunia,
627 2161 800 2197 machinis
819 2171 853 2198 et
871 2165 981 2209 copiis
992 2164 1107 2199 Grae-

114 2227 235 2250 carum
258 2214 428 2257 gentium.
488 2213 608 2257 Quare
632 2223 665 2248 et
691 2215 764 2259 ipse
789 2216 1045 2249 modestissime
1069 2217 1105 2249 in

115 2263 306 2310 Trophaeo
331 2264 486 2308 scripsit:
516 2263 741 2311 ἀλέξανδρος
762 2264 825 2301 καὶ
849 2266 991 2312 ἕλληιές
1011 2265 1106 2313 πλὴν

113 2312 421 2361 λακεὸαιμονίων.
476 2313 528 2349 Ac
545 2318 586 2350 de
602 2318 752 2351 nomine
769 2318 876 2352 Iavan
896 2331 956 2352 seu
979 2318 1105 2353 Ionum

114 2368 199 2405 haee
219 2367 348 2402 dixisse
366 2366 448 2401 satis
464 2366 522 2400 sit.

215 2471 309 2504 lltud
334 2468 455 2514 quaeri
475 2474 588 2513 potest
606 2468 643 2502 in
661 2468 726 2504 hac
743 2471 871 2515 Angeli
890 2472 1106 2508 narratione.

112 2522 165 2558 De
190 2523 320 2568 quibus
339 2520 459 2553 Ioniae
481 2520 637 2552 motibus
655 2521 810 2563 dicatur,
838 2523 995 2557 excitatis
1013 2524 1103 2557 circa

112 2581 263 2608 extrema
281 2571 365 2619 Cyri
382 2579 539 2615 tempora
551 2597 559 2611 ,
587 2577 647 2604 aut
663 2580 831 2615 regnante
848 2574 915 2607 iam
931 2573 1105 2620 Cambyse

112 2626 255 2659 absente
280 2623 400 2668 patre?
454 2621 610 2665 Angelus
634 2622 789 2656 breviter
812 2623 946 2658 indicat
962 2633 1102 2668 gentem

112 2675 267 2710 ionicam
298 2687 317 2709 a
343 2674 446 2708 malis
470 2673 653 2718 spiritibus
678 2673 819 2708 incitari
844 2676 887 2709 ad
910 2678 1104 2711 movendas

638 91 687 126 IN
713 89 970 126 DANIELEM
995 88 1312 126 PROPHETAM
1340 88 1760 125 COMMENTARIUS.

2085 91 2160 127 910

1170 175 1371 210 seditiones.
1431 175 1593 210 Breviter
1611 177 1705 210 enim
1721 187 1775 210 res
1789 176 1993 221 peregrinas
2006 177 2159 211 aliorum

1170 238 1358 270 regnorum
1389 228 1567 271 attingunt
1588 225 1799 272 Prophetae.
1866 226 1940 261 Nec
1963 239 2026 271 ego
2050 229 2158 262 adfir-

1169 290 1265 311 mare
1288 289 1429 321 possum
1444 306 1452 318 ‚
1481 281 1523 311 de
1548 279 1676 323 quibus
1701 279 1857 313 motibus
1881 276 1967 313 haec
1983 279 2159 313 dicantur.

1170 328 1237 362 Sed
1263 336 1538 362 consentaneum
1559 336 1608 363 est
1627 330 1794 374 reliquias
1811 329 1916 370 belli,
1944 332 2039 375 quod
2056 330 2160 374 gessit

1168 378 1354 424 Harpagus
1378 380 1414 412 in
1434 379 1548 417 lonia,
1575 393 1652 413 cum
1681 381 1730 413 ibi
1756 394 1773 414 a
1791 380 1884 426 Cyro
1901 382 2044 416 relictus
2060 388 2160 423 esset,

1166 443 1311 475 magnas
1330 429 1494 465 habuisse
1513 431 1746 465 difficultates.

1270 498 1368 532 Gens
1379 499 1513 540 Ionica,
1539 511 1628 544 quae
1643 499 1804 532 omnium
1822 501 1973 534 maxime
1991 501 2160 535 floruerat

1167 551 1318 594 ingeniis
1342 557 1375 583 et
1401 551 1544 594 opibus,
1573 551 1627 583 bis
1651 551 1784 583 domita
1805 558 1853 584 est
1869 549 1962 596 Cyro
1980 559 2158 596 regnante.

1167 600 1371 636 Rebellarat
1397 602 1512 642 enim,
1536 614 1615 634 cum
1641 600 1754 647 Cyrus
1770 600 1991 647 Babylonem
2016 609 2158 646 peteret.

1166 652 1211 686 Et
1242 654 1350 686 fuisse
1378 653 1500 696 longas
1524 653 1666 685 urbium
1695 652 1977 696 oppugnationes
2001 651 2159 686 Phoceae

1167 705 1364 748 exemplum
1393 704 1562 744 ostendit,
1590 715 1677 748 quae
1700 710 1796 737 tanta
1818 704 2012 747 pertinacia
2033 705 2158 737 adver-

1167 766 1224 788 sus
1251 755 1455 799 Harpagum
1487 755 1627 788 defensa
1658 758 1728 795 est,
1762 762 1802 788 ut
1824 756 1968 788 tandem
1994 755 2158 788 universa

1166 807 1360 839 multitudo
1391 807 1520 839 civium
1553 806 1589 838 in
1621 806 1694 848 ipsa
1728 806 1916 839 obsidione
1942 817 2048 838 naves
2073 817 2159 839 con-

1166 858 1359 896 scenderit,
1395 865 1427 891 et
1453 857 1575 901 procul
1598 857 1682 889 alias
1708 858 1805 889 sedes
1831 857 2056 902 quaesiverit.
2111 855 2157 889 Hi

1166 909 1283 941 exules
1307 910 1431 941 urbem
1454 908 1650 941 Massiliam
1673 908 1715 940 ad
1734 906 1904 941 Rhodani
1925 907 2053 941 ostium
2072 920 2161 941 con-

1165 960 1353 997 diderunt,
1390 966 1423 992 et
1451 960 1488 991 in
1511 972 1585 992 eam
1604 958 1743 992 Galliae
1767 971 1865 992 oram
1889 966 2160 992 transvexerunt

1165 1009 1316 1043 Graecas
1343 1011 1481 1051 literas,
1517 1017 1549 1044 et
1575 1010 1798 1054 disciplinam
1826 1011 1967 1054 plenam
1991 1007 2158 1042 humani—

1164 1062 1255 1095 tatis.
1310 1061 1499 1107 Potestque
1522 1074 1562 1094 ex
1587 1061 1661 1094 eius
1684 1061 1783 1094 urbis
1802 1059 2021 1095 humanitate
2040 1061 2159 1094 existi-

1165 1113 1273 1153 mari,
1314 1125 1420 1158 quam
1450 1112 1604 1146 civiliter
1627 1119 1727 1146 antea
1754 1113 1791 1145 in
1818 1112 1901 1146 Asia
1928 1123 2011 1156 gens
2039 1110 2158 1145 Ionica

1164 1171 1300 1198 vixerlt.

1266 1231 1334 1266 Sed
1367 1232 1470 1264 luxus
1504 1231 1580 1264 sine
1604 1231 1710 1264 modo
1738 1237 1895 1265 creverat
1918 1238 1952 1265 et
1976 1237 2159 1275 pepererat

1164 1283 1332 1316 libidines
1351 1289 1381 1314 et
1400 1282 1465 1314 alia
1484 1282 1581 1317 vitia.
1642 1281 1725 1314 Ideo
1744 1289 1881 1316 secutae
1898 1290 1981 1316 sunt
1998 1282 2159 1325 ingentes

1165 1334 1378 1367 calamitates
1394 1340 1426 1367 et
1443 1333 1585 1366 urbium
1605 1333 1749 1367 excidia.
1808 1331 1886 1367 Etsi
1901 1333 1994 1366 enim
2012 1333 2049 1365 in
2064 1332 2158 1378 Cyro

1165 1385 1350 1418 clementia
1382 1391 1413 1417 et
1442 1384 1583 1417 bonitas
1616 1390 1690 1416 erat
1718 1383 1889 1426 insignis,
1929 1391 2045 1417 tamen
2075 1383 2158 1429 quia

1164 1435 1261 1469 Deus
1284 1435 1469 1468 constituit
1494 1442 1527 1468 et
1551 1441 1663 1467 mutat
1686 1434 1853 1478 imperia,
1887 1442 1926 1469 ut
1953 1432 2158 1478 εἶδωλο,ιια-

1165 1484 1262 1527 νίας,
1291 1486 1495 1534 tyrannides
1520 1493 1553 1519 et
1575 1486 1742 1519 libidines
1766 1486 1910 1530 puniat,
1944 1486 2159 1519 mutationes

1164 1550 1288 1571 omnes
1319 1538 1453 1582 aliquid
1480 1535 1613 1571 habent
1635 1537 1813 1570 saevitiae.
1879 1536 2022 1581 Magnis
2050 1537 2159 1581 igitur

1164 1590 1297 1623 domita
1323 1589 1484 1622 cladibus
1500 1587 1620 1629 Ionia,
1647 1588 1705 1621 vix
1729 1589 1870 1621 tandem
1896 1588 1934 1621 in
1951 1589 2158 1623 servitutem

1164 1642 1301 1673 redacta
1326 1647 1393 1680 est,
1421 1652 1526 1684 quam
1552 1640 1639 1672 adeo
1657 1639 1738 1672 tulit
1755 1639 1998 1683 impatienter,
2025 1647 2065 1673 ut
2083 1650 2157 1673 cre-

1163 1692 1243 1724 bras
1259 1691 1452 1725 seditiones
1469 1697 1590 1724 contra
1608 1691 1711 1723 duces
1723 1689 1881 1724 Persicos
1896 1691 2058 1724 moverit.
2110 1687 2159 1724 Et

1163 1749 1263 1775 erant
1280 1743 1410 1776 ducum
1429 1741 1575 1786 imperia
1594 1741 1744 1785 superba
1761 1748 1793 1774 et
1810 1741 1977 1777 crudelia.
2022 1740 2075 1775 Ne
2091 1740 2158 1785 ipsi

1163 1794 1305 1838 quidem
1333 1793 1501 1837 Satrapae
1531 1792 1640 1825 vicini
1667 1792 1760 1825 inter
1781 1804 1853 1825 sese
1878 1793 1940 1826 diu
1964 1793 2158 1826 concordes

1162 1845 1317 1879 fuerunt.
1370 1843 1459 1877 Nam
1484 1841 1655 1884 Oreotes,
1685 1843 1745 1888 qui
1770 1850 1849 1887 post
1873 1842 2077 1888 Harpagum
2102 1842 2158 1876 Io—

1162 1896 1257 1928 niam
1290 1895 1396 1933 rexit,
1434 1894 1656 1928 Mitrobaten
1690 1895 1846 1927 vicinum
1880 1902 1913 1928 et
1944 1895 2018 1928 eius
2044 1894 2157 1927 filium

1161 1946 1335 1992 Cambyse
1376 1953 1546 1988 regnante
1586 1945 1772 1979 interfecit.
1860 1944 1957 1979 Haec
1999 1945 2157 1989 exempla

1161 1999 1353 2031 ostendunt
1367 1997 1450 2030 satis
1463 1997 1657 2041 inquietam
1672 1996 1779 2029 fuisse
1792 1997 2024 2040 provinciam.
2064 1995 2158 2030 Fue-

1161 2059 1245 2082 runt
1275 2049 1384 2092 igitur
1413 2055 1445 2081 et
1470 2048 1677 2091 angelorum
1705 2047 1916 2089 certamina,
1957 2048 2017 2092 qui
2047 2048 2158 2080 malos

1159 2100 1305 2144 spiritus
1335 2099 1550 2132 seditionum
1576 2106 1609 2132 et
1634 2099 1896 2132 discordiarum
1918 2100 2157 2132 inflammato-

1160 2163 1215 2184 res
1233 2150 1469 2196 depellebant.

1532 2275 1669 2329 Caput
1700 2275 1778 2316 XI.

1265 2368 1338 2403 Iam
1364 2368 1529 2403 vaticinia
1550 2368 1592 2400 de
1610 2367 1728 2411 regnis
1745 2367 1882 2406 incoat,
1907 2373 1945 2400 ut
1961 2366 2067 2399 simul
2083 2365 2158 2400 Da..

1159 2421 1291 2455 niclem
1315 2420 1520 2459 confirmet,
1548 2425 1579 2452 et
1605 2425 1761 2462 posteros
1785 2425 2010 2462 praemoneat
2031 2418 2074 2451 de
2090 2418 2158 2450 im-

1161 2471 1400 2517 pendentibus
1439 2469 1710 2504 calamitatibus.
1787 2467 1924 2515 Estque
1962 2469 2157 2513 praedictio

1159 2523 1403 2558 testimonium
1436 2522 1593 2560 illustre,
1627 2522 1723 2566 quod
1747 2532 1766 2554 a
1784 2521 1865 2554 Deo
1889 2521 2055 2554 traditam
2085 2531 2159 2554 esse

1159 2572 1420 2618 Prophetarum
1446 2572 1645 2605 doctrinam
1670 2573 1838 2606 ostendit.
1898 2570 1946 2606 Et
1972 2571 2054 2617 quia
2077 2571 2157 2616 pol-

1161 2626 1288 2659 licetur
1319 2623 1586 2664 liberationem,
1635 2622 1809 2666 significat
1840 2620 1917 2657 Deo
1946 2635 2051 2657 curae
2083 2634 2159 2657 esse

1157 2674 1253 2710 hunc
1277 2675 1467 2721 populum,
1499 2674 1561 2720 qui
1586 2674 1784 2709 doctrinam
1812 2672 2055 2720 propheticam
2081 2685 2158 2707 am,
