2379 2948
95 110 173 148 489

94 195 263 230 credibile
294 201 344 228 est
376 191 539 227 homines
567 193 830 227 interventuros
856 202 947 231 esse,
983 187 1079 223 hunc

94 258 167 280 non
185 257 256 280 esse
274 245 342 279 sibi
360 245 450 278 male
471 244 668 283 conscium,
692 243 756 276 ista
779 241 890 275 animi
913 241 1081 274 securitas

95 298 261 332 declarat.
314 294 367 329 De
394 292 460 328 hoc
481 305 607 338 genere
629 304 734 350 supra
757 293 850 335 dixi,
885 291 1081 326 contrarias

95 346 406 392 interpretationes
425 357 464 378 ex
482 344 594 378 causis
612 350 645 376 et
661 343 771 386 signis
788 342 891 376 sumi.

195 395 478 431 Communicatio
497 390 746 432 συνοικείωσις
770 405 849 427 cum
876 392 969 425 idem
993 404 1078 426 con-

94 449 212 484 trariis
229 447 414 483 tribuitur,
441 451 480 478 ut
500 444 632 488 pariter
649 444 686 476 in
712 444 861 488 imperio
887 443 998 477 nimia
1023 455 1077 476 se-

94 500 240 538 veritas,
268 506 300 532 et
321 495 431 530 nimia
456 495 582 528 lenitas
606 494 795 528 crudelitas
818 502 887 535 est,
915 494 998 539 quia
1020 494 1076 527 ni-

93 551 162 583 mia
180 549 301 583 levitas
319 547 381 580 alit
403 545 584 578 audaciam
610 545 876 588 improborum,
904 551 937 578 et
964 545 1074 578 licen-

91 601 177 634 tiam
197 597 352 633 seviendi
370 596 406 628 in
425 596 538 629 bonos
554 596 728 630 concedit.

192 647 371 683 Correctio
402 644 659 692 ἐπανόρθωσις
684 645 779 680 tollit
814 646 908 690 quod
941 645 1074 678 dictum

92 708 142 734 est
163 709 363 744 supponens
385 697 483 729 aliud
508 697 616 740 magis
642 697 828 736 idoneum,
855 702 894 729 ut
918 707 981 738 pro
1001 695 1074 728 Mi-

91 752 190 790 lone,
217 760 304 794 quas
322 748 382 781 ille
399 747 511 791 leges,
537 747 566 780 si
585 748 691 780 modo
716 747 808 788 leges
832 746 1072 779 nominandae

90 808 191 840 sunt,
220 811 258 832 ac
278 811 351 832 non
366 798 457 831 faces
472 797 572 831 urbis
590 804 623 831 et
641 804 752 842 pestes
769 796 996 840 reipublicae.

188 849 348 885 Reiectio
377 845 605 887 ἅποδίθωξις
632 860 710 882 cum
733 846 868 891 aliquid
892 846 1072 880 reiicimus

88 908 256 946 tanquam
276 900 483 943 indignum,
509 904 569 932 aut
593 897 898 942 intempestivum,
924 903 962 930 ut
986 897 1071 942 quid

86 952 212 985 attinet
230 948 293 983 hae
309 951 353 983 de
372 962 409 983 re
424 949 558 987 dicere,
586 961 665 982 cum
681 949 724 982 ad
744 954 962 991 praesentem
989 960 1072 981 cau-

85 1012 158 1035 sam
185 998 277 1033 nihil
301 1000 416 1034 faciat.
470 998 612 1033 Utimur
637 994 849 1038 ἀποδιώξει,
876 998 904 1030 si
928 1000 1070 1043 quando

86 1064 192 1096 prave
210 1051 353 1096 aliquod
376 1056 620 1093 argumentum
641 1049 836 1089 eludimus,
862 1060 932 1093 quo
959 1050 1071 1092 agita-

85 1109 161 1136 tum
177 1102 338 1135 redderet
354 1112 491 1134 causam
510 1107 717 1144 suspectam.
763 1097 957 1133 Incurrunt
974 1100 1068 1132 enim

86 1160 120 1187 et
139 1153 176 1186 in
200 1153 309 1185 bonas
334 1162 454 1185 causas
476 1151 656 1184 interdum
681 1151 750 1185 loci
774 1149 953 1191 duriores,
981 1162 1070 1196 quos

86 1215 160 1237 non
178 1203 320 1247 prodest
339 1202 478 1245 agitare.

187 1250 384 1297 Occupatio
408 1247 686 1298 προκατάληψις
707 1257 778 1292 est,
812 1262 893 1284 cum
923 1262 1070 1294 respon·

84 1304 208 1333 demus
224 1303 348 1333 tacitae
366 1302 576 1342 affectioni,
603 1307 643 1334 ut
659 1301 763 1344 vulgo
781 1301 851 1334 dici
869 1301 975 1342 solet,
1003 1299 1069 1334 hoc

83 1357 150 1390 est,
177 1361 256 1382 cum
280 1349 347 1393 ipsi
364 1347 699 1387 animadvertentes,
726 1351 809 1391 quid
835 1352 928 1384 obsit
953 1351 1069 1388 nohis,

81 1400 180 1445 prius
199 1399 234 1432 id
252 1399 439 1440 diluimus,
466 1410 572 1443 quam
589 1397 696 1430 obiici
712 1397 832 1441 possit.
867 1397 1068 1431 Necessaria

81 1451 192 1494 figura
225 1456 294 1488 est,
334 1456 367 1483 et
399 1448 611 1492 singularem
643 1448 870 1491 prudentiam
906 1448 1067 1493 requirit.

82 1500 287 1534 Videndum
305 1507 354 1534 est
370 1499 465 1532 enim
485 1510 573 1544 quae
595 1498 666 1531 sint
685 1495 871 1531 hominum
890 1500 993 1532 tacita
1010 1499 1067 1532 iu-

83 1551 192 1591 dicia,
233 1563 303 1595 quo
341 1551 582 1594 propendeant
613 1549 743 1589 animi,
783 1549 869 1594 quid
898 1550 1067 1590 offendat,

82 1602 168 1648 quid
186 1601 368 1645 probetur.
424 1599 565 1634 Utimur
587 1599 695 1642 igitur
710 1599 959 1644 occupatione,
986 1612 1067 1633 cum

82 1653 310 1686 emendamus
332 1651 476 1696 aliquod
502 1651 656 1689 dictum,
697 1656 758 1683 aut
784 1650 987 1693 mitigamus
1011 1650 1066 1682 vel

82 1709 171 1736 tecte
187 1701 240 1734 vel
259 1700 384 1745 palam.
435 1698 481 1735 Et
496 1700 611 1733 locum
629 1697 733 1741 habet
748 1699 785 1731 in
804 1706 875 1733 tota
893 1701 1067 1742 oratione,

81 1754 142 1786 sed
158 1752 195 1784 in
213 1751 365 1784 exordiis
380 1752 518 1795 saepius
535 1749 681 1788 utimur,
708 1757 747 1784 ut
765 1761 827 1793 pro
845 1748 987 1784 Archia.
1015 1751 1067 1784 Ac

82 1815 125 1836 ne
152 1802 231 1847 quis
256 1814 275 1835 a
299 1801 404 1834 nobis
429 1798 495 1835 hoc
521 1801 568 1834 ita
592 1800 662 1833 dici
689 1800 858 1844 miretur,
886 1802 982 1846 quod
999 1801 1065 1835 alia

81 1854 252 1899 quaedam
277 1852 314 1884 in
339 1849 404 1885 hoc
427 1852 572 1886 facultas
594 1850 639 1883 sit
665 1850 797 1894 ingenii
814 1857 877 1884 etc.
930 1850 1066 1885 Reddit

80 1904 175 1937 enim
197 1902 370 1936 rationem
394 1914 501 1947 quare
524 1901 653 1935 dixerit
677 1912 712 1934 se
728 1913 747 1934 a
767 1900 876 1934 Po'e'ta
902 1903 1065 1936 adiutum

80 1966 169 1995 esse,
194 1965 272 1987 cum
288 1952 430 1987 Poe'tica
449 1952 654 1997 longissime
669 1951 775 1985 distet
791 1964 810 1985 a
828 1951 959 1986 forensi
984 1965 1065 1987 ora-

79 2005 188 2040 tione.

181 2052 389 2095 Concessio,
415 2064 494 2086 cum
513 2053 685 2097 quaedam
704 2052 877 2095 largimur
897 2053 1063 2085 adversa-

80 2105 147 2145 rio,
172 2110 213 2138 ut
229 2105 362 2150 reliqua
377 2104 487 2147 magis
504 2103 703 2146 exaggerari
721 2103 869 2146 possint,
896 2109 951 2136 ut:
977 2101 1062 2136 Esto

80 2166 162 2189 vera
179 2154 250 2188 sint
264 2156 446 2198 dogmata,
473 2165 563 2199 quae
586 2155 707 2194 doces,
731 2160 765 2187 at
792 2154 972 2198 quomodo
996 2151 1062 2186 hoc

81 2204 238 2240 excusari
265 2211 395 2248 potest,
429 2205 525 2249 quod
555 2204 698 2237 mutatis
731 2204 860 2237 ritibus
884 2202 1062 2237 Ecclesiae

79 2256 169 2292 tanti
193 2251 388 2289 schismatis
413 2261 516 2289 autor
538 2254 710 2288 extitisti?
761 2253 846 2287 Plus
869 2261 919 2288 est
943 2261 1060 2287 autem

78 2307 116 2340 in
134 2303 319 2340 schismate
337 2305 431 2344 mali,
455 2317 559 2350 quam
575 2305 660 2338 boni
677 2305 714 2338 in
732 2304 803 2337 illis
819 2305 1056 2348 dogmatibus-

77 2357 148 2392 Hic
170 2356 428 2389 ostendendum
453 2356 517 2389 erit
541 2355 735 2396 defensori,
763 2356 859 2400 quod
883 2356 943 2388 illa
971 2357 1059 2399 dog-

79 2415 172 2443 mata
187 2408 379 2440 neccssaria
397 2405 468 2439 sint
482 2403 675 2444 Ecclesiae,
703 2412 735 2439 et
760 2417 863 2439 causa
887 2404 1059 2440 schisma—

77 2459 122 2494 tis
154 2457 395 2491 transferenda
432 2455 470 2487 in
500 2453 581 2496 hOS,
622 2456 684 2501 qui
716 2456 846 2490 iniuste
876 2458 1058 2492 damnant.

80 2508 208 2543 Graeci
224 2514 350 2541 vocant
370 2503 666 2553 παρομολογίαν,
691 2508 947 2551 propemodum
972 2519 1058 2541 con-

75 2559 274 2594 sessionem.

180 2603 471 2655 Παραδιαστολη
495 2617 573 2639 cum
600 2605 647 2639 ita
672 2606 806 2651 aliquid
840 2609 1056 2650 conceditur,

76 2666 115 2695 ut
132 2660 286 2694 vicinum
304 2658 472 2704 quiddam
492 2653 628 2691 detrahi
644 2657 774 2701 possit,
800 2666 839 2692 ut
856 2659 984 2693 veritas
1003 2660 1054 2693 la-

718 106 778 142 lv,
832 102 1109 140 ELEMENTA
1149 101 1483 141 RHETORICES.

2045 108 2119 142 490

1136 188 1263 222 horare
1280 195 1412 232 potest,
1438 190 1591 234 opprimi
1613 203 1685 225 non
1702 198 1826 237 potest.
1880 191 2009 226 Fabius
2032 206 2116 227 con-

1133 246 1225 273 tator
1243 245 1311 277 est,
1339 240 1519 283 negligens
1538 254 1610 275 non
1629 249 1689 277 est.

1231 296 1381 330 Formae
1398 300 1636 342 respondendi
1653 308 1746 343 sunt,
1771 314 1850 335 cum
1865 308 1926 336 aut
1942 302 2113 346 simplici-

1127 354 1181 382 ter
1197 349 1432 391 respondetur
1457 350 1501 380 ad
1525 349 1856 394 interrogationem,
1889 360 1949 387 aut
1973 354 2112 386 tollitur

1127 398 1306 444 quaestio,
1334 397 1495 443 opposito
1521 408 1727 442 argumento
1753 403 1922 444 firmiore,
1948 410 2002 437 ut:
2030 403 2111 437 Dis-

1126 449 1227 483 ficilis
1246 449 1347 482 labor
1371 456 1421 482 est
1444 450 1630 482 exercendi
1653 452 1753 496 styli,
1784 454 1843 486 sed
1865 451 1970 487 habet
1997 454 2109 497 pluri-

1125 511 1198 533 mas
1216 511 1254 533 ac
1271 499 1438 533 maximas
1455 499 1638 536 utilitates.
1691 500 1806 535 Habet
1822 503 1955 547 aliquid
1973 504 2109 537 incom—

1123 551 1220 584 modi
1238 557 1313 584 mut
1316 551 1386 583 atio
1403 550 1549 591 rituum,
1574 551 1632 583 sed
1651 551 1731 594 plus
1746 549 1877 585 habent
1893 554 2109 587 incommodi

1122 601 1208 634 falsa
1230 601 1411 644 dogmata,
1452 599 1580 634 Graeci
1612 608 1739 636 vocant
1770 614 1816 637 αι
1821 602 2047 650 θυποᾳοοαν
2075 612 2107 638 et

1122 649 1297 699 (ivraw‘ay
1300 647 1414 699 ωγήγ.
1932 660 1949 678 t

1463 744 1521 777 Ex*
1547 743 1742 779 similibus.

1222 808 1451 853 Comparatio
1468 810 1657 844 maximam
1676 810 1749 843 vim
1768 806 1875 844 hahet
1892 809 1930 842 in
1957 810 2106 855 amplifi·

1120 860 1247 894 cando.
1299 859 1372 894 Res
1388 860 1483 894 enim
1500 873 1622 895 omnes
1640 867 1799 894 crescunt
1821 867 1882 894 aut
1904 861 2107 895 decrescunt

1120 922 1181 953 per
1198 910 1437 948 collationem.
1490 910 1570 944 Huc
1586 912 1765 955 pertinent
1779 911 1846 944 loci
1866 911 2039 945 dialectici
2065 924 2104 944 ex

1119 960 1217 1004 pari,
1244 973 1285 994 ex
1304 962 1458 1006 maiore,
1485 974 1525 995 ex
1546 963 1702 1004 minore,
1735 962 1910 1006 exempla,
1942 961 2106 1005 Apologi‚

1118 1011 1306 1055 parabolae
1324 1008 1472 1054 εἰκόνες,
1495 1018 1534 1046 ut
1549 1024 1628 1046 cum
1647 1013 1771 1057 lupum
1790 1012 1913 1045 dicunt
1930 1024 1992 1055 pro
2010 1013 2104 1044 malo

1118 1062 1274 1095 doctore.
1327 1062 1468 1107 Ubique
1485 1069 1567 1096 sunt
1584 1063 1688 1096 obvia
1711 1061 1839 1097 horum
1862 1063 2020 1096 locorum
2047 1075 2104 1094 cx-

1118 1112 1251 1156 empla,
1278 1118 1311 1145 et
1327 1113 1428 1146 facile
1447 1113 1589 1156 agnosci
1607 1120 1766 1158 possunt.
1819 1114 1871 1146 Ac
1888 1114 1954 1146 loci
1973 1113 2039 1157 ipsi
2066 1113 2103 1144 in

1117 1163 1297 1196 dialectica
1321 1163 1404 1197 satis
1430 1170 1647 1203 tractantur,
1682 1176 1790 1209 quare
1816 1162 1873 1197 hic
1897 1161 1988 1196 nihil
2015 1174 2103 1208 opus

1117 1219 1167 1247 est
1183 1225 1240 1247 eos
1258 1213 1393 1257 prolixe
1409 1215 1593 1258 explicare.

1219 1271 1516 1318 Προσωποποιΐα
1549 1285 1628 1307 cum
1667 1284 1815 1316 persona
1852 1273 2013 1316 fingitur,
2065 1279 2104 1306 ut

1116 1322 1423 1367 apud-Yirgilium
1460 1323 1587 1362 Fama,
1620 1331 1680 1354 ant
1711 1336 1789 1354 cnm
1816 1324 1866 1355 rei
1889 1324 2102 1356 inanimatae

1115 1381 1256 1404 sensum
1273 1371 1482 1411 tribuimus,
1509 1378 1562 1404 ut:
1592 1369 1666 1403 Vos
1682 1371 1801 1405 albani
1818 1372 1958 1407 tumuli.

1217 1428 1474 1464 Sermocinatio
1498 1425 1756 1476 διαλόγισμος,
1790 1444 1869 1464 cum
1903 1432 2100 1466 orationem

1114 1491 1283 1523 personae
1300 1480 1405 1513 alicui
1423 1480 1632 1519 tribuimus,
1661 1488 1699 1514 ut
1718 1482 1745 1514 si
1763 1482 1841 1526 quis
1859 1482 1966 1526 fingat
1982 1482 2101 1515 Maxi—

1114 1530 1301 1563 milianum
1320 1531 1357 1563 in
1376 1531 1537 1564 oratione
1555 1530 1738 1565 adhortari
1756 1533 1925 1566 Carolum
1945 1534 2100 1578 Impera-

1089 1584 1091 1593 ⁴
1115 1587 1226 1614 torem
1244 1582 1287 1614 ad
1304 1583 1550 1626 componenda
1565 1580 1744 1615 Ecclesiae
1761 1584 1919 1619 dissidia.

1508 1676 1541 1709 A
1564 1687 1713 1723 yenere.

1214 1740 1399 1776 Sententia
1420 1741 1553 1789 γναῇιιη
1579 1744 1773 1777 continens
1797 1751 2021 1788 praeceptum
2054 1746 2098 1778 de

1113 1792 1286 1833 morIbus,
1313 1801 1374 1828 aut
1391 1794 1525 1826 dictum
1542 1795 1585 1827 de
1602 1794 1722 1839 aliquo
1739 1794 1830 1827 vitae
1845 1806 1936 1836 casu,
1950 1802 1988 1829 ut
2003 1797 2098 1839 apud

1112 1841 1335 1876 Ciceronem:
1373 1842 1485 1876 Vultu
1507 1855 1607 1888 saepe
1633 1844 1785 1878 laeditur
1810 1845 1929 1888 pietas.
1991 1845 2094 1879 Item:

1112 1891 1328 1926 Posteriores
1345 1894 1591 1936 cogitationes,
1619 1895 1859 1939 sapientiores.
1906 1895 2097 1930 Ducuntur

1112 1955 1130 1976 a
1156 1954 1301 1985 genere,
1327 1944 1459 1976 scilicet
1482 1956 1500 1976 a
1525 1945 1602 1977 loco
1631 1946 1832 1986 communi,
1859 1959 1877 1980 a
1903 1947 2047 1985 virtute,
2076 1959 2096 1980 a

1111 1993 1276 2034 fortuna,
1302 2004 1321 2026 a
1337 1994 1524 2037 prudentia
1542 2002 1574 2028 et
1594 1995 1780 2029 similibus.
1833 1995 2096 2031 Admonuimus

1112 2049 1228 2077 autem
1261 2055 1367 2087 supra
1397 2045 1621 2088 probationes
1653 2058 1693 2079 ex
1723 2047 1852 2080 talibus
1879 2049 1964 2081 locis
1994 2049 2095 2081 sumi.

1110 2092 1200 2127 Nam
1225 2094 1340 2127 maior
1363 2094 1402 2127 in
1431 2095 1652 2140 syllogismo,
1679 2097 1879 2141 saepissime
1902 2105 1951 2131 est
1975 2098 2094 2142 aliqua

1111 2144 1309 2178 communis
1321 2146 1506 2180 sententia.
1537 2146 1657 2192 ltaque
1667 2154 1874 2181 ornamenta
1889 2145 1971 2181 hinc
1988 2149 2093 2182 etiam

1110 2195 1203 2228 sumi
1230 2206 1369 2229 necesse
1393 2202 1454 2230 est.
1506 2195 1586 2230 Huc
1612 2198 1790 2242 pertinent
1811 2198 1919 2241 leges,
1946 2210 2092 2242 prover-

1109 2245 1168 2279 bia
1190 2252 1225 2280 et
1246 2246 1339 2280 dicta
1363 2247 1538 2280 clarorum
1566 2248 1724 2282 virorum
1748 2259 1836 2293 quae
1861 2256 1988 2283 vocant
2009 2248 2091 2295 κρί-

1109 2306 1199 2337 σεις,
1220 2296 1323 2342 quale
1341 2304 1392 2331 est
1411 2297 1544 2332 dictum
1563 2297 1723 2332 Catonis:
1750 2297 1900 2332 Radices
1918 2300 2089 2334 virtutum

1107 2359 1242 2380 amaras
1259 2359 1349 2389 esse,
1373 2348 1507 2382 fructus
1523 2349 1653 2384 dulces.

1206 2404 1455 2451 Epiphonema
1476 2414 1526 2441 est
1543 2406 1769 2450 amplificatio
1788 2404 1999 2450 honestatis,
2026 2420 2087 2444 seu

1106 2457 1306 2500 dignitatis,
1337 2458 1517 2498 utilitatis,
1551 2457 1742 2498 facultatis,
1778 2457 2013 2500 difficultatis,
2047 2461 2085 2494 in

1105 2508 1173 2540 fine
1189 2508 1307 2542 addita
1323 2509 1366 2541 ad
1382 2508 1576 2550 augendam
1593 2507 1874 2545 admirationem.
1901 2510 2085 2544 Interdum

1105 2559 1208 2592 etiam
1225 2569 1364 2591 causam
1378 2558 1459 2591 sacti
1474 2556 1643 2597 continet,
1669 2569 1831 2602 magnam
1847 2561 1994 2594 omnino
2013 2561 2084 2594 vim

1104 2606 1221 2644 habet.
1246 2608 1425 2642 Admonet
1441 2608 1534 2641 enim
1551 2608 1607 2641 vel
1625 2609 1709 2654 quid
1726 2617 1858 2653 agatur,
1881 2611 1935 2644 vel
1951 2619 2083 2657 quanta

1103 2671 1157 2693 res
1173 2664 1308 2702 agatur,
1336 2658 1419 2703 quia
1435 2659 1600 2694 transfert
1616 2671 1692 2694 eam
1716 2661 1761 2695 ad
1783 2661 1898 2696 locum
1925 2674 2082 2695 commu·
