2379 2948
159 94 203 129 41
908 91 953 126 11.
987 87 1138 125 LIBER
1164 86 1230 123 DE
1258 87 1433 125 ANIMA.
2144 84 2193 118 42

161 180 236 212 niat
263 190 367 211 venas
398 179 612 212 mesaraicas.

672 176 767 210 Huic
797 176 894 209 carni
919 174 1148 219 glandulosae
1172 182 1175 213 t
1199 185 1306 206 unam
1326 174 1401 206 eius
1419 185 1490 206 esse
1506 172 1695 206 sectionem
1715 171 1820 204 initio
1839 170 1928 203 cii-ca
1939 168 2098 212 superius
2111 169 2183 200 ori-

162 242 291 262 nomen
311 230 486 273 peculiare
503 230 710 263 attributum
729 234 777 260 cst
794 224 1048 274 πάγκρεαςεοι]
1059 227 1148 259 καλ-
1171 214 1174 278 l
1198 224 1316 256 ficium
1349 224 1546 257 ventriculi.

1615 222 1689 256 Has
1721 228 1899 256 accuratas
1930 219 2182 262 descriptiones

162 279 315 324 aleva-ag.

161 332 350 374 depravato
370 331 530 371 nomine,
557 341 575 362 a
592 340 713 371 graeco
735 325 961 375 καλλίκρεας.

513 438 624 480 Epar.
673 437 791 470 Iecur.

265 503 484 537 Generosum
501 503 698 536 membrum
718 510 767 536 cst
787 500 897 546 Epar,
924 509 956 535 et
976 501 1068 533 inter
1086 511 1144 532 or-

161 568 248 599 gana
273 554 462 586 nutritivae
480 554 657 597 potentiae
675 554 881 587 nominatur
904 552 1144 597 praecipuum,

163 606 243 651 quia
263 611 313 637 est
330 604 469 637 officina
494 604 686 647 sanguinis.

260 653 325 688 Est
343 661 458 687 autem
484 655 675 688 substantia
703 655 776 688 eius
802 666 881 688 caro
908 654 1033 693 rubra,
1062 664 1143 696 pro-
1169 670 1171 684 ι

160 707 349 749 pemodum
372 712 410 739 ut
443 706 645 748 coagulatus
677 706 836 748 sanguis,
864 706 921 737 sed
949 712 1064 738 tamen
1082 714 1142 735 sua

160 762 285 789 natura
304 756 472 801 quiddam
493 758 695 800 perfectum.
724 758 775 788 Ac
793 757 829 788 iu
848 763 957 789 totam
977 755 1049 787 eius
1067 766 1142 787 car-

160 819 240 840 nem
266 819 327 840 ceu
351 813 422 839 rete
444 808 642 851 quoddam,
675 807 848 850 plurimae
874 819 982 838 venae
1006 816 1142 847 sparsae
1169 830 1170 833 ,

161 864 255 898 sunt,
284 870 432 902 quarum
451 858 539 890 aliae
557 859 706 891 tendunt
722 859 763 890 ad
782 858 888 890 imam
905 864 1053 901 partem,
1081 855 1142 888 nbi

160 915 295 942 meatus
311 915 360 942 est
378 908 552 952 accipiens
570 906 732 953 cllylum,
758 909 794 940 in
820 921 889 953 quo
918 915 1032 941 meatu
1055 918 1142 939 vena
1168 934 1170 940 ⁴

162 965 214 992 ast
227 959 396 1003 amplior,
424 959 481 991 cni
508 971 637 992 nomen
663 967 712 993 est
735 971 821 992 vena
848 965 967 1003 portae
993 959 1028 990 in
1052 955 1142 990 banc

161 1021 288 1054 parvae
307 1010 386 1042 illae
403 1010 612 1053 propagines
630 1022 669 1043 ex
697 1022 843 1054 corpore
870 1010 979 1053 epatis
1004 1011 1141 1041 coeunt.
1168 1017 1171 1031 ¹

160 1061 213 1093 Ac
237 1072 368 1092 nomen
394 1067 444 1093 est
463 1059 589 1094 Portae
613 1057 695 1094 huic
722 1073 849 1099 venae,
878 1061 959 1105 quia
984 1072 1044 1104 per
1069 1071 1143 1091 eam

162 1109 343 1144 invehitur
360 1108 484 1156 cbylus
504 1111 540 1144 in
567 1124 662 1155 epar.
716 1111 816 1145 Aliae
835 1123 972 1144 sursum
995 1111 1145 1144 tendunt

162 1162 198 1194 in
216 1162 359 1204 gibbum
387 1162 514 1205 epatis,
546 1169 579 1195 et
604 1166 734 1196 coeunt
764 1163 800 1194 iu
827 1162 979 1206 amplam
1006 1173 1145 1200 venam,

164 1225 252 1256 quae
278 1213 485 1245 nominatur
509 1224 597 1246 vena
622 1225 725 1254 cava,
762 1225 881 1256 graece
907 1211 1028 1257 κοιλὴ,
1059 1224 1146 1255 quae

162 1263 367 1303 sangninem
388 1260 481 1296 vehit
498 1264 539 1295 ad
564 1276 644 1304 cor,
672 1270 708 1297 nt
727 1271 842 1307 postea
860 1264 1006 1297 dicetur.
1045 1261 1146 1294 Hanc

161 1324 286 1344 venam
315 1308 440 1354 κοιλῄν
470 1309 629 1343 Galenus
659 1315 832 1348 existimat
859 1314 1012 1358 primum
1038 1325 1146 1345 vena—-

164 1374 242 1395 rum
260 1369 403 1394 nntium
424 1372 507 1395 esse.

264 1419 497 1464 Pcrcoquitur
513 1426 626 1453 antem
644 1417 767 1465 cbylus
783 1420 818 1453 in
835 1417 1017 1463 liisparvis
1036 1430 1147 1450 venn-

163 1472 205 1506 lis
224 1472 259 1504 in
292 1483 437 1513 corpore
470 1471 597 1514 epatis,
625 1477 657 1504 et
682 1472 717 1503 in
741 1471 947 1514 sangninem
973 1469 1148 1503 converti-
1173 1489 1174 1501 i

162 1530 230 1556 tur.
267 1521 317 1555 Ac
334 1521 474 1564 propria
497 1533 597 1554 cansa
617 1529 824 1555 convertens
847 1519 989 1567 cbylum
1010 1527 1058 1553 cst
1076 1521 1148 1563 ipsa

163 1574 272 1616 epatis
309 1584 408 1608 caro,
445 1584 533 1616 quae
558 1584 618 1604 sua
641 1573 799 1616 specifica
823 1573 952 1606 xirtnte
975 1583 1147 1613 organum

163 1631 211 1657 est
230 1623 418 1667 generandi
440 1623 636 1665 sanguinis,
669 1636 738 1667 quo
765 1635 891 1667 corpus
914 1622 1145 1656 nutriendum

163 1682 222 1708 est.
278 1673 523 1706 'l'ransl'ormat
541 1674 648 1715 igitur
665 1672 820 1720 cbylum,
848 1681 880 1707 et
897 1681 1062 1717 tanquam
1081 1672 1147 1704 sibi

1173 1512 1175 1521 i
1199 1492 1453 1532 propagantur.

164 1724 360 1758 assimilans
383 1725 530 1756 rubrum
557 1724 673 1758 efficit.
734 1723 867 1769 Estque
892 1732 1148 1767 temperamen-

164 1783 238 1809 tum
262 1774 371 1817 epatis
397 1774 550 1806 calidum
575 1780 607 1806 et
635 1772 840 1815 humidum,
876 1774 1090 1807 conveniens
1116 1780 1149 1806 et

165 1825 365 1864 dicationi,
399 1831 430 1857 et
457 1824 523 1867 ipsi
548 1824 722 1867 sangnini.

163 1888 292 1921 parvae
311 1874 457 1907 arteriae
478 1875 512 1907 in
539 1887 621 1918 epar
645 1876 689 1908 ab
710 1875 838 1915 Anda,
866 1883 904 1909 nt
927 1875 1070 1919 spiritns
1095 1875 1148 1906 vi-
1172 1873 1174 1909 Ι

164 1927 250 1961 tales
267 1933 297 1958 et
323 1926 473 1958 calorem
501 1925 640 1959 vitalem
668 1927 758 1969 epati
794 1928 973 1965 adferant,
1000 1933 1037 1958 nt
1064 1937 1148 1957 con-
1171 1913 1174 1953 f

165 1977 279 2010 versio
297 1976 424 2009 virtute
442 1976 575 2016 cordis,
602 1977 790 2019 spirituum
810 1984 841 2010 et
859 1977 983 2011 caloris
1002 1977 1147 2009 adiuve-
1171 1983 1174 2014 t

165 2035 234 2062 tur.
286 2026 368 2061 Ideo
388 2033 503 2060 autem
520 2040 645 2071 parvae
661 2034 764 2067 sunt,
788 2028 870 2073 quia
889 2040 960 2061 non
980 2025 1149 2060 hauriunt

165 2080 215 2112 ibi
238 2078 464 2121 sangninem,
498 2078 556 2110 sed
581 2075 759 2111 advebunt
781 2079 963 2122 spiritum,
991 2084 1023 2111 et
1049 2090 1149 2122 prae-

165 2130 250 2163 bent
268 2129 360 2162 viam
385 2129 586 2161 emittendis
613 2126 801 2170 balitibnS‚
828 2142 887 2163 seu
912 2131 953 2162 ad
979 2136 1148 2162 evoman-

166 2181 263 2213 dum.
318 2178 528 2212 luseruntur
544 2186 577 2212 et
601 2180 671 2212 duo
688 2180 788 2212 nervi
818 2180 856 2214 iu
887 2181 1042 2214 tunicam
1066 2192 1149 2224 epa-
1170 2153 1175 2188 i

167 2231 230 2271 tis,
263 2230 351 2263 raris
384 2242 422 2263 ac
446 2230 592 2262 modicis
618 2231 784 2271 surculis,
820 2244 971 2277 quorum
995 2232 1084 2265 alter
1113 2231 1149 2263 in

167 2291 295 2324 eorpus
332 2281 440 2325 epatis
465 2280 734 2323 transmittitur,
767 2294 812 2314 ne
840 2293 984 2327 prorsus
1009 2282 1053 2316 sit
1076 2282 1151 2315 sine

167 2343 283 2365 sensu.

787 1825 948 1870 Suntque
980 1825 1149 1857 deductae
1173 1827 1174 1833 ¹

268 2387 333 2423 Est
354 2394 468 2422 autem
495 2390 604 2433 figura
629 2390 861 2433 semicirculi,
888 2403 948 2425 seu
968 2393 1064 2426 velut
1078 2392 1152 2426 Lu·-

167 2452 232 2474 nae
248 2439 456 2485 prodeuntis
473 2451 491 2472 a
511 2441 783 2481 coniunctione,
811 2449 844 2476 et
870 2444 935 2476 snb
962 2441 1152 2488 diaphrag-

166 2499 260 2527 mate
277 2491 384 2523 situm
401 2495 450 2522 est
476 2489 513 2522 in
533 2491 656 2525 dextro
676 2489 961 2538 hypochondrio.

270 2546 478 2582 Ostendunt
507 2554 623 2581 autem
665 2551 781 2592 oculi,
833 2565 916 2596 epar
962 2552 1150 2597 porcinum

168 2599 282 2633 scindi
302 2600 339 2632 in
355 2599 472 2642 plures
490 2598 627 2642 pinnas.
667 2599 735 2634 Sed
753 2600 947 2637 humanum
967 2615 1050 2647 epar
1066 2605 1151 2636 scri-

166 2650 416 2685 bitWesalius
430 2661 502 2682 non
520 2660 665 2693 prorsus
683 2649 797 2685 simile
813 2665 885 2688 esse
903 2654 1064 2699 porcine,
1091 2656 1150 2688 sed

377 280 511 313 Arabes
544 278 733 312 nominant
756 276 955 318 Eucarum,
987 276 1146 310 fortassis
1171 279 1173 303 !
1199 273 1376 306 reiicimus
1393 275 1435 306 ad
1454 274 1726 316 inspectionem,
1754 271 1811 306 hic
1831 271 1925 305 enim
1950 270 2051 303 initia
2078 269 2179 301 rudi-

1197 325 1263 357 bus
1280 325 1487 364 traduntur,
1516 336 1558 355 ne
1580 335 1721 366 prorsus
1743 324 1860 366 ignota
1879 322 1947 354 sint
1971 320 2179 365 praecipua—

1197 387 1275 408 rum
1294 375 1472 407 actionum
1497 374 1675 406 domicilia
1693 381 1726 407 et
1745 375 1841 406 sedes
1859 373 1895 405 in
1914 370 2070 406 homine.
2107 369 2179 411 Qui

1198 437 1281 458 vero
1298 425 1486 465 dixerunt,
1514 424 1638 468 pinnas
1656 435 1715 456 seu
1734 421 1867 468 λόβους
1897 422 2006 466 epatis
2022 420 2179 466 quinque

1197 488 1256 509 seu
1274 483 1424 520 quatuor
1443 486 1534 514 esse,
1562 474 1705 506 nomina
1724 475 1828 506 etiam
1845 473 1990 515 singulis
2006 471 2178 505 attribue-

1197 534 1292 560 ruut.
1346 526 1486 559 Primae
1506 525 1633 568 pinnae
1650 523 1837 567 adpellatio
1853 524 1944 565 apud
1963 523 2042 555 illos
2057 529 2104 554 est
2126 521 2177 553 fo-

1197 589 1275 617 cus,
1303 578 1396 621 qnod
1418 576 1465 609 ibi
1486 576 1627 608 initium
1647 576 1703 607 stit
1721 574 1899 607 coctionis,
1942 572 2103 606 Secunda
2122 572 2176 603 di-

1197 628 1288 660 citur
1312 639 1451 668 mensa,
1480 628 1573 670 quod
1593 626 1660 658 iani
1682 625 1827 669 incipiat
1844 623 1891 655 ibi
1912 623 2087 654 confluere
2110 634 2177 654 nu-

1472 677 1593 710 'l'ertia
1617 676 1747 716 culter,
1780 674 1873 720 quod
1902 673 1951 705 ibi
1973 673 2179 705 dividantur

1428 727 1562 770 Quarta
1580 727 1718 769 auriga,
1749 726 1829 770 quia
1850 725 1892 757 ad
1911 735 2033 755 venam
2059 734 2178 754 cavam

1196 679 1411 712 tritu-tntum.

1197 727 1374 762 humores.

1169 804 1170 809 ,
1196 780 1407 814 transvectio
1429 780 1477 812 ibi
1496 779 1563 811 siat.
1592 776 1668 811 Etsi
1686 784 1800 810 autem
1820 773 1883 808 brie
1903 773 2071 818 pinnulae
2083 784 2178 805 com-

1169 845 1170 849 *
1196 831 1380 863 meuticiae
1412 842 1482 863 esse
1513 829 1697 868 dicuntur,
1733 834 1850 861 tamen
1881 822 1944 858 bas
1971 822 2180 867 adpellatio-

1196 894 1257 914 nes
1273 882 1489 913 diversarum
1507 880 1731 913 functionum
1748 876 1913 916 recitavi,
1941 875 2022 919 quia
2043 871 2091 914 bi,
2116 872 2176 916 qui

1196 944 1252 965 eas
1282 932 1527 969 tradiderunt,
1568 930 1730 963 ordinem
1764 928 1942 961 actionum
1972 925 2181 967 cogitarunt,

1197 983 1332 1016 etiamsi
1357 982 1465 1025 epatis
1482 982 1590 1024 figura
1609 981 1730 1013 scissas
1750 977 1816 1012 hoc
1841 978 1948 1010 modo
1967 983 2080 1019 partes
2105 986 2177 1006 nou

1198 1032 1353 1067 baberet.

1300 1082 1440 1117 Omitto
1457 1083 1560 1116 etiam
1577 1078 1849 1125 disputationem
1867 1079 1909 1111 ‹le
1924 1086 2093 1110 venarum
2107 1073 2180 1106 ori-

1199 1135 1290 1178 gine,
1320 1146 1470 1179 quarum
1487 1145 1558 1166 esse
1576 1132 1731 1172 initium,
1758 1137 1791 1163 et
1805 1129 1911 1163 veluti
1930 1134 2093 1161 truncum
2109 1124 2182 1157 Ga-

1198 1187 1299 1218 lenus
1317 1185 1490 1218 existimat
1508 1196 1627 1217 cavam
1645 1193 1790 1221 venam,
1815 1191 1904 1225 quae
1931 1185 1981 1211 est
2008 1178 2044 1209 in
2070 1187 2180 1217 supe—

1199 1237 1292 1270 riore
1318 1243 1414 1279 parte
1449 1235 1567 1278 epatis.
1627 1233 1704 1267 Hoc
1728 1244 1810 1264 vero
1837 1237 1970 1263 certum
1996 1234 2062 1267 est,
2089 1223 2182 1258 hanc

1172 1296 1173 1301 ¹
1199 1299 1271 1320 esse
1302 1286 1475 1324 canalem,
1510 1297 1578 1329 quo
1604 1283 1743 1326 sanguis
1764 1281 1917 1325 primum
1944 1276 2104 1311 evehitur
2135 1276 2180 1308 ad

1199 1338 1387 1371 nutrienda
1405 1343 1540 1369 coetera
1557 1334 1724 1365 membra.
1768 1331 1936 1363 Ascendit
1963 1335 2078 1361 autem
2098 1337 2182 1359 cava

1200 1397 1287 1418 vena
1312 1397 1373 1429 per
1398 1384 1639 1426 diaphragma.
1699 1379 1834 1425 Estque
1867 1379 2034 1411 continua
2058 1378 2180 1409 dextro

1199 1436 1395 1470 ventriculo
1415 1435 1550 1473 cordis,
1578 1434 1660 1465 inde
1685 1443 1823 1465 sursum
1841 1437 1874 1463 et
1902 1431 2067 1461 deorsum
2092 1427 2180 1459 rami

1507 1484 1647 1530 Ulysses
1670 1482 1804 1527 inquit,
1830 1492 1864 1514 se
1882 1480 2109 1518 deliberasse,
2135 1488 2181 1509 an

1199 1551 1235 1572 ea
1254 1545 1351 1582 parte
1376 1536 1579 1569 confoderet
1594 1534 1802 1580 Cyclopem,
1827 1532 1889 1566 ubi
1915 1541 1998 1574 epar
2021 1529 2182 1562 iunctum

1199 1596 1249 1622 est
1266 1587 1479 1632 pllrenibus‚
1512 1584 1577 1619 hoc
1595 1592 1644 1618 est
1657 1611 1665 1627 ‚
1694 1581 1951 1627 diaphragmati
1966 1606 1974 1619 ‚
2001 1579 2084 1625 quia
2100 1590 2181 1623 per-

1173 1647 1174 1655 *
1200 1642 1289 1674 fossa
1316 1650 1404 1672 vena
1437 1650 1539 1675 cava,
1573 1636 1688 1669 statim
1716 1634 1889 1668 extinctus
1912 1638 1999 1665 esset
2023 1629 2183 1675 CyclopS,

1173 1704 1175 1711 ’
1199 1691 1357 1724 desiisset
1373 1688 1467 1722 enim
1487 1688 1533 1721 ali
1555 1687 1723 1719 beneficio
1741 1696 1845 1718 cavae
1863 1695 1989 1722 xenae,
2017 1687 2049 1714 et
2066 1688 2181 1713 stran-

1199 1742 1337 1783 gulatus
1355 1746 1443 1773 esset
1468 1738 1639 1781 sangnine
1667 1737 1778 1769 effuso
1806 1742 1900 1768 extra
1924 1745 2005 1766 suos
2031 1731 2181 1764 canales.

1173 1808 1174 1814 ¹
1200 1792 1329 1825 Versus
1358 1797 1407 1823 cst
1434 1790 1469 1822 in
1495 1788 1598 1821 Nono
1623 1785 1820 1831 Odysseae:
1857 1779 2059 1827 οὐτάλιιειάι
2091 1776 2181 1826 πρὸς

1172 1863 1174 1869 ν
1199 1842 1337 1887 στῆθος
1354 1840 1417 1874 ὅθι
1434 1838 1562 1885 ([πρέιές
1578 1833 1674 1883 ἧπαρ
1691 1836 1849 1881 ἔχουσιν.

1300 1891 1357 1925 Fit
1376 1892 1412 1924 in
1436 1897 1509 1923 toto
1535 1900 1682 1932 corpore
1717 1887 1826 1930 epatis
1848 1885 1886 1918 in
1911 1882 2049 1916 venulis
2072 1891 2179 1924 gene-

1198 1943 1288 1977 ratio
1305 1954 1435 1975 massae
1452 1940 1682 1983 sanguineae,
1709 1938 1746 1970 in
1769 1949 1836 1982 qua
1863 1942 1904 1969 ut
1920 1940 2038 1979 postea
2055 1933 2097 1965 de
2114 1928 2180 1963 bu-

1198 1994 1358 2027 moribus
1382 1992 1452 2025 dici
1470 1990 1641 2035 prolixius
1658 2000 1794 2021 necesse
1817 1987 1899 2027 erit,
1924 1990 2008 2018 sunt
2025 1981 2182 2017 dissimi-

1197 2046 1247 2078 les
1270 2042 1436 2077 humores
1469 2048 1637 2086 quatuor,
1676 2040 1771 2085 quod
1799 2037 1960 2072 Galenus
1982 2033 2184 2068 describens

1198 2094 1444 2129 venustissima
1462 2092 1696 2125 similitudine
1720 2089 1827 2123 musti
1850 2097 1935 2121 usus
1957 2092 2018 2119 est.
2073 2083 2120 2118 Ut
2145 2082 2182 2115 in

1199 2146 1323 2180 mustis
1342 2143 1649 2178 effervescentibus
1666 2141 1813 2174 ebullire
1829 2139 1988 2171 videmus
2005 2136 2038 2167 id
2050 2161 2059 2175 ‚
2086 2134 2181 2178 quod

1199 2197 1341 2231 tenuius
1357 2203 1426 2235 cst,
1451 2200 1483 2227 et
1501 2204 1644 2238 spumae
1663 2191 1795 2231 simile,
1820 2189 1915 2234 quod
1932 2187 2004 2230 ipse
2022 2184 2184 2218 nominat

1173 2264 1175 2267 ¹
1200 2248 1341 2290 ἄνθος,
1368 2246 1497 2280 deinde
1525 2244 1694 2290 quiddam
1717 2242 1829 2274 inesse
1850 2248 2040 2282 aquosum,
2067 2235 2183 2268 subsi-

1201 2301 1282 2333 dere
1300 2299 1403 2332 etiam
1421 2297 1528 2334 feces,
1557 2301 1590 2328 et
1605 2299 1742 2338 praeter
1763 2289 1848 2323 haec
1870 2287 1946 2321 vini
1974 2286 2181 2321 sustantiam

1202 2361 1274 2384 esse
1290 2350 1412 2393 purius
1428 2347 1615 2392 quiddam,
1642 2351 1674 2377 et
1689 2341 1813 2375 melius
1832 2345 2075 2383 temperatum.
2132 2335 2184 2370 lta

1202 2402 1240 2434 in
1257 2411 1367 2434 massa
1385 2397 1575 2441 sanguinea
1592 2394 1737 2428 totidem
1754 2397 1835 2424 sunt
1851 2387 2042 2423 humorum
2061 2387 2185 2428 discri-

1202 2452 1313 2487 mina.
1363 2449 1493 2483 Levior
1509 2456 1629 2490 spuma
1649 2450 1699 2476 est
1714 2442 1797 2476 bilis
1806 2441 1908 2475 flava.
1944 2438 2085 2473 Humor
2100 2438 2185 2471 sub-

1202 2512 1354 2548 aquosus
1385 2499 1589 2532 nominatur
1618 2492 1791 2539 phlegma.
1850 2491 1957 2525 Feces
1983 2490 2064 2523 bilis
2095 2495 2182 2524 atra.

1203 2552 1355 2596 Sanguis
1378 2561 1480 2587 vero,
1514 2558 1594 2590 pars
1618 2545 1769 2589 optima,
1802 2547 1992 2587 temperate
2015 2540 2126 2573 calida
2152 2544 2185 2572 et

1203 2602 1369 2641 humida,
1402 2598 1533 2637 dulcis,
1564 2604 1597 2630 et
1626 2595 1812 2641 praecipua
1848 2604 1929 2638 pars
1960 2589 2181 2625 nutrimenti.

1202 2653 1280 2690 Etsi
1296 2658 1411 2687 autem
1432 2661 1472 2683 ex
1496 2647 1643 2692 singulis
1661 2646 1820 2692 partibus
1845 2643 1957 2690 aliqui
1982 2641 2095 2686 rivuli
2113 2651 2182 2673 una
