2379 2948
171 116 243 151 547
411 110 617 146 SCRIPTA
645 109 719 143 PII.
747 105 862 140 MEL.
889 106 954 140 AD
981 105 1107 141 HIST.
1135 100 1279 140 PROF.
1307 99 1371 136 ΕΤ
1400 99 1593 136 PHILOS.
1621 99 1938 138 SPECTANTIA.
2115 101 2188 138 548

410 200 512 239 Quae
536 200 593 229 est
614 196 744 239 quinta
768 193 923 240 regula?

275 266 428 300 Cuilibet
453 264 599 297 relativo
626 262 814 305 respondet
844 273 946 294 suum
976 259 1155 293 correlati-
1182 286 1183 299 ἢ

177 331 277 357 vum,
304 325 359 352 ut,
397 327 474 348 cum
498 314 600 346 dicis:
631 312 820 357 Cambyses
848 320 897 346 est
920 312 1031 351 filius,
1066 308 1156 343 nihil

178 368 325 410 intelligi
348 372 475 410 potest,
511 364 577 396 nisi
609 364 734 403 addas,
769 363 866 396 cuius
896 363 939 396 sit
969 362 1077 401 filius,
1103 367 1156 393 ut:

176 420 364 462 Cambyses
397 422 446 449 est
484 415 576 448 filius
599 414 693 459 Cyri.
758 413 840 447 Ideo
866 413 1071 447 Aristoteles
1103 412 1157 443 in-

174 470 268 515 quit,
303 467 449 500 relativa
474 466 543 499 dici
567 463 659 511 πρὸς
683 463 994 510 ἀντιστρέφοντα,
1033 465 1067 496 id
1095 468 1157 501 est,

174 532 244 553 esse
264 525 402 552 mutuas
419 517 643 556 collationes,
670 523 727 549 ut:
756 515 984 558 Magistratus
1002 521 1069 555 est,
1097 512 1156 557 qui

175 577 268 604 certo
288 569 361 602 iure
379 568 555 601 civitatem
576 567 674 609 regit.
711 566 844 600 Civitas
863 573 928 604 est,
958 577 1045 610 quae
1064 570 1157 597 certo

176 623 250 655 iure
268 621 402 662 regitur
418 632 435 652 a
455 618 733 662 MagistratibuS.

177 781 272 806 sunt:
301 771 422 811 Pater,
451 771 562 809 filius,
591 770 773 808 dominus,
799 780 931 803 servus.
986 766 1054 801 Sed
1079 778 1157 800 cum

176 825 303 857 desunt
321 822 508 860 vocabula,
538 820 655 852 minus
679 819 895 862 conspicitur
914 816 999 851 haec
1023 818 1159 850 vicissi-

177 876 285 913 tudo,
318 875 376 905 sed
409 879 526 905 tamen
555 877 671 903 mente
702 871 888 913 cogitanda
912 876 978 909 est,
1015 881 1094 901 nam
1123 869 1159 900 in

177 925 333 970 qualibet
363 922 533 956 relatione
555 928 637 954 sunt
659 922 748 954 duae
774 927 917 955 mutuae
942 920 1159 953 collationes.

179 978 229 1008 Ac
262 974 451 1016 diligenter
480 973 696 1005 observanda
727 979 777 1006 est
809 971 1036 1015 significatio,
1080 970 1160 1004 Alia

177 1027 320 1059 nomina
338 1031 475 1058 tantum
492 1023 620 1061 active,
649 1023 716 1056 alia
740 1030 878 1056 tantum
902 1022 1058 1066 passive,
1086 1021 1162 1065 ple—

177 1089 285 1122 raque
306 1076 417 1109 active
441 1082 472 1108 et
489 1075 623 1117 passive
649 1074 867 1116 significant,
897 1080 935 1106 ut
960 1072 1162 1116 acceptatio,

176 1127 394 1166 insufflatio,
420 1126 529 1168 gratia
548 1126 641 1168 apud
660 1123 829 1157 Ebraeos.
882 1123 977 1156 Haec
1000 1130 1083 1156 sunt
1107 1129 1160 1156 te-

177 1180 273 1219 nuia,
295 1179 352 1210 sed
373 1184 490 1210 tamen
508 1176 544 1208 in
564 1176 854 1219 interpretatione
874 1173 958 1207 haec
977 1173 1160 1217 diligentia

176 1228 367 1263 necessaria
384 1234 444 1260 est.
499 1227 592 1259 Illud
617 1233 667 1259 est
690 1226 887 1269 illustrius,
915 1226 1011 1271 quod
1035 1226 1071 1257 in
1096 1222 1162 1258 hac

177 1280 296 1324 regula
312 1279 539 1323 praecipuum
558 1284 618 1317 est,
646 1278 740 1322 quod
760 1277 905 1310 relativa
924 1289 996 1309 non
1015 1282 1162 1320 possunt

177 1330 332 1370 definiri,
360 1329 429 1362 nisi
453 1329 543 1362 sacta
566 1329 747 1361 mentione
764 1328 1078 1367 correlativorum,
1106 1333 1161 1360 ut:

177 1389 276 1426 pater
292 1388 359 1420 est,
389 1379 449 1423 qui
467 1376 574 1411 habet
592 1378 716 1410 filinm.
757 1377 862 1410 Fides
880 1384 930 1411 est
946 1377 1073 1410 fiducia
1094 1377 1161 1408 mi-

178 1431 387 1466 sericordiae
417 1429 607 1472 promissae
632 1435 775 1472 propter
798 1428 909 1461 filium
936 1426 1003 1460 Dei
1022 1427 1162 1460 Media-

178 1491 302 1517 torem.
358 1480 440 1513 Ideo
459 1480 601 1524 quando
619 1479 720 1511 audis
739 1491 868 1511 nomen
887 1479 968 1510 fidei
984 1478 1021 1510 in
1040 1478 1161 1521 dispu-

178 1533 372 1568 tationibus
389 1530 513 1570 Pauli,
541 1530 669 1572 cogites
687 1531 934 1562 accersendum
955 1541 1026 1561 esse
1044 1540 1162 1561 corre-

178 1585 348 1623 lativum,
375 1588 428 1614 ut:
459 1581 520 1613 fiat
544 1581 736 1617 illustrius,
770 1581 854 1624 quid
896 1580 1069 1622 intelligat
1101 1591 1187 1622 per=

178 1637 293 1669 fidem.
347 1632 437 1667 Cum
453 1642 533 1674 ergo
553 1631 653 1664 dicit:
683 1630 769 1662 Fide
787 1630 867 1663 iusti
889 1642 1019 1669 sumus,
1047 1637 1162 1663 trans-

178 1688 305 1720 format
323 1683 516 1717 orationem
534 1682 572 1713 in
588 1681 850 1714 correlativam:
886 1680 1031 1714 Fiducia
1056 1680 1161 1712 mise-

178 1736 350 1770 ricordiae
373 1733 456 1767 iusti
480 1744 618 1772 sumtJS,
645 1733 680 1765 id
707 1739 776 1770 est,
804 1744 865 1775 per
883 1731 1160 1764 misericordiam
1187 1756 1189 1765 1

179 1787 386 1832 promissam
409 1791 553 1828 propter
567 1783 678 1816 filium
697 1781 776 1815 Dei.

178 1850 261 1872 usus
287 1838 332 1870 sit
354 1835 608 1868 vocabulorum
637 1834 867 1867 relativorum
892 1834 929 1865 in
955 1834 1053 1866 omni
1078 1833 1161 1873 vita,

179 1888 315 1935 quoties
332 1887 496 1919 audimus
513 1886 715 1918 obscuriora
733 1885 849 1928 aliqua
868 1884 941 1917 eius
957 1885 1092 1928 generis
1107 1884 1162 1916 di-

180 1947 253 1980 cta,
286 1949 384 1970 mens
408 1936 502 1980 apud
525 1947 598 1968 sese
621 1941 764 1980 quaerat
789 1935 1055 1978 explicationem
1080 1935 1162 1967 fun-

179 1990 337 2024 damenti
353 1995 386 2022 et
405 1986 560 2020 termini.

180 2041 399 2075 dinationem
416 2037 494 2072 Dei.

182 2103 331 2137 quarum
348 2101 465 2122 rerum
485 2088 531 2121 sit
547 2087 745 2126 ordinatio,
773 2087 904 2120 scilicet
930 2088 1065 2131 legum,
1091 2087 1164 2120 dis-
1190 2105 1192 2124 ;

181 2143 349 2187 ciplinae,
391 2139 567 2182 coniugii,
611 2138 897 2181 magistratuum,
938 2139 1164 2176 iudiciorum,
1190 2160 1192 2179 1,

182 2199 442 2231 contractuum,
468 2190 668 2223 studiorum
688 2188 886 2229 doctrinae,
914 2190 1067 2234 denique
1087 2201 1164 2222 om—

182 2245 279 2277 nium
299 2242 523 2275 vinculorum
541 2238 715 2274 humanae
732 2239 917 2272 societatis.
947 2239 1037 2273 Tam
1054 2240 1164 2273 multa

183 2296 304 2328 insunt
328 2295 365 2326 in
391 2305 461 2327 una
485 2303 569 2325 voce
594 2291 738 2325 relativa
758 2291 851 2334 apud
869 2289 1037 2330 Paulum,
1066 2290 1165 2324 ordi-

183 2346 277 2379 natio
296 2344 373 2379 Dei.

437 2414 541 2452 Quae
559 2415 617 2445 est
630 2414 741 2444 sexta
757 2406 911 2456 regula?

285 2479 571 2513 Fundamentum
588 2484 732 2511 vocatur
749 2476 928 2511 materiale
942 2474 1166 2509 relationum.

185 2530 347 2565 Formale
364 2530 493 2563 dicitur
511 2530 584 2573 ipse
601 2529 689 2562 ordo
708 2529 750 2562 ad
768 2528 959 2562 terminum
971 2552 981 2565 ,
1009 2532 1066 2565 ut,
1089 2538 1165 2559 ma-

185 2581 305 2616 teriale
328 2580 452 2613 limitis
476 2588 525 2613 est
547 2580 654 2624 lapis,
681 2580 829 2613 formale
855 2585 904 2612 est
923 2577 1101 2611 ordinatio
1121 2577 1165 2610 ad

1182 553 1185 574 ι
1211 543 1308 575 bum.

780 615 825 649 Et
846 615 929 649 haec
946 623 1067 649 mutua
1084 615 1156 648 col-
1184 637 1185 644 η
1242 656 1248 659 ,
2074 643 2081 649 ,
2237 637 2245 641 ,

176 673 259 706 latio
289 671 389 704 facile
419 669 557 712 agnosci
592 675 724 711 potest,
769 668 829 701 ubi
863 667 1079 700 consuetudo
1106 665 1157 697 lo-
1183 662 1186 682 ἲ
1212 656 1251 675 ex
1275 651 1371 687 p‘ffte
1403 650 1540 682 manet'
1575 645 1633 675 sed
1660 644 1807 677 formale
1829 652 1879 678 est
1903 651 2040 687 reatus’
2074 645 2109 676 ’ἀ
2133 650 2195 681 est’

177 723 308 768 quendi
332 721 531 764 suppeditat
557 719 725 751 vocabula
758 725 898 757 mutua,
933 717 1049 762 qualia
1076 714 1158 749 haec
1184 745 1186 756 ,

828 1781 878 1816 Ita
896 1795 973 1815 cum
990 1784 1162 1815 maximus
1187 1815 1189 1821 ,

614 1985 744 2019 Paulus
761 1986 921 2018 nominat
937 1986 1084 2030 imperia
1104 1997 1163 2018 or-
1188 1992 1190 2009 ¹>

547 2036 674 2070 Nonne
696 2034 754 2069 hic
769 2047 905 2069 necesse
922 2044 971 2069 est
986 2048 1162 2082 quaerere,
1189 2057 1190 2066 1

1182 197 1184 204 '
1209 187 1296 231 lapis
1314 188 1350 220 in
1368 199 1449 231 agro
1467 186 1622 231 relinqui
1641 193 1762 230 potest,
1789 187 1925 220 etiamsi
1944 200 2017 220 nun
2032 188 2193 232 amplius,

1210 246 1247 272 ut
1267 246 1386 276 antea,
1423 238 1583 280 fungitur
1608 237 1729 270 limitis
1755 237 1883 272 officio.
1945 238 2027 271 Ideo
2053 250 2191 272 necesse

1210 297 1258 322 est
1277 290 1429 322 discerni
1448 289 1626 322 materiale
1643 295 1675 320 et
1692 288 1839 321 formale
1858 289 1895 320 in
1914 289 2078 322 relativis.
2112 289 2190 323 Hu-

1210 341 1264 373 ius
1281 341 1421 383 regulae
1441 346 1473 373 et
1499 340 1536 372 in
1559 337 1716 372 Ecclesia
1741 350 1825 371 usus
1852 346 1923 377 est,
1951 351 2030 371 cum
2053 340 2192 380 dicitur,

1210 391 1246 423 in
1263 389 1443 434 Baptismo
1467 397 1499 423 et
1517 391 1601 423 alias
1619 389 1751 423 remitti
1771 398 1930 433 pecatum
1947 389 2112 432 originis,
2137 391 2192 423 id-

1182 456 1185 468 ν
1211 453 1278 486 que
1305 444 1351 475 ita
1378 448 1580 481 enarratur,
1610 441 1740 474 remitti
1764 441 1933 478 formale,
1962 441 1998 472 id
2023 447 2090 478 est,
2117 452 2190 473 rea-

1211 501 1304 531 tum,
1331 489 1551 525 sedtnanere
1573 492 1771 531 materiale,
1800 492 1835 524 id
1860 498 1930 534 est,
1958 491 2072 534 ipsum
2099 502 2194 523 mor-

1362 542 1450 575 Nam
1469 542 1650 576 materiale
1666 543 1797 587 peccati
1816 550 1864 576 est
1888 543 1924 574 in
1951 539 2096 574 homine
2122 542 2197 585 ipsa

1183 610 1185 625 r
1212 593 1395 625 inclinatio
1417 600 1537 626 contra
1562 593 1671 635 legem
1691 592 1766 626 Dei.
1820 593 1897 626 Hoc
1920 593 2052 625 malum
2076 593 2195 637 aliqua

1212 695 1415 727 ordinatum
1433 706 1504 726 esse
1531 695 1574 726 ad
1599 695 1863 728 damnationem
1890 707 1951 728 seu
1973 696 2016 727 ad
2039 701 2197 727 aeternas

1213 757 1353 789 poenaS.
1407 744 1475 778 Hic
1500 752 1614 778 reatus
1643 745 1796 786 tollitur,
1822 759 1901 779 cum
1926 745 2095 789 recipitur
2119 756 2198 789 per-

1213 808 1316 835 sona,
1346 803 1379 829 et
1396 803 1574 840 peccatum
1593 808 1665 828 non
1685 796 1890 840 imputatur,
1917 803 1956 830 ut
1977 796 2094 829 verbis
2111 795 2198 829 Pro-

1185 871 1187 878 >
1214 845 1399 891 phetarum
1415 854 1568 881 utamur.

1314 898 1385 930 Lex
1403 905 1451 931 est
1468 898 1654 931 relativum
1675 910 1817 939 nomen,
1845 899 1927 943 quia
1943 899 2113 942 significat
2130 896 2196 931 ho—

1214 955 1347 981 nestam
1367 949 1596 989 sententiam,
1622 951 1680 981 sed
1708 957 1881 994 quatenus
1906 950 2040 993 obligat
2063 949 2200 994 aliquos

1186 1008 1188 1017 ¹
1214 1012 1274 1032 seu
1290 1000 1439 1038 multos,
1466 1012 1526 1032 seu
1552 1012 1690 1044 paucos.
1746 1000 2033 1033 Fundamentum
2055 1007 2106 1033 est
2129 999 2197 1043 igi-

1215 1057 1272 1083 tur
1289 1051 1459 1083 sententia
1479 1049 1625 1084 honesta
1642 1052 1684 1084 de
1702 1052 1872 1092 moribus,
1900 1060 1938 1085 ut
1955 1049 2040 1084 haec
2056 1058 2198 1084 senten-

1215 1101 1278 1133 tia:
1307 1100 1420 1134 Filius
1437 1099 1648 1135 helluationi
1667 1102 1818 1143 deditus,
1846 1109 1877 1136 et
1894 1109 2083 1135 contumax
2100 1114 2118 1134 a
2134 1113 2198 1146 pa-

1216 1152 1375 1185 rentibus
1408 1160 1605 1192 accusatus,
1647 1153 1824 1197 lapidibus
1856 1153 2038 1186 obruatur.
2103 1151 2200 1185 Haec

1215 1203 1390 1236 sententia
1415 1210 1464 1236 est
1490 1204 1638 1243 noticia,
1674 1204 1856 1247 pertinens
1878 1205 1922 1237 ad
1946 1204 2097 1248 primam
2121 1215 2199 1247 spe-

1215 1254 1300 1286 ciem
1319 1255 1514 1299 qualitatis,
1543 1262 1581 1287 ut
1598 1261 1752 1287 caeterae
1770 1255 1934 1288 noticiae.
1966 1254 2036 1288 Sed
2052 1254 2198 1287 formale

1186 1320 1189 1344 l
1215 1305 1298 1347 legis
1317 1313 1366 1338 est
1385 1306 1487 1339 certis
1506 1303 1712 1338 hominibus
1733 1306 1991 1350 promulgatam
2012 1312 2044 1337 et
2070 1317 2200 1349 propo-

1186 1372 1189 1386 ι
1215 1356 1315 1388 sitam
1335 1368 1407 1389 esse
1424 1357 1633 1388 sententiam
1651 1357 1695 1387 ab
1711 1357 1771 1393 iis,
1801 1356 1860 1400 qui
1877 1355 2031 1398 legitima
2053 1355 2200 1398 imperia

1215 1412 1347 1438 tenent.
1406 1405 1510 1438 Tunc
1535 1406 1645 1449 igitur
1668 1407 1840 1438 sententia
1868 1406 1928 1438 illa
1955 1407 1997 1438 de
2024 1406 2096 1438 filio
2123 1404 2200 1438 hel-

1216 1456 1322 1488 luone
1341 1463 1416 1489 erat
1436 1455 1601 1490 Israelitis
1617 1456 1688 1497 lex,
1715 1457 1858 1500 proprie
1878 1457 2109 1499 intelligendo
2137 1469 2199 1489 vo-

1215 1507 1378 1539 cabulum
1397 1507 1498 1549 legis,
1529 1520 1606 1540 cum
1625 1515 1730 1540 staret
1748 1508 1871 1550 politia
1892 1507 2060 1540 Mosaica.
2096 1506 2200 1540 Nunc

1186 1565 1188 1580 ³
1215 1558 1317 1589 nobis
1344 1570 1415 1589 non
1443 1564 1490 1590 est
1514 1558 1586 1596 lex,
1621 1559 1681 1590 sed
1705 1565 1822 1591 manet
1845 1558 2043 1599 materiale,
2078 1558 2116 1590 id
2138 1565 2200 1598 est,

1186 1617 1188 1630 ¹
1216 1609 1388 1641 sententia
1407 1605 1566 1652 honesta,
1588 1621 1676 1653 quae
1691 1615 1858 1653 tanquam
1877 1607 2063 1641 honestum
2084 1620 2199 1643 exem-

1187 1671 1188 1701 ἦ
1216 1659 1334 1702 plum,
1357 1659 1658 1692 commonefaciat
1693 1659 1933 1697 iuventutem,
1975 1666 2134 1702 parentes
2165 1667 2199 1693 et

1187 1731 1189 1748 4
1216 1710 1447 1752 magistratus,
1505 1711 1671 1743 luventus
1686 1717 1849 1753 agnoscat
1869 1711 2038 1744 iudicium
2056 1709 2141 1751 Dei,
2167 1717 2201 1743 et

1187 1776 1189 1786 ι
1215 1761 1408 1793 modestius
1426 1760 1538 1794 vivat:
1566 1761 1734 1794 Parentes
1748 1762 1902 1794 severius
1922 1768 2044 1804 regant
2061 1761 2151 1794 filios
2167 1768 2201 1794 et

1216 1812 1320 1844 filias:
1349 1811 1577 1854 Magistratus
1594 1812 1705 1845 sciant
1724 1813 1943 1845 voluntatem
1959 1811 2023 1845 Dei
2043 1824 2134 1852 esse,
2160 1819 2199 1845 ut

1215 1863 1383 1896 adiuvent
1401 1869 1564 1906 parentes
1580 1870 1610 1896 et
1625 1861 1760 1896 scholas
1778 1863 1814 1895 in
1835 1864 1964 1896 tuenda
1984 1862 2181 1906 disciplina.

1188 1962 1190 1979 t
1430 1951 1532 1989 Quae
1555 1953 1613 1982 est
1637 1951 1802 1993 septima
1827 1946 1987 1995 regula?

1188 2018 1191 2054 ζ
1317 2014 1529 2058 Saepissime
1561 2027 1683 2048 omnes
1705 2015 1847 2059 linguae
1872 2022 2023 2049 utuntur
2043 2016 2200 2050 relativis

1189 2068 1191 2098 ἶ
1216 2066 1293 2098 loco
1319 2065 1491 2106 absoluti,
1518 2077 1578 2099 seu
1603 2066 1681 2099 loco
1705 2066 1947 2107 fundamenti,
1981 2073 2036 2100 ut:
2065 2065 2200 2100 Medici

1190 2127 1192 2150 l
1217 2117 1340 2150 dicunt
1356 2124 1690 2161 temperamentum,
1719 2130 1782 2161 pro
1800 2117 1884 2161 ipsis
1901 2110 2132 2162 qualitatibus
2150 2118 2200 2152 sic

1868 2167 2038 2212 Voluptas
2057 2169 2200 2213 proprie

1218 2218 1389 2262 significat
1406 2219 1689 2252 convenientiam
1707 2219 1856 2252 actionis
1876 2227 1908 2253 et
1927 2226 2084 2255 naturae.
2127 2219 2198 2254 Sed

1191 2263 1296 2340 lcum
1333 2270 1534 2314 quaeritur,
1567 2282 1612 2302 an
1647 2270 1808 2314 voluptas
1843 2270 1887 2303 sit
1921 2271 2000 2303 finis
2034 2268 2199 2311 hominis,

1191 2343 1193 2353 Α
1219 2321 1419 2366 quaeritur,
1446 2333 1492 2354 an
1510 2321 1605 2365 ipsae
1624 2321 1779 2354 actiones
1794 2332 1916 2355 suaves
1932 2323 2004 2355 sint
2028 2321 2108 2354 finis
2131 2319 2198 2354 ho-

1220 2372 1343 2409 minis,
1372 2383 1456 2417 quas
1473 2372 1604 2416 appetit
1628 2384 1666 2404 ea
1686 2384 1785 2416 pars,
1813 2384 1901 2418 quae
1927 2379 2070 2406 vocatur
2092 2383 2197 2416 appe-

1218 2430 1301 2456 titus
1319 2434 1495 2456 sensuum.

1327 2474 1358 2506 1.
1379 2471 1537 2508 Corinth.
1555 2471 1590 2507 5.
1621 2471 1821 2518 Expurgate
1855 2481 1952 2507 vetus
1975 2474 2198 2516 fermentum,

1191 2525 1194 2570 Ι
1219 2532 1258 2558 ut
1274 2525 1350 2558 sitis
1369 2536 1460 2557 nova
1479 2523 1715 2575 conspersio.]
1765 2525 1803 2559 ld
1829 2532 1895 2564 est,
1923 2524 2037 2557 eiicite
2055 2532 2198 2568 veteres,

1191 2571 1194 2609 Ι
1218 2575 1396 2619 epicureas
1426 2582 1458 2608 et
1480 2576 1565 2608 alias
1589 2576 1691 2610 falsas
1717 2577 1902 2620 opiniones
1926 2577 1968 2608 de
1993 2574 2087 2616 Deo,
2114 2576 2198 2611 item

1190 2184 1192 2199 ι
1218 2169 1310 2200 inter
1336 2179 1371 2200 se
1394 2167 1521 2201 iunctis
1546 2175 1579 2201 et
1601 2168 1811 2212 temperatis.

186 2630 450 2676 significandam
466 2630 731 2663 distinctionem
751 2641 928 2673 agrorum.
972 2628 1083 2672 Saepe
1103 2639 1165 2661 au-
1189 2640 1192 2659 τ
1218 2638 1342 2671 pravas
1357 2626 1565 2670 cupiditates
1578 2654 1586 2667 ,
1605 2634 1643 2660 ut
1660 2627 1735 2661 sitis
1751 2639 1841 2660 nova
1860 2638 1982 2661 massa.
2019 2626 2087 2660 liic
2103 2628 2197 2662 enim

185 2691 255 2717 tem
270 2688 413 2716 manent
427 2680 654 2714 fundamenta
674 2681 835 2715 extinctis
852 2680 1098 2721 relationibus,
1126 2685 1166 2712 ut

1218 2677 1420 2722 conspersio
1436 2689 1507 2711 non
1528 2678 1745 2722 intelligatur
1760 2678 1833 2722 ipsa
1856 2678 1980 2711 relatio
2003 2678 2039 2710 in
2063 2678 2198 2713 abstra-

2360 1451 2362 1459 *
2360 1383 2364 1425 -—2s
2360 1334 2366 1373 v.-
2361 1217 2368 1319 *ffi--w
