2379 2948
68 101 135 136 101

62 185 142 226 nia,
174 191 214 219 ut
247 194 349 228 saepe
380 182 590 229 experientia
618 180 782 215 ostendit.

63 247 204 281 quoque
229 241 322 269 recte
339 234 470 268 dicitur
486 245 504 267 a
525 232 688 266 Tibullo:

218 287 344 319 Somnia
361 288 460 317 fallaci
474 286 582 315 ludunt
606 285 758 314 temeraria
783 289 881 320 nocte,

264 338 303 368 Et
320 338 439 378 pavidas
453 342 564 365 mentes
582 335 655 365 falsa
669 337 773 365 timere
787 335 903 365 iubent.

163 393 243 428 Non
269 394 376 437 igitur
397 392 585 426 tribuenda
619 398 668 425 est
698 389 785 425 fides
807 388 862 423 his
885 388 1043 430 somniis,

840 176 894 213 Ac
917 179 960 213 de
989 176 1045 212 his

60 446 120 478 sed
138 450 318 489 praecepto
335 441 401 476 Dei
416 442 732 486 obtemperandum
751 447 821 482 est,
848 441 943 486 quod
959 451 1043 483 pro-
1066 446 1068 476 ἶ

61 493 171 528 hibcv
192 492 472 527 adseverationes
503 504 544 525 ex
576 491 722 525 somniis
734 518 743 533 ,
785 491 828 524 iis
868 490 1042 530 videlicet,

60 557 149 590 quae
164 555 235 576 non
250 549 332 577 sunt
348 543 489 583 divina,
515 548 555 576 ut
574 549 687 576 textus
702 542 819 587 inquit
837 541 875 574 in
892 553 964 584 cap.
985 538 1041 576 15.

58 593 337 628 Deuteronomii.
396 591 444 627 Et
466 604 566 637 saepe
592 593 803 636 ambiguitas
826 591 961 636 decepit
985 591 1041 623 in-

59 649 237 688 terpretes.
292 642 341 678 Ut
355 641 485 677 Darius
502 643 758 684 somniaverat,
783 654 818 676 se
832 642 952 675 videre
961 640 1041 674 Ma-

59 694 264 728 cedonicum
311 693 501 728 exercitum
541 694 704 727 incedere
753 694 934 727 ardentem
979 702 1041 735 per

57 743 191 784 Asiam,
220 755 258 777 ac
273 743 393 777 venire
410 743 642 790 Babylonem,
669 741 1040 788 ibiqueAlexandrum

56 794 224 828 indutum
242 802 335 828 veste
350 794 487 828 Persica
506 795 557 828 ire
574 795 612 827 in
628 794 817 838 templum,
845 805 884 826 ac
902 793 952 826 ibi
971 798 1040 825 sta-

56 845 120 877 tim
138 856 356 878 evanescere.
409 843 660 879 Arbitrabatur
684 855 765 888 ergo
783 842 932 884 Darius,
959 842 1041 876 Ma-

56 895 223 928 cedonico
238 895 405 929 exercitui
421 895 609 939 significari
630 895 774 928 exitium
791 906 853 938 per
871 893 1041 932 flammas,

56 952 90 978 et
115 942 358 979 Alexandrum
385 945 550 979 indutum
575 952 667 979 veste
683 944 821 978 Persica
851 950 1041 977 venturum
1064 959 1066 969 ›
1552 981 1557 986 ἢ

1064 990 1065 994 ’
1090 994 1200 1027 usque
1224 984 1265 1015 ad
1292 982 1485 1016 iuventutis
1508 981 1672 1021 iunium,
1707 979 1870 1012 videlicet
1899 989 2009 1022 usque
2031 977 2076 1010 ad

382 995 451 1030 Sed
468 996 629 1029 flammae
648 995 891 1039 significabant
916 994 1039 1027 celeri-

55 1052 162 1080 tatem
204 1053 237 1080 et
259 1046 435 1081 victorias.
494 1045 609 1080 Vestis
639 1046 856 1089 significabat
886 1042 1041 1077 Alexan-

54 1097 157 1129 drum
178 1096 376 1140 potiturum
402 1108 510 1140 regno
530 1096 681 1130 Persico.
734 1095 825 1130 Sunt
850 1095 957 1137 igitur
974 1094 1040 1126 fal-

54 1146 144 1180 laces
161 1146 400 1188 coniecturae,
425 1153 465 1180 ut
481 1147 570 1180 aliae
586 1147 717 1180 multae
733 1152 816 1179 sunt
837 1157 878 1178 ex
895 1145 1013 1188 signiS.

156 1204 318 1238 Tertium
337 1217 445 1248 genus
465 1206 627 1239 divinum
641 1212 701 1246 est,
725 1205 820 1250 quod
831 1204 925 1238 Deus
941 1215 1040 1236 men-

54 1254 150 1288 tibus
166 1255 288 1288 inserit
304 1267 366 1297 per
383 1267 467 1290 sese.
521 1255 623 1289 Talia
641 1262 723 1289 sunt
740 1254 904 1289 vaticinia
923 1252 1039 1293 Iacob,

53 1302 197 1348 Ioseph,
232 1304 394 1337 Danielis
417 1311 450 1337 et
472 1306 659 1344 similium,
684 1317 772 1350 quae
789 1304 884 1338 Deus
908 1305 950 1337 de
965 1315 1040 1336 ma-

53 1354 131 1397 gnis
147 1354 264 1393 rebus,
291 1354 334 1387 de
348 1354 604 1397 gubernatione
620 1352 798 1387 Ecclesiae
819 1362 852 1386 et
869 1355 912 1385 de
926 1354 1039 1396 impe-

53 1404 117 1437 riis
134 1404 355 1438 monstravit.
408 1403 475 1437 His
503 1404 650 1437 somniis
675 1405 856 1437 adduntur
880 1403 1038 1437 testimo-

53 1454 112 1488 nia
129 1454 313 1495 divinitus,
327 1460 366 1487 ut
382 1461 516 1488 mentes
532 1454 643 1488 sciant
659 1466 695 1487 ea
713 1454 888 1487 divinitus
904 1453 1036 1488 offerri.

53 1504 152 1538 Sicut
168 1511 200 1538 et
215 1504 351 1538 somnio
359 1504 644 1548 Nabugdonosor
658 1505 819 1538 additum
835 1511 885 1538 est
901 1504 1037 1537 illustre

51 1555 293 1588 testimonium
306 1581 316 1597 ,
348 1555 430 1600 quia
455 1568 534 1589 cum
559 1567 618 1588 rex
643 1555 830 1599 imaginem
862 1561 1035 1588 ostensam

53 1605 185 1639 oblitus
206 1612 314 1647 esset,
341 1605 487 1639 Danieli
510 1618 585 1639 eam
607 1604 702 1640 Deus
726 1617 846 1639 rursus
869 1605 1035 1645 ostendit,

52 1661 92 1688 ut
107 1666 143 1688 se
157 1662 317 1689 autorem
332 1667 403 1689 esse
418 1663 612 1690 testaretur.
639 1655 735 1689 Haec
753 1655 872 1689 divina
898 1655 1034 1689 somnia

53 1712 136 1739 sunt
152 1706 316 1739 vaticinia
333 1707 500 1751 probata,
527 1708 570 1739 de
590 1707 718 1752 quibus
740 1718 842 1750 saepe
864 1706 901 1738 in
926 1705 1034 1738 sacris

53 1753 211 1789 historiis
228 1756 376 1797 dicitur,
402 1768 466 1789 nec
483 1757 660 1800 pertinent
676 1758 719 1790 ad
738 1768 960 1790 communem
978 1768 1034 1788 re-

53 1806 184 1849 gulam,
199 1819 289 1851 quae
305 1806 542 1840 divinationes
552 1819 592 1840 ex
601 1807 678 1840 aliis
694 1807 842 1840 somniis
858 1803 1034 1850 prohibet.

156 1863 332 1906 Quartum
351 1876 460 1908 genus
475 1871 524 1898 est
541 1865 756 1898 diabolicum
770 1891 779 1905 ,
805 1871 845 1898 ut
858 1875 938 1898 cum
957 1864 1033 1897 dia-

52 1914 128 1948 boli
159 1915 313 1949 offerunt
340 1915 510 1958 imagines
537 1915 784 1948 conviviorum
811 1921 843 1948 et
866 1915 1031 1948 ludorum

52 1964 215 1998 veneficis
233 1966 461 2007 mulieribus,
488 1977 574 2011 quas
599 1973 716 1999 tamen
734 1972 951 2010 compertum
973 1971 1033 2006 est,

53 2027 227 2061 nusquam
243 2016 388 2058 abiisse,
412 2017 470 2050 sed
486 2016 701 2050 dormientes
717 2022 814 2060 gestu
831 2022 864 2050 et
881 2016 1032 2049 clamore

54 2066 189 2100 somnia
210 2066 434 2101 saltationum
460 2067 681 2111 significasse.
732 2065 779 2101 Et
803 2064 910 2100 huius
929 2078 1034 2110 gene-

54 2116 103 2148 ris
130 2116 280 2151 fanatica
306 2118 461 2162 exempla
483 2115 739 2159 Ethnicorum,
762 2115 1034 2151 Manicheorum

54 2173 88 2199 et
112 2166 424 2211 Anabaptistarum
447 2169 587 2202 recitari
611 2168 722 2201 multa
752 2175 906 2213 possent.
964 2166 1033 2200 Hic

54 2216 204 2250 insidiae
220 2218 353 2252 diaboli
368 2220 561 2263 prudenter
577 2219 750 2252 cavendae
770 2225 863 2255 sunt.
885 2216 932 2252 Et
947 2229 1035 2251 con-

54 2273 187 2300 stanter
217 2268 438 2312 repellendae
472 2276 554 2303 sunt
579 2267 645 2303 hae
677 2269 896 2313 praestigiae.

54 2317 140 2351 nolo
156 2315 240 2351 huic
257 2320 582 2354 commemorationi
596 2319 729 2354 diutius
745 2319 939 2353 immorari.

55 995 93 1028 in
111 995 329 1030 servitutem.

275 2415 277 2418 ’
310 2420 369 2454 De
404 2423 567 2456 auctrice
592 2423 777 2466 potentia.

160 2492 209 2528 Ut
226 2494 269 2527 de
284 2495 458 2529 nutritiva
478 2497 723 2540 quaesivimuS,
752 2508 841 2542 quae
859 2497 902 2530 sit
918 2508 956 2530 ea
972 2508 1037 2540 po-

56 2544 187 2584 tentia,
213 2556 302 2589 quae
319 2543 446 2579 habeat
468 2557 615 2588 organa,
641 2548 818 2592 quomodo
842 2547 900 2580 fiat
923 2547 1038 2580 nutri-

57 2594 126 2634 tio,
159 2594 207 2628 ita
236 2595 401 2640 deinceps
424 2596 468 2630 de
493 2596 638 2630 coeteris
670 2594 767 2631 hunc
796 2598 957 2632 ordinem
984 2609 1039 2631 se-

61 2656 220 2688 quemur.

811 93 858 132 ΙΙ.
898 92 1048 130 LIBER
1072 91 1139 129 DE
1166 92 1340 130 ANlMA.

963 2268 1034 2303 Sed
1059 2279 1061 2284 ·

2011 96 2080 132 102

1232 179 1328 220 Quid
1354 184 1410 214 est
1446 181 1728 227 augmentative
1751 178 1948 224 potentia?

1197 252 1279 286 Non
1295 253 1412 285 differt
1430 251 1517 287 haec
1533 254 1645 298 reipsa
1662 265 1681 287 a
1699 253 1868 287 nutritiva
1880 278 1888 291 ‚
1915 254 1972 286 sed
1989 260 2077 287 tem-

1094 314 1180 347 pore
1194 309 1227 337 et
1242 303 1448 348 quantitate.
1484 302 1572 336 Nam
1589 304 1760 338 nutritiva
1780 304 1818 336 in
1834 304 2078 344 adolescentia,

1094 354 1206 387 donec
1231 354 1328 387 calor
1349 352 1490 386 nativus
1523 354 1624 387 fortis
1656 361 1724 395 est,
1758 354 1838 398 plus
1866 353 2078 388 nutrimenti

1093 404 1266 437 convertit
1282 404 1318 436 in
1335 402 1585 443 substantiam,
1611 416 1716 447 quam
1735 405 1901 437 amissum
1927 410 1987 438 est.
2024 403 2076 437 Ita

1093 461 1253 488 crescunt
1271 453 1389 487 omnia
1415 452 1590 493 membra,
1617 454 1776 498 fiuntque
1799 455 1903 488 simul
1925 454 2074 489 nutritio

1092 511 1126 538 et
1150 505 1399 548 augmentatio.
1459 502 1552 537 Sunt
1575 503 1683 546 igitur
1717 515 1838 537 causae
1871 506 2010 539 eaedem
2039 511 2071 538 et

1092 557 1213 589 eadem
1234 567 1376 599 organa.

1335 655 1429 698 Quid
1456 659 1511 689 est
1547 652 1837 701 aicymetztatio?

1194 728 1257 764 Est
1272 731 1351 765 talis
1370 730 1538 769 nutritio,
1564 740 1632 774 qua
1649 740 1722 762 non
1749 727 1863 761 solum
1887 726 1980 759 idem
2000 738 2076 759 cor-

1090 781 1186 825 poris
1203 783 1329 814 modus
1344 782 1468 819 alitur,
1497 781 1555 813 sed
1583 780 1686 813 etiam
1712 777 1845 812 accedit
1869 776 2076 819 magnitudo

1090 839 1183 865 certo
1203 839 1359 876 tempore
1375 831 1568 865 secundum
1585 841 1706 863 omnes
1723 827 1972 867 dimensiones,
1995 826 2076 860 lon-

1090 882 1308 924 gitudinem,
1336 881 1561 916 latitudinem
1590 887 1622 914 et
1651 878 1928 924 spissitudinem,
1955 888 1994 910 ac
2010 889 2074 920 pro

1089 933 1322 976 proportione
1353 932 1473 965 omnia
1505 931 1662 963 membra
1693 936 1885 972 augentur,
1920 928 2014 972 quod
2039 928 2076 960 fit

2023 1027 2075 1060 Ac

1091 1045 1225 1066 annum
1251 1034 1415 1077 quintum
1438 1039 1470 1066 et
1486 1031 1710 1068 vicesimum,
1738 1036 1798 1063 aut
1820 1028 1969 1061 circiter.

1064 1091 1065 1095 ’
1090 1083 1284 1127 plurimum
1308 1083 1427 1117 differt
1444 1081 1679 1127 pinguefactio
1707 1080 1751 1113 ab
1776 1077 2074 1122 augmentatione.

1090 1133 1179 1166 Nam
1198 1133 1480 1177 pinguefactione
1499 1144 1570 1165 non
1588 1136 1747 1164 crescunt
1764 1129 1882 1162 omnia
1904 1128 2074 1168 membra,

1091 1185 1149 1216 sed
1173 1184 1316 1216 additur
1349 1183 1447 1216 carni
1471 1182 1643 1227 quaedam
1668 1178 1862 1213 humiditas
1885 1178 2073 1221 superflua,

1089 1245 1129 1266 ex
1144 1234 1237 1266 bono
1257 1233 1428 1276 sanguine
1444 1232 1658 1266 redundans.
1686 1229 1766 1263 Non
1784 1229 1876 1262 enim
1894 1229 2021 1273 loquor
2031 1228 2074 1260 de

1064 1290 1065 1306 ³
1089 1281 1320 1328 κακοχυμία,
1355 1295 1443 1328 quae
1466 1289 1518 1317 est
1539 1280 1729 1315 humorum
1759 1279 1912 1324 pravitas
1935 1278 1973 1310 in
1999 1284 2073 1311 toto

1089 1346 1246 1369 coriore.

1151 1347 1161 1378 l
1190 1383 1273 1416 Dixi
1299 1389 1416 1416 autem
1448 1381 1534 1415 certi
1559 1380 1726 1425 temporis
1751 1378 2072 1422 augmentationem

1089 1445 1179 1472 esse,
1208 1434 1289 1478 quia
1318 1439 1444 1466 natura
1470 1431 1636 1466 omnibus
1670 1429 1913 1463 animantibus
1941 1429 2072 1463 consti-

1087 1491 1182 1518 tutae
1199 1491 1281 1518 sunt
1297 1489 1409 1517 metae
1423 1481 1632 1516 incrementi
1649 1488 1682 1514 et
1704 1480 1928 1513 decrementi.
1981 1478 2072 1512 Cum

1060 1560 1062 1567 t
1087 1535 1195 1578 igitur
1215 1535 1341 1568 ordine
1363 1540 1510 1568 naturae
1527 1539 1670 1566 ventum
1690 1537 1739 1564 est
1757 1531 1801 1563 ad
1828 1527 1969 1574 ἀκμὴν,
2004 1541 2072 1562 nu-

1087 1586 1206 1619 tritiva
1223 1597 1297 1619 non
1314 1585 1395 1629 plus
1413 1583 1623 1618 nutrimenti
1641 1580 1825 1620 convertit,
1847 1592 1950 1625 quam
1966 1579 2072 1612 amis-

1087 1648 1164 1669 sum
1182 1645 1250 1679 est,
1278 1642 1310 1669 et
1327 1635 1497 1679 paulatim
1524 1640 1600 1678 post
1622 1629 1745 1676 ἀκμὴν
1765 1631 1803 1664 fit
1819 1630 1910 1664 actio
1933 1630 2072 1672 langui-

1060 1690 1061 1694 ’
1086 1687 1185 1726 dior,
1211 1687 1307 1731 quod
1325 1692 1363 1719 ut
1381 1685 1501 1730 aliquo
1519 1685 1626 1717 modo
1644 1681 1795 1724 intelligi
1820 1680 1950 1724 possit,
1978 1680 2070 1713 vitae

1059 1747 1060 1750 ’
1087 1743 1119 1770 et
1141 1737 1268 1770 caloris
1286 1737 1440 1777 fontem,
1465 1742 1504 1769 ut
1521 1735 1568 1768 ita
1586 1734 1698 1767 dicam
1710 1759 1718 1773 ,
1746 1731 2020 1765 consideremus,

1119 1847 1244 1887 Quare
1269 1849 1351 1891 post
1379 1842 1501 1889 ἀκμὴν
1526 1842 1719 1888 paulatim
1746 1838 1874 1887 deficit
1896 1844 2037 1874 natura

1434 1895 1687 1930 animantium
1698 1889 1715 1924 ?

1188 1970 1237 2006 Ut
1267 1973 1305 2005 in
1334 1972 1476 2006 flamma
1501 1969 1622 2017 lychni
1653 1979 1792 2002 necesse
1816 1973 1867 2000 est
1891 1966 2068 2011 quandam

1086 2020 1334 2057 humiditatem
1349 2034 1420 2057 esse
1436 2022 1669 2066 glutinantem
1684 2019 1845 2052 flammae
1862 2022 1992 2060 partes,
2021 2016 2068 2048 sic

1086 2074 1125 2106 in
1150 2085 1297 2118 corpore
1320 2073 1526 2113 animantis,
1553 2078 1603 2105 est
1627 2070 1806 2115 quoddam
1833 2068 1974 2100 a'e'reum
2001 2063 2068 2099 hu-

1085 2124 1234 2164 midum,
1259 2124 1444 2169 optimum,
1471 2123 1566 2168 quod
1586 2121 1790 2155 nominatur
1804 2116 1983 2154 Radicale‚
2010 2116 2066 2148 fu-

1086 2186 1163 2208 sum
1180 2186 1242 2219 per
1258 2181 1370 2209 totum
1387 2185 1523 2218 corpus,
1550 2178 1778 2217 propagatum
1795 2180 1813 2201 a
1831 2166 1973 2205 semine,
1989 2166 2066 2208 glu-

1085 2225 1203 2260 tinans
1219 2237 1341 2259 omnes
1358 2232 1490 2269 partes,
1518 2224 1555 2256 in
1573 2235 1643 2268 quo
1667 2218 1811 2254 radicali
1833 2215 1981 2249 humido
2000 2216 2067 2248 im-

1085 2276 1236 2310 mediate
1256 2274 1397 2309 vehitur
1421 2276 1516 2308 calor
1535 2271 1692 2307 coelestis
1716 2276 1749 2302 et
1766 2267 1936 2303 vivificus.
1988 2265 2066 2299 Hoc

1086 2325 1235 2361 humido
1262 2326 1413 2360 extincto
1440 2326 1535 2359 calor
1559 2323 1661 2356 etiam
1687 2317 1871 2353 evanescit.

1189 2383 1398 2429 Depascitur
1418 2391 1533 2418 autem
1557 2379 1744 2414 humidum
1760 2389 1778 2409 a
1797 2377 1928 2416 calore,
1956 2382 1989 2408 et
2013 2375 2065 2407 vi·-

1087 2435 1202 2469 cissim
1226 2436 1367 2469 nativus
1392 2435 1487 2468 calor
1509 2431 1689 2465 deficiente
1713 2427 1843 2472 pabulo
1866 2426 1904 2459 fit
1928 2426 2066 2469 langui-

1087 2487 1185 2528 dior,
1212 2493 1251 2520 ut
1266 2486 1405 2519 flamma
1424 2487 1624 2518 attenuatur
1648 2478 1828 2512 deficiente
1846 2487 1932 2510 cera.

1190 2544 1402 2588 Quanquam
1427 2547 1542 2574 autem
1573 2538 1680 2572 alitur
1703 2534 1890 2570 humidum
1915 2533 2064 2566 radicale

1089 2595 1297 2641 quotidiano
1319 2592 1556 2628 nutrimento,
1581 2595 1698 2623 tamen
1719 2585 1787 2620 hoc
1815 2585 1910 2630 quod
1937 2584 1973 2616 in
1990 2596 2064 2640 om-

1061 2622 1066 2691 l
1093 2647 1199 2680 nibus
1222 2643 1388 2677 membris
1413 2642 1606 2688 acquiritur
1626 2639 1664 2672 in
1688 2637 1901 2676 nutritione,
1929 2642 1977 2667 est
1999 2645 2064 2665 im-

1410 2691 1463 2727 7*
