2379 2948
114 94 185 128 129
855 88 901 124 11.

113 178 172 210 vel
198 175 395 222 acquiescat
420 173 547 217 homo,
583 176 636 208 vel
662 185 811 219 poenam
836 179 867 207 et
891 172 1101 207 destructio-

113 238 195 260 nem
214 227 354 262 sentiat.

215 277 268 311 Ac
288 277 361 310 dixi
378 288 500 320 supra,
529 275 639 318 ipsam
657 274 773 307 cordis
790 273 1021 306 substantiam
1037 273 1099 305 ad-

111 327 265 361 fectuum
284 328 416 360 fontem
436 337 517 359 esse.
557 324 714 357 Multum
736 324 842 366 igitur
856 323 971 363 refert,
997 323 1099 367 quale

111 378 156 411 sit
185 382 499 421 temperamentum
525 375 652 407 cordis.
721 373 881 407 Calidius
906 381 938 407 et
964 374 1098 413 siccius,

109 428 256 460 celerius
275 434 307 460 et
326 423 567 458 vehementius
586 425 789 458 incenditur
805 425 868 459 ira.

212 483 401 517 Sciendum
415 487 449 514 et
462 478 528 514 hoc
544 489 606 524 est,
635 481 723 514 alios
738 479 904 514 humores
920 481 1003 514 cieri
1019 481 1097 513 aliis

108 533 313 567 adfectibus,
370 530 415 565 Ut
434 531 496 572 ira,
524 532 605 576 quia
623 532 659 566 fit
675 532 870 565 inflammto
888 533 1003 571 corde,
1031 532 1097 565 ciet

109 582 392 617 ardentissimum
418 579 603 615 humorem
616 607 624 621 ‚
654 582 784 616 scilicet
809 583 952 615 rubram
978 582 1096 622 bilem,

109 645 198 678 quae
214 632 336 672 effusa,
363 631 540 676 reliquum
559 633 764 676 sanguinem
781 632 903 671 inficit,
932 633 992 677 qui
1007 632 1096 665 alio-

108 683 169 728 qui
191 689 261 716 tam
286 694 304 715 a
321 682 503 725 spiritibus
520 683 602 716 irati
619 683 735 716 cordis
752 694 915 716 accensus
934 689 993 716 est.
1048 681 1095 716 Ut

106 732 278 776 Virgilius
294 732 356 766 lib.
367 732 399 767 8.
416 733 549 777 inquit,
576 734 724 779 loquens
741 734 783 766 de
800 733 889 767 irato
900 732 1068 766 Hercule:

257 793 316 822 Hic
331 804 400 823 vero
417 792 544 823 Alcidae
560 795 646 824 furiis
663 800 810 824 exarserat
826 801 888 823 atro

257 844 339 873 Felle
355 845 452 876 dolor.

207 898 270 932 Fel
303 900 466 933 nominat
497 907 632 941 atrum,
668 900 750 945 quia
775 906 814 934 ut
839 900 993 933 adfectus
1015 899 1094 943 ipsi,

106 950 159 984 ira
177 956 209 983 et
225 950 403 983 moesticia
422 950 514 984 inter
533 962 603 983 sese
620 950 832 990 miscentur,
862 950 908 984 ita
926 951 1094 995 utrinque

107 1006 308 1034 exaestuant
332 998 516 1041 humores,
544 1013 583 1033 ex
607 1000 706 1041 felle,
734 1001 840 1034 rubra
867 1000 967 1040 bilis,
995 1007 1027 1034 et
1054 1013 1093 1033 ex

106 1050 246 1094 splene,
274 1057 348 1084 atra
371 1051 464 1086 bilis.
518 1050 607 1084 Nam
634 1051 671 1083 in
696 1051 841 1084 tristicia
868 1063 927 1083 cor
944 1050 1093 1093 fugiens,

105 1098 252 1134 attrahit
278 1112 317 1133 ex
343 1101 463 1144 splene
488 1101 625 1134 lentum
650 1099 835 1134 humorem
862 1099 1093 1133 melancholi-

104 1163 201 1191 cum,
228 1151 289 1195 qui
306 1151 455 1192 effusus,
482 1163 561 1185 cum
577 1152 641 1184 sub
657 1151 760 1184 costis
776 1151 811 1183 in
829 1151 970 1184 sinistro
987 1151 1093 1184 latere

106 1201 270 1240 confluit,
296 1201 379 1234 facit
401 1202 655 1244 oppilationes,
684 1208 716 1235 et
740 1202 851 1234 adfert
877 1202 1092 1245 periculosos

105 1251 250 1283 morbos
276 1247 576 1294 hypochondrios.
642 1251 752 1284 Nosse
777 1258 892 1284 autem
917 1263 1037 1284 causas
1059 1258 1093 1284 et

106 1311 237 1343 organa
253 1300 473 1338 adfectuum,
501 1308 534 1333 et
551 1307 667 1334 motus
684 1299 873 1334 humorum
892 1301 927 1333 in
944 1302 1093 1344 singulis

106 1349 313 1394 generibus,
349 1350 514 1383 conducit
543 1361 605 1390 eo,
642 1356 680 1382 ut
703 1352 835 1382 maiore
861 1363 943 1383 cura
967 1358 1000 1384 et
1026 1351 1093 1394 ipsi

106 1401 262 1434 adfectus
295 1407 479 1443 regantur,
510 1406 543 1433 et
576 1406 692 1444 partes
723 1400 881 1444 corporis
906 1412 1093 1434 concussae

105 1452 302 1484 foveantur.

210 1499 385 1533 Addenda
415 1506 466 1533 est
497 1500 599 1533 etiam
628 1500 789 1534 doctrina
815 1501 917 1534 valde
940 1501 1038 1534 utilis
1061 1507 1094 1534 et

105 1562 187 1584 vere
209 1547 473 1594 philosophica,
508 1552 550 1583 de
574 1551 734 1592 regendis
758 1551 970 1592 adfectibus,
1004 1563 1093 1596 quae

106 1614 147 1635 eo
171 1600 375 1643 diligentius
400 1601 656 1634 consideranda
681 1608 749 1641 est,
778 1601 859 1645 quia
883 1614 949 1635 vox
972 1602 1092 1634 divina

107 1653 146 1685 in
173 1651 232 1684 illa
255 1650 488 1684 vetustissima
507 1651 676 1684 concione
692 1652 735 1684 ad
754 1650 841 1685 Cain
858 1652 989 1696 inquit:
1018 1651 1093 1685 Sub

106 1711 140 1736 te
158 1702 201 1734 sit
218 1701 393 1744 adpetitus
410 1708 509 1741 tuus,
533 1708 566 1734 et
583 1708 622 1734 tu
637 1702 829 1735 domineris
845 1703 931 1737 eius.

210 1758 347 1792 Indidit
361 1757 456 1792 Deus
474 1759 592 1792 radios
611 1771 691 1792 suae
709 1760 900 1803 sapientiae
915 1761 1093 1794 mentibus

109 1809 293 1850 humanis,
319 1815 359 1841 ut
382 1809 621 1842 discernamus
645 1816 737 1842 recta
760 1816 792 1842 et
816 1811 952 1853 turpia,
979 1818 1011 1844 et
1035 1823 1092 1844 co-

107 1861 275 1904 gitemus,
302 1859 416 1903 qualis
432 1859 474 1893 sit
484 1858 597 1899 Deus,
623 1860 785 1893 videlicet
802 1861 957 1903 sapiens,
979 1873 1093 1901 verax,

107 1913 241 1953 bonus,
269 1908 462 1950 beneficus,
489 1916 622 1948 castus,
649 1910 755 1949 liber,
781 1910 885 1943 iudex
904 1918 937 1944 et
954 1911 1093 1951 vindex,

109 1969 143 1995 et
160 1961 309 1994 sciamus
325 1959 413 1992 velle
431 1972 530 1998 eum,
556 1966 595 1993 ut
613 1967 790 1994 creaturae
807 1961 995 1994 rationales
1013 1974 1091 1995 cum

107 2009 182 2055 ipso
207 2017 414 2053 congruant.
466 2009 513 2043 Et
535 2022 737 2055 quanquam
763 2023 858 2044 nunc
881 2011 919 2044 in
942 2009 1007 2044 hac
1031 2013 1092 2045 de-

108 2061 313 2106 pravatione
332 2058 540 2099 hominum,
566 2061 709 2094 libertas
728 2061 830 2094 valde
846 2061 1013 2106 impedita
1030 2069 1091 2103 est,

108 2119 227 2146 tamen
257 2111 369 2144 voluit
393 2110 488 2144 Deus
512 2111 666 2156 aliquam
691 2111 890 2145 libertatem
919 2113 1092 2157 reliquam

110 2173 201 2201 esse,
225 2167 259 2195 et
279 2167 318 2194 ut
336 2161 485 2204 intelligi
504 2162 630 2205 possit,
658 2162 773 2206 ipsum
793 2173 866 2195 esse
881 2174 986 2206 agens
1004 2163 1093 2197 libe-

110 2224 208 2251 rum,
232 2218 265 2244 et
279 2218 319 2245 ut
335 2212 475 2245 frenum
493 2212 592 2245 iniici
611 2212 796 2254 membris,
820 2219 853 2247 et
870 2214 1016 2258 reprimi
1031 2215 1093 2248 ad-

106 2263 217 2296 fectus
237 2261 381 2305 possint.

214 2310 261 2345 Ut
283 2317 399 2344 autem
421 2309 506 2345 haec
527 2313 735 2355 gubernatio
759 2314 868 2357 magis
885 2314 944 2347 fiat
959 2313 1094 2359 perspi-

111 2374 194 2404 cua,
216 2362 418 2396 intueamur
440 2362 607 2406 imperia,
633 2375 716 2397 nam
737 2362 823 2398 haec
841 2365 972 2399 imitari
989 2371 1094 2398 natu-

112 2425 170 2447 rae
185 2411 360 2446 humanae
378 2412 539 2445 ordinem
554 2414 693 2450 debent.

215 2470 436 2504 Gubernatio
463 2470 501 2501 in
525 2470 681 2515 imperiis
703 2474 833 2518 duplex
857 2480 919 2507 est.

113 2522 318 2556 nominatur
331 2517 525 2564 δεσποτικὴ
534 2545 544 2560 ,
572 2522 680 2555 altera
697 2522 870 2569 πολιτικὴ.

213 2578 367 2613 Facilius
383 2585 497 2612 autem
516 2578 724 2621 intelligitur
741 2579 935 2626 δεσποτική
943 2607 954 2623 ,
983 2582 1019 2615 id
1035 2589 1096 2623 est,

115 2629 257 2670 herilis,
279 2641 359 2662 cum
384 2628 547 2662 videlicet
573 2630 681 2662 coacti
704 2631 874 2666 obediunt
898 2633 1096 2677 inferiores,

161 2683 339 2714 ΜειΑΝΤΗ.
369 2681 472 2713 Ormi.
500 2680 582 2711 Vot.
603 2681 698 2715 XIII.

973 2472 1094 2507 Altera

955 85 1103 124 LIBER
1131 86 1198 121 DE
1226 87 1400 126 ANIMA.

2068 96 2138 130 130

1152 178 1191 204 ut
1215 183 1292 204 cum
1313 170 1421 206 homo
1438 173 1616 220 inquietus
1632 174 1826 220 impeditur
1843 189 1978 212 carcere
1990 205 1997 218 ‚
2022 192 2065 213 ne
2082 188 2138 215 tu-

1152 222 1355 257 multuetur.

1253 270 1395 309 Altera,
1423 285 1510 316 quae
1529 276 1733 309 nominatur
1749 276 1932 323 πολιτικὴ,
1961 286 2027 319 est,
2056 293 2135 314 curn

1151 321 1330 354 suadendo
1363 322 1555 356 flectuntur
1590 327 1699 358 animi
1733 328 1881 367 civium,
1915 337 1952 362 ut
1979 330 2135 364 volentes

1149 372 1409 414 obtemperent,
1436 373 1517 416 quia
1542 374 1701 409 videlicet
1720 378 1813 410 bono
1829 379 1947 423 aliquo
1962 387 2021 413 aut
2039 388 2133 414 metu

1149 422 1233 454 mali
1258 429 1464 462 moventur,
1491 429 1529 455 ut
1546 423 1612 465 legi
1632 436 1703 456 non
1720 437 1930 470 repugnent,
1957 436 2013 470 ut,
2041 431 2131 463 cives

1148 472 1258 505 Attici
1292 473 1449 505 volentes
1485 473 1728 516 obtemperant
1754 475 1977 523 Thrasybulo
2006 481 2132 515 ferenti

1148 522 1278 565 legem,
1313 535 1357 555 ne
1383 523 1498 556 exules
1526 529 1721 566 repeterent
1746 536 1804 557 sua
1826 530 2056 570 patrimonia,
2091 543 2132 564 ex

1149 573 1279 617 quibus
1305 573 1433 606 iniuste
1458 573 1556 606 eiecti
1581 581 1693 607 erant.
1745 572 1822 607 Etsi
1845 578 1938 610 enim
1960 581 2062 614 multi
2090 593 2130 613 ex

1149 623 1345 667 praecipuis
1377 624 1512 656 civibus
1542 624 1676 666 magnis
1705 625 1843 658 damnis
1869 628 2132 670 adficiebantur,

1149 680 1264 706 tamen
1289 674 1370 718 quia
1393 674 1596 706 facultatum
1615 675 1776 717 repetitio
1796 683 1933 709 motura
1952 686 2024 713 erat
2039 692 2130 714 nova

1146 724 1257 764 bella,
1284 724 1378 767 pacis
1404 724 1565 768 publicae
1590 736 1691 757 causa
1714 726 1894 760 malebant
1917 738 1979 760 suo
2004 741 2130 765 carere.

1145 773 1222 807 Hoc
1240 775 1334 807 bono
1354 775 1456 815 moti,
1483 775 1594 817 legem
1612 775 1768 809 volentes
1786 777 2012 820 accipiebant,

1246 825 1297 857 Ita
1322 825 1359 857 in
1387 823 1531 857 homine
1556 825 1682 868 duplex
1702 833 1752 859 est
1769 827 1993 869 gubernatio,
2021 830 2130 864 altera

1145 872 1358 919 δεσποτικὴ,
1394 887 1461 920 qua
1496 886 1596 907 mens
1632 882 1665 908 et
1693 876 1857 910 voluntas
1880 886 2008 921 cogunt
2033 880 2130 913 loco-

1144 925 1334 965 motivam,
1368 932 1406 958 ut
1438 932 1577 958 externa
1611 926 1768 959 membra
1802 928 1854 960 vel
1880 929 2130 974 reprimantur,

1145 976 1200 1008 vel
1222 976 1434 1013 incitentur,
1461 982 1500 1008 ut
1524 976 1561 1007 in
1581 976 1822 1010 ardentissima
1842 978 1897 1011 siti
1916 988 2060 1022 possunt
2076 987 2129 1014 ta-

1144 1037 1224 1057 men
1247 1037 1346 1058 mens
1371 1033 1403 1059 et
1425 1026 1587 1058 voluntas
1607 1025 1779 1069 imperare
1796 1029 1977 1070 manibus,
2004 1042 2048 1063 ne
2065 1043 2131 1075 po-

1145 1075 1261 1108 culum
1276 1076 1459 1118 attingant.
1512 1075 1569 1108 Sic
1586 1082 1667 1108 sunt
1681 1077 1813 1110 conditi
1830 1080 1949 1119 nervi,
1977 1087 2015 1114 ut
2030 1093 2130 1113 men-

1144 1126 1187 1159 tis
1214 1132 1247 1159 et
1272 1126 1463 1158 voluntatis
1487 1125 1635 1168 imperio
1660 1126 1829 1161 cieantur.
1884 1128 1935 1162 Ita
1952 1142 2014 1173 per
2031 1131 2130 1164 loco-

1144 1176 1311 1209 motivam
1339 1176 1434 1208 velut
1459 1187 1593 1208 carcere
1616 1177 1772 1210 membra
1793 1184 1932 1211 externa
1951 1178 2129 1214 coherceri

1143 1233 1309 1269 possunt,
1352 1225 1488 1259 etiamsi
1525 1226 1679 1258 adfectus
1711 1227 1748 1259 in
1782 1229 1886 1261 corde
1922 1239 2130 1274 repugnent.

1146 1275 1221 1308 Imo
1248 1282 1281 1308 et
1307 1275 1539 1319 adpetitiones
1558 1275 1627 1308 cibi
1652 1282 1684 1309 et
1708 1284 1810 1320 potus
1837 1275 1904 1312 hoc
1929 1281 2035 1313 modo
2059 1282 2130 1314 fre-

1145 1333 1287 1360 nantur.
1340 1325 1411 1358 Nec
1437 1326 1630 1359 obscuritas
1654 1333 1705 1359 est
1728 1325 1832 1360 huius
1857 1334 1889 1361 et
1912 1329 2083 1364 libertatis
2097 1340 2130 1366 et

1144 1376 1430 1418 gubernationis,
1457 1386 1547 1419 quae
1568 1375 1711 1419 quidem
1737 1384 1852 1410 custos
1877 1385 1926 1411 est
1948 1380 2055 1413 totius
2073 1393 2131 1414 ex-

1144 1433 1264 1459 ternae
1284 1425 1503 1469 disciplinae,
1556 1422 1603 1458 Et
1619 1425 1770 1459 docendi
1787 1434 1867 1461 sunt
1885 1425 2064 1469 homines,
2092 1439 2130 1465 ut

1145 1474 1240 1509 hunc
1280 1476 1427 1518 gradum
1468 1475 1664 1518 intelligere
1700 1477 1836 1510 discant
1873 1484 1906 1511 et
1937 1489 2130 1520 exerceant,

1145 1527 1226 1571 quia
1244 1525 1340 1559 Deus
1357 1525 1574 1559 severissime
1592 1527 1780 1571 praecipit,
1809 1534 1846 1562 ut
1863 1525 1928 1562 hoc
1947 1532 2053 1564 modo
2072 1543 2130 1565 ex-

1144 1584 1243 1610 terna
1258 1577 1417 1610 membra
1433 1576 1627 1609 frenentur.

1247 1626 1299 1660 lta
1314 1624 1490 1667 Achilles,
1517 1626 1580 1659 etsi
1603 1627 1703 1660 ardet
1725 1628 1795 1669 ira,
1822 1635 1939 1662 tamen
1962 1638 2129 1666 retractus

1143 1689 1162 1710 a
1181 1676 1343 1714 Pallade,
1370 1676 1406 1709 id
1425 1683 1493 1715 est,
1520 1676 1656 1710 ratione
1676 1679 1990 1722 commonefactus,
2018 1682 2130 1726 impe-

1144 1734 1197 1761 rat
1214 1727 1395 1767 manibus,
1423 1738 1467 1759 ne
1483 1727 1655 1768 stringant
1671 1728 1835 1769 gladium.

1247 1777 1407 1811 Secunda
1431 1777 1638 1819 gubernatio
1663 1777 1699 1809 in
1726 1775 1870 1811 homine
1889 1791 1937 1813 est
1955 1792 2012 1821 ea,
2040 1794 2129 1826 quae

1145 1827 1351 1860 nominatur
1383 1824 1570 1870 πολιτικὴ,
1605 1838 1681 1859 cum
1718 1840 1791 1860 non
1825 1836 1959 1862 tantum
1987 1838 2129 1866 externa

1144 1878 1301 1910 membra
1316 1888 1377 1920 per
1392 1877 1638 1910 locomotivam
1657 1874 1906 1920 cohercentur,
1935 1882 1994 1913 sed
2014 1881 2129 1925 ipsum

1146 1940 1206 1961 cor
1222 1926 1385 1970 congruit
1402 1938 1480 1960 cum
1496 1933 1588 1960 recta
1606 1927 1759 1968 ratione,
1786 1936 1818 1962 et
1835 1927 1980 1964 honesta
1999 1932 2129 1965 volun-

1144 1985 1232 2018 tate,
1256 1984 1391 2010 motum
1419 1977 1654 2020 persuasione.
1708 1977 1755 2012 Ut
1779 1991 1857 2012 cum
1883 1980 1975 2014 filius
1999 1980 2127 2015 Thesei

1144 2028 1358 2073 Hippolytus
1374 2027 1526 2061 abstinet
1542 2039 1561 2060 a
1577 2039 1726 2060 noverca
1744 2026 1916 2064 Phaedra.
1970 2030 2128 2065 Consen-

1145 2086 1286 2113 taneum
1314 2084 1365 2111 est
1387 2078 1497 2118 enim,
1532 2089 1611 2111 eum
1637 2079 1740 2110 corde
1761 2077 1986 2114 abhorruisse
2009 2082 2053 2115 ab
2077 2094 2127 2123 ea,

1145 2129 1354 2172 cogitantem
1378 2128 1547 2162 incestam
1566 2129 1854 2163 consuetudinem
1874 2142 1946 2163 non
1963 2142 2033 2164 esse
2051 2132 2127 2166 leve

1145 2180 1266 2220 scelus,
1289 2185 1321 2211 et
1337 2179 1457 2223 puniri
1473 2178 1643 2212 divinitus
1660 2180 1836 2214 atrocibus
1850 2180 1982 2223 poenis.
2017 2180 2127 2215 Cum-

1146 2241 1212 2276 que
1235 2229 1315 2263 talis
1335 2230 1565 2263 consonantia
1590 2235 1639 2261 est
1657 2229 1742 2261 recti
1756 2230 1895 2271 iudicii,
1922 2231 2128 2274 voluntatis,

1147 2280 1261 2315 cordis
1289 2287 1323 2313 et
1351 2286 1574 2313 externorum
1597 2279 1847 2321 membrorum,
1875 2291 1913 2314 ea
1931 2281 2019 2315 actio
2037 2283 2127 2317 iuste

1146 2331 1353 2364 nominatur
1376 2330 1499 2365 virtus.
1551 2328 1619 2362 Sed
1644 2340 1720 2361 rara
1737 2336 1784 2362 est
1802 2330 1838 2362 in
1858 2328 1921 2364 hac
1938 2328 2126 2366 hominum

1146 2381 1359 2415 infirmitate.
1409 2378 1457 2413 Et
1478 2379 1589 2412 sicubi
1614 2385 1663 2412 est
1684 2378 1761 2411 talis
1779 2380 1908 2420 virtus,
1936 2388 1974 2415 ut
1992 2383 2029 2415 in
2047 2382 2126 2417 Sci-

1147 2432 1271 2475 pione,
1301 2443 1374 2463 non
1399 2437 1448 2463 est
1470 2430 1543 2462 sine
1567 2428 1735 2470 singulari
1754 2437 1851 2464 motu
1869 2431 2009 2473 divino,
2037 2434 2126 2468 sicut

1146 2481 1290 2515 honeste
1321 2481 1453 2514 dictum
1486 2486 1535 2512 est
1558 2490 1576 2510 a
1602 2476 1788 2513 Cicerone:
1823 2480 1930 2516 Nulla
1953 2483 2123 2517 excellens

1146 2533 1257 2566 virtus
1274 2538 1324 2564 est
1340 2531 1414 2563 sine
1430 2529 1560 2562 adflatu
1578 2528 1712 2564 divino.

1246 2580 1400 2615 Ecclesia
1431 2577 1536 2612 habet
1562 2578 1753 2612 illustriora
1777 2586 1808 2613 et
1832 2581 1934 2624 plura
1960 2584 2124 2626 exempla,

1145 2639 1183 2666 ut
1201 2627 1327 2674 Ioseph
1341 2630 1506 2673 fugientis
1524 2629 1704 2664 illecebras
1720 2630 1894 2667 dominae.
1946 2631 2032 2666 Item
2049 2634 2125 2667 Da-

1592 2678 1615 2712 9
