2379 2948
104 128 201 165 1053

99 214 206 253 siam,
241 212 297 247 cui
332 209 399 246 hoc
431 213 630 258 exemplum
664 212 849 257 proponit,
882 218 921 245 ut
954 222 1020 245 nos
1048 212 1091 245 ad

97 266 252 299 eundem
275 265 420 298 modum
454 265 492 297 in
522 264 651 298 nostris
680 263 860 297 aerumnis
885 270 1045 307 petamus
1072 275 1091 296 a

96 314 193 357 Deo,
227 322 260 349 et
284 323 504 360 expectemus
533 315 792 350 liberationem.

98 374 240 401 scentur
269 367 448 410 generales
482 366 753 413 promissiones:

99 429 220 451 omnes
239 417 305 465 qui
319 429 447 451 nomen
465 421 565 450 tuum
585 420 739 461 norunt,
769 416 858 463 quia
876 428 949 449 non
975 414 1091 449 relin-

97 481 184 516 ques
202 473 413 516 quaerentes
429 472 472 503 le.

201 529 398 574 Utrumque
420 528 528 571 igitur
552 539 592 560 ex
615 525 681 560 hoc
697 526 837 561 Psalmo
866 535 899 562 et
913 528 1090 561 similibus

96 581 293 621 discamus,
327 580 489 612 videlicet
514 578 707 621 gratiarum
736 580 928 620 actionem,
964 580 999 612 id
1029 586 1090 619 est,

96 632 352 666 confessionem
386 629 497 663 animi
530 642 608 662 vere
641 631 848 671 statuentis,
890 632 984 676 quod
1014 642 1087 662 non

95 695 196 724 casu,
222 694 292 716 non
317 679 483 714 humanis
506 680 660 719 viribus,
694 683 753 715 sed
779 681 845 715 Dei
870 682 1001 715 auxilio
1026 683 1086 714 ad-

94 734 162 768 iuti
189 740 221 767 et
245 732 373 766 servati
396 733 523 776 simus,
555 733 650 777 quod
668 732 764 766 Deus
789 746 870 767 vere
895 734 940 767 sit
956 733 1088 773 efficax,

94 797 168 819 non
193 785 238 818 sit
264 783 370 816 inane
396 784 627 823 vocabulum,
654 796 728 817 non
757 784 800 818 sit
823 785 979 825 ociosus,
1014 796 1086 817 non

94 837 138 870 sit
160 835 321 878 alligatus
346 835 459 868 causis
483 835 665 876 secundis,
699 836 759 868 sed
783 849 863 869 vere
887 848 950 868 nos
974 835 1085 879 respi-

93 887 178 924 ciat,
205 897 270 919 nos
294 886 477 926 exaudiat,
505 886 612 926 adsit,
637 886 852 930 opituletur,
881 887 985 920 etiam
1006 899 1084 920 cum

92 937 319 971 destituimur
347 950 363 970 a
391 938 503 970 causis
528 938 703 982 secundis.
765 938 823 971 Sic
846 939 921 972 vult
945 937 1086 981 agnosci

95 988 208 1028 Deus,
236 986 326 1021 hanc
343 989 483 1022 laudem
504 989 579 1021 vult
597 989 663 1021 sibi
685 989 807 1024 tribui.
864 989 995 1022 Verum
1024 1001 1086 1021 na-

91 1047 169 1074 tura
187 1037 373 1072 hominum
392 1052 509 1080 caeca,
538 1040 734 1085 plerunque
751 1047 811 1074 aut
830 1053 911 1074 casu
935 1047 994 1073 aut
1019 1037 1086 1072 hu-

91 1103 195 1124 mana
221 1103 287 1135 ope
311 1091 504 1124 arbitratur
527 1091 755 1124 liberationes
788 1092 855 1124 sibi
888 1091 1086 1134 contigisse.

88 1142 271 1177 Adversus
303 1139 395 1175 hanc
422 1142 622 1175 caecitatem
660 1143 861 1176 testimonia
893 1143 1014 1175 divina
1046 1154 1085 1174 ex

90 1191 280 1237 Prophetis
307 1193 466 1238 undique
491 1193 688 1236 colligenda
722 1201 823 1234 sunt,
857 1206 947 1238 quae
978 1194 1086 1226 adfir-

90 1252 191 1278 mant
223 1256 241 1277 a
274 1243 351 1277 Deo
380 1245 472 1287 regi,
513 1251 545 1277 et
576 1245 707 1277 servari
740 1243 952 1284 Ecclesiam,
997 1245 1086 1277 sicut

90 1294 223 1329 Psalmi
242 1295 327 1328 alias
346 1295 485 1329 dicunt:
515 1294 615 1328 Vana
633 1295 726 1329 salus
742 1293 912 1329 hominis.

199 1354 336 1388 Deinde
367 1360 400 1388 et
436 1353 709 1397 promissionem
743 1355 865 1387 auxilii
897 1355 1084 1398 infigamus

90 1404 238 1445 animis,
274 1411 308 1438 et
329 1405 560 1449 promissioni
595 1405 751 1449 exempla
781 1406 974 1443 addamus,
1009 1413 1083 1439 tum

88 1454 237 1490 Davidis
267 1456 409 1489 recitata
443 1456 479 1488 in
508 1453 675 1494 Psalmis,
711 1462 785 1489 tum
811 1469 892 1489 vero
924 1457 1013 1497 alia,
1046 1463 1084 1489 nt

88 1505 274 1548 Abrahae,
298 1513 331 1540 et
353 1507 584 1552 reliquorum.
639 1506 704 1539 His
731 1507 1028 1551 promissionibus
1052 1515 1084 1541 et

90 1558 258 1602 exemplis
276 1559 514 1591 accendantur
533 1558 617 1590 fides
636 1565 666 1590 et
684 1558 874 1595 invocatio.
927 1558 976 1592 Hi
992 1566 1083 1600 sunt,

89 1616 129 1643 ut
144 1621 245 1653 saepe
265 1609 414 1651 dicitur,
441 1609 622 1653 praecipui
648 1609 763 1642 cultus
780 1608 857 1643 Dei.

192 1668 255 1702 Est
282 1669 389 1712 igitur
413 1667 471 1701 hic
495 1667 656 1701 Psalmus
682 1668 951 1702 demonstrativi
976 1681 1082 1712 gene-

89 1721 157 1761 ris,
185 1721 267 1765 quia
294 1727 343 1753 est
360 1720 552 1762 gratiarum
579 1719 688 1760 actio,
716 1726 747 1752 et
768 1720 847 1752 fiuis
865 1720 999 1763 primus
1024 1727 1084 1761 est,

88 1779 128 1806 ut
145 1771 220 1804 Deo
244 1771 354 1815 gloria
374 1771 561 1804 tribuatur.
615 1770 684 1804 Sed
709 1772 879 1804 accedunt
905 1771 965 1803 alii
987 1771 1083 1810 fines,

88 1829 128 1856 ut
148 1829 339 1856 monstrata
359 1820 424 1855 hac
448 1820 516 1855 Dei
535 1821 693 1854 bonitate
711 1834 832 1854 omnes
848 1822 907 1855 alii
929 1822 1083 1855 inviten—

88 1881 169 1918 tur,
196 1880 235 1907 ut
268 1880 460 1917 agnoscant
490 1872 627 1913 Deum,
664 1874 808 1907 credant
832 1873 880 1914 ci,
915 1874 1083 1906 obediant

90 1925 140 1964 ei,
176 1925 343 1958 invocent
376 1937 455 1958 eum
485 1931 519 1958 et
557 1924 746 1958 celebrent.
816 1924 897 1958 Ideo
936 1925 1084 1957 interse-

89 1983 220 2010 runtur
241 1983 275 2010 et
293 1975 564 2020 promissiones,
592 1988 681 2020 quae
704 1988 783 2008 cum
802 1973 990 2009 hortentur
1008 1976 1083 2019 pios

90 2028 134 2060 ad
165 2027 267 2059 fidem
303 2034 335 2061 et
370 2027 651 2067 invocationem,
694 2027 779 2060 tales
818 2025 1083 2060 adhortationes

89 2078 268 2123 pertinent
285 2079 326 2111 ad
344 2078 541 2112 suasorium
564 2090 684 2122 genuS.
719 2076 815 2111 Haec
831 2078 1020 2122 adplicatio
1040 2079 1081 2111 ad

89 2135 250 2162 nostrum
268 2141 369 2162 usum
388 2130 575 2173 diligenter
599 2130 853 2165 consideretur.
896 2129 984 2163 Nam
1002 2142 1083 2174 pro-

90 2187 169 2225 pter
204 2192 269 2212 nos
305 2178 390 2215 haec
421 2181 547 2226 scripta
580 2187 682 2222 sunt,
728 2187 767 2214 ut
802 2180 933 2215 Paulus
968 2181 1084 2226 inquit

89 2230 195 2267 Rom.
214 2229 276 2265 15.

230 2342 567 2388 Argumentum
595 2353 649 2376 ac
678 2341 940 2388 dispositio

465 2408 625 2449 Psalmi
655 2410 709 2452 X.

148 2488 195 2521 Ut
213 2484 305 2531 quid
320 2486 483 2519 Domine
500 2487 688 2519 recessisti
706 2487 832 2534 longe,
859 2486 1030 2521 occultas
1046 2489 1083 2519 te

144 2539 185 2572 in
202 2542 369 2582 tempore
385 2535 663 2579 tribulationis,
691 2542 762 2572 etc.

194 2612 354 2646 Psalmus
387 2611 543 2645 decimus
568 2617 618 2650 §t
645 2612 792 2645 suasorii
818 2612 965 2654 generis.
1021 2611 1084 2646 Est

94 2662 186 2697 enim
206 2664 327 2708 petitio
347 2662 563 2696 defensionis
585 2663 752 2696 adversus
779 2670 966 2708 tyrannos,
995 2662 1083 2707 Epi-

95 2725 216 2748 eureos
247 2722 279 2749 et
311 2712 531 2761 hypocritas,
559 2720 592 2748 et
621 2726 743 2748 eorum
773 2714 902 2754 socios,
933 2714 994 2760 qui
1023 2726 1083 2748 co—

703 126 765 161 IX.
818 123 1182 162 COMMENTARH
1217 123 1266 158 lN
1300 124 1545 163 PSALMOS.

846 312 1001 359 Ideoque
1024 314 1091 348 mi-
1117 331 1118 342 ι

809 362 960 411 Sper-ent
994 365 1033 397 in
1060 369 1091 397 le

2040 128 2137 165 1054

1144 217 1277 245 nantur
1296 211 1413 245 delere
1439 210 1631 246 Ecclesiam
1657 213 1747 254 Dei,
1775 219 1807 247 et
1829 224 1930 246 verae
1957 210 2135 248 Ecclesiae

1145 263 1320 296 membra:
1349 269 1381 296 et
1410 275 1483 296 non
1510 265 1623 298 solnm
1651 265 1833 299 manifesta
1859 265 1893 297 vi
1919 272 2133 308 grassantur,

1144 315 1203 347 sed
1229 314 1333 347 etiam
1358 314 1569 348 astutissime
1596 316 1812 349 insidiantur
1844 316 1911 356 eis,
1946 323 1978 350 et
2019 316 2132 350 varias

1143 365 1284 398 fraudes
1302 372 1434 399 serunt.
1490 365 1538 399 Ut
1555 366 1639 399 Saul
1659 368 1691 399 vi
1715 375 1747 401 et
1762 367 1853 400 dolis
1869 366 2041 400 Davidem
2066 380 2132 412 op-

1143 417 1335 460 pugnabat.
1391 414 1624 460 Hypocritae‚
1653 419 1856 461 pontifices,
1884 419 1954 451 vim
1979 426 2011 452 et
2034 419 2132 452 frau-

1144 469 1205 500 des
1225 467 1432 500 exercebant
1447 470 1613 501 adversus
1632 468 1824 502 leremiam.
1880 468 1925 503 Et
1947 482 2042 502 nunc
2066 467 2132 502 ho-

1143 526 1212 552 stes
1246 530 1347 551 verae
1370 519 1552 552 doctrinae
1585 520 1712 554 intenti
1742 527 1823 553 suut
1859 521 1897 553 in
1932 521 2133 554 occasiones

1143 581 1267 602 omnes
1292 570 1444 602 nocendi
1475 570 1532 610 iis,
1570 571 1631 615 qui
1654 578 1746 604 recte
1779 572 1920 604 docent:
1965 572 2027 604 ubi
2053 584 2133 616 pos-

1144 627 1225 654 sunt
1260 621 1443 653 manifesta
1479 622 1510 653 vi
1539 622 1705 663 grassari,
1740 623 1868 655 multos
1898 622 2131 656 interficiunt:

1143 672 1203 704 ubi
1230 672 1435 704 violentiam
1462 684 1620 705 exercere
1645 685 1717 705 non
1744 680 1909 716 possunt,
1937 681 2059 707 serunt
2077 685 2134 706 ca-

1143 723 1316 767 lumnias,
1344 730 1381 756 ut
1405 723 1559 756 alienent
1578 724 1777 756 voluntates
1796 722 1982 757 hominum
2008 736 2025 757 a
2043 731 2134 757 recte

1143 775 1371 814 docentibus,
1400 781 1433 807 et
1457 774 1678 807 inflamment
1699 775 1900 818 principum
1927 775 2020 809 odia.
2075 774 2134 808 ln-

1142 826 1244 858 terim
1270 824 1436 869 Epicurei
1460 826 1532 866 illi,
1569 826 1705 859 inimici
1736 838 1836 859 verae
1859 824 2055 865 Ecclesiae,
2084 826 2135 858 ia·-

1142 883 1237 910 ctant
1260 888 1295 909 se
1321 878 1395 920 paci
1421 877 1581 920 publicae
1606 879 1807 918 consulere,
1837 885 1867 910 et
1895 877 2012 910 rident
2034 877 2135 910 stoli-

1141 928 1285 961 ditatem
1311 935 1403 961 recte
1431 929 1654 969 docentium,
1688 930 1780 974 quod
1808 929 1961 972 pericula
1988 928 2054 961 sibi
2078 940 2135 961 ac·

1141 985 1293 1014 cersunt.
1336 978 1441 1012 Tales
1460 980 1657 1012 multisunt
1681 980 1717 1012 in
1735 980 1825 1012 aulis
1843 991 1963 1022 regum
1989 986 2021 1012 et
2043 991 2135 1022 pon·

1141 1030 1292 1072 tificum,
1328 1037 1367 1063 nt
1402 1031 1437 1063 in
1464 1029 1594 1072 Anglia
1622 1030 1911 1070 NViutoniensis,
1948 1030 1984 1062 in
2015 1029 2135 1063 Gallia

1141 1079 1378 1123 Constabilis‚
1408 1089 1440 1115 et
1459 1082 1543 1114 alibi
1570 1082 1648 1119 alii,
1678 1095 1829 1126 quorum
1857 1082 1995 1126 aIIquos
2022 1082 2050 1114 si
2078 1081 2135 1114 in-

1142 1139 1304 1165 tueamur
1323 1133 1462 1176 planior
1479 1133 1545 1166 erit
1568 1131 1624 1165 bic
1646 1132 1818 1166 Psalinus.

1244 1190 1352 1224 Initio
1384 1199 1498 1224 autem
1532 1193 1690 1226 continet
1720 1193 1920 1237 querelam,
1948 1198 1987 1225 nt
2013 1202 2135 1224 omnes

1141 1242 1232 1276 tristi
1258 1242 1410 1285 gemitu,
1439 1244 1644 1286 praesertim
1671 1244 1707 1276 iu
1734 1243 1951 1283 calamitate,
1980 1249 2012 1276 et
2032 1242 2134 1275 invo-

1141 1306 1259 1326 camus
1284 1293 1417 1333 Deum,
1446 1300 1477 1326 et
1505 1295 1666 1326 dolemus
1683 1295 1781 1338 qnasi
1804 1294 1949 1336 negligi,
1978 1306 2051 1326 non
2078 1305 2135 1326 so·

1143 1345 1213 1376 lum
1245 1357 1329 1383 nos,
1366 1345 1423 1376 scd
1460 1345 1608 1386 gloriam
1634 1343 1711 1378 Dei.
1766 1342 2008 1388 Trinmphant
2032 1344 2134 1388 impii

1141 1395 1238 1440 quasi
1258 1394 1350 1427 nihil
1367 1396 1410 1427 sit
1425 1394 1538 1434 Deus,
1566 1403 1625 1429 aut
1647 1395 1744 1428 nulla
1771 1395 1812 1428 sit
1832 1395 2073 1438 providentia,
2102 1403 2135 1428 et

1141 1457 1263 1479 omnes
1289 1446 1478 1488 religiones
1510 1446 1580 1479 sint
1619 1446 1894 1479 commentitiae.
1948 1445 2017 1479 Hic
2041 1446 2134 1479 zelus

1141 1509 1202 1541 pro
1221 1497 1332 1539 gloria
1350 1496 1414 1529 Dei
1436 1497 1545 1537 magis
1569 1505 1666 1540 auget
1686 1498 1845 1531 dolorem
1867 1498 1980 1530 bonae
1997 1497 2135 1537 mentis,

1140 1561 1244 1594 quam
1268 1548 1498 1581 lacerationes
1516 1561 1716 1592 corporum.

1239 1607 1377 1641 Deinde
1396 1607 1555 1651 sequitur
1574 1608 1677 1650 longa
1700 1605 1950 1653 hypotyposis,
1971 1614 2002 1641 et
2019 1607 2134 1651 imago

1141 1659 1406 1704 tyrannicarum
1425 1659 1751 1702 conspirationum,
1780 1659 2011 1698 insidiarum,
2040 1660 2135 1693 frau-

1139 1712 1242 1750 dum,
1271 1710 1479 1749 violentiae,
1507 1716 1539 1742 et
1555 1708 1750 1752 Epicureae
1768 1710 1978 1743 securitatis-

1245 1767 1356 1801 Versu
1374 1768 1586 1801 duodecimo
1606 1769 1673 1801 iam
1693 1780 1851 1812 expresse
1873 1769 2019 1812 ponitur
2042 1768 2133 1812 peti-

1140 1820 1204 1853 tio:
1231 1817 1390 1864 Exurge
1406 1817 1585 1861 Domina,
1608 1831 1650 1852 ne
1669 1818 1902 1854 obliviscaris
1917 1831 2132 1865 pauperum.

1243 1878 1355 1912 Versu
1383 1879 1628 1912 decimotertio
1656 1886 1688 1912 et
1715 1879 1879 1923 deinceps
1907 1880 2054 1923 ponitur
2076 1891 2134 1912 ra-

1139 1931 1187 1964 tio
1211 1930 1391 1974 petitionis
1416 1928 1517 1962 haec:
1573 1929 1657 1964 luva
1691 1941 1755 1962 nos
1787 1937 1826 1964 ut
1855 1937 1950 1963 tuam
1984 1930 2134 1973 gloriam

1139 1993 1288 2020 asseras,
1315 1988 1352 2014 ut
1370 1981 1500 2014 refutes
1516 1980 1727 2024 Epicureos,
1756 1981 1818 2026 qni
1837 1993 1931 2013 nunc
1956 1993 2035 2014 cum
2058 1992 2132 2013 non

1139 2033 1295 2066 ostendis
1318 2040 1412 2066 tuam
1433 2032 1520 2065 iram
1538 2033 1705 2065 adversus
1731 2045 1806 2071 eos,
1836 2039 1961 2076 putant
1987 2033 2132 2065 inanem

1139 2084 1294 2117 fabulam
1314 2096 1385 2117 esse
1402 2095 1532 2116 nomen
1549 2082 1615 2117 Dei
1635 2091 1668 2117 et
1685 2091 1792 2117 totam
1805 2082 1982 2116 Ecclesiae
1999 2083 2132 2116 doctri·

1139 2148 1232 2168 nam.
1294 2134 1341 2169 Ut
1376 2135 1484 2177 igitur
1514 2147 1627 2179 poena
1660 2135 1834 2176 convicti,
1869 2135 2046 2168 fateantur
2071 2145 2132 2166 ve-

1140 2199 1212 2219 ram
1231 2198 1302 2219 esse
1319 2184 1498 2219 Ecclesiae
1515 2186 1736 2225 doctrinam,
1760 2193 1791 2219 et
1812 2198 1891 2219 vere,
1918 2197 1990 2218 esse
2010 2185 2130 2228 provi-

1138 2238 1317 2278 dentiam,
1346 2238 1472 2281 punias
1496 2249 1554 2270 eos
1579 2237 1773 2271 manifestis
1794 2236 1981 2280 exemplis,
2009 2243 2041 2270 et
2069 2236 2130 2268 de-

1138 2290 1259 2322 fendas
1278 2301 1317 2322 ac
1339 2289 1468 2321 liberes
1486 2288 1690 2322 Ecclesiam.

1238 2357 1321 2391 Hoc
1354 2363 1563 2399 argumento
1597 2356 1634 2388 in
1667 2355 1789 2390 multis
1818 2355 1968 2389 Psalmis
1998 2355 2130 2389 utitur:

1139 2409 1287 2452 petenda
1308 2414 1359 2441 est
1376 2408 1469 2440 enim
1495 2407 1651 2440 defensio
1678 2407 1864 2450 praecipue
1889 2413 2034 2451 propter
2053 2407 2129 2450 glo—

1137 2459 1226 2492 riam
1251 2459 1327 2492 Dei.
1382 2458 1476 2491 Psal.
1502 2457 1561 2493 79.
1585 2458 1732 2491 dicitur:
1759 2456 1833 2491 Cur
1859 2459 1976 2491 dicent
2001 2464 2131 2501 gentes,

1138 2511 1197 2543 ubi
1224 2518 1273 2544 est
1290 2510 1386 2544 Deus
1411 2509 1557 2542 eorum?
1609 2507 1655 2542 Et
1678 2506 1758 2543 Esa.
1779 2508 1841 2543 48.
1865 2509 2012 2542 dicitur:
2040 2508 2130 2543 Pro·

1140 2569 1214 2604 pter
1247 2573 1377 2593 nomen
1412 2572 1527 2592 meum
1571 2561 1760 2593 removebo
1805 2561 1960 2593 furorem
1998 2572 2129 2596 mcum.

1142 2613 1241 2646 ltem:
1278 2612 1428 2655 Propter
1457 2622 1512 2643 me
1547 2611 1690 2651 faciam,
1725 2619 1860 2645 utnon
1895 2608 2130 2655 blasphemer.

1138 2664 1196 2698 Sic
1234 2670 1268 2697 et
1299 2660 1470 2695 Ezechias
1501 2668 1662 2706 precatur
1690 2663 1858 2696 adversus
1886 2659 2132 2697 Sennacherib

1138 2713 1176 2749 4.
1189 2713 1276 2758 Reg.
1292 2712 1348 2749 19.
1391 2712 1449 2748 Sic
1467 2719 1498 2746 et
1519 2725 1583 2747 nos
1600 2710 1666 2746 hoc
1682 2720 1840 2759 tempore
1856 2725 1996 2747 oremus
2006 2712 2133 2755 Deum,
