2379 2948
117 78 213 115 1095

112 163 216 198 etiam
235 161 408 207 Spiritum
430 169 600 203 sanctum,
625 174 694 208 quo
711 163 749 195 in
765 163 814 195 eis
831 174 958 196 novam
976 163 1101 200 lucem,

111 213 285 247 iusticiam
305 221 338 248 et
356 214 462 247 vitam
481 220 658 247 aeternam
684 213 820 247 efficiat.

109 265 222 298 culam
239 263 388 308 Propter
415 265 606 308 diligenter
630 264 778 308 expendi
806 269 955 306 oportet.

212 323 253 357 ln
273 335 377 357 versu
400 324 522 364 tertio,
550 329 675 368 quarto
699 329 732 356 et
757 322 882 367 quinto
908 328 1100 355 narrantur

109 375 241 417 praelia
271 381 304 408 et
326 374 493 409 victoriae
521 371 627 406 huius
654 373 764 416 regis,
802 379 835 406 et
859 373 965 406 simul
990 373 1099 415 signi-

108 426 251 463 ficatur,
280 425 407 469 impios
424 425 461 457 in
485 425 620 456 mundo
644 425 890 457 adversaturos
916 435 989 456 esse
1016 421 1098 456 huic

108 475 193 519 regi.
255 475 322 509 Sed
351 487 430 508 mox
455 475 615 507 adfirmat
634 472 729 507 hunc
748 486 864 517 regem
888 475 964 507 fore
987 475 1099 507 victo-

106 538 201 564 rem,
229 533 260 559 et
277 526 420 571 quidem
439 525 514 558 eius
536 536 681 568 regnum
709 532 890 558 aeternum
913 526 1003 559 fore:
1034 523 1099 557 Se-

108 573 169 610 des
186 580 252 610 tua
269 575 371 609 Deus
389 575 428 608 in
443 580 628 609 aeternum
647 579 677 608 et
694 587 842 622 semper.

209 634 322 677 Quale
345 640 462 667 autem
485 634 551 666 erit
572 634 744 677 regnum?
797 633 896 677 Quae
920 635 1010 667 bona
1039 646 1098 666 ex-

106 682 229 718 hibet?

106 742 182 768 tues
205 735 379 768 iusticiam
403 741 463 768 tuo
492 736 643 779 populo,
677 743 711 769 et
735 736 868 769 delebis
896 743 1095 779 peccatum:

103 784 150 819 Et
167 785 309 830 quidem
326 792 453 820 unctus
470 798 509 819 es
520 794 664 831 propter
681 799 763 828 nos,
792 794 829 820 ut
846 787 883 819 in
902 799 966 820 nos
983 794 1096 820 trans-

103 837 231 870 fundas
246 837 420 870 iusticiam
438 844 472 871 et
487 838 594 871 vitain
614 845 790 872 aeternam
802 865 810 877 ,
837 844 876 871 ut
899 845 1045 882 propter
1063 844 1095 870 te

104 888 331 921 remittantur
355 888 458 921 nobis
485 895 643 932 peccata,
678 897 711 922 et
737 890 931 922 reddantur
956 888 1094 923 iusticia

104 945 137 971 et
155 938 224 972 vita
241 945 393 972 aeterna.

206 995 347 1031 Phrasis
372 999 409 1031 in
435 999 542 1031 verbo
570 997 738 1041 Ungendi
770 999 922 1032 sumitur
954 1011 971 1031 a
997 1009 1094 1030 more

103 1048 386 1082 ordinandorum
412 1050 652 1091 sacerdotum,
688 1055 719 1081 et
751 1060 890 1091 regum,
923 1050 984 1093 qui
1014 1061 1092 1082 cum

103 1100 381 1143 ordinabantur,
410 1101 566 1133 balsamo
593 1099 904 1143 perfundebantur.
940 1099 1011 1132 Nec
1027 1100 1093 1132 du-

105 1150 204 1183 bium
219 1157 271 1184 est
288 1149 382 1184 hunc
398 1152 513 1195 ipsum
534 1163 669 1183 morem
686 1162 703 1183 a
721 1150 794 1183 Deo
820 1151 988 1184 traditum
1009 1162 1092 1188 esse,

102 1207 142 1234 ut
160 1207 247 1235 esset
264 1202 389 1235 umbra
409 1209 442 1236 et
460 1202 689 1244 signifiacatio
707 1198 815 1234 huius
839 1201 1018 1245 praecipui
1038 1213 1093 1234 re-

103 1252 156 1295 gis
172 1258 204 1285 et
221 1253 411 1286 sacerdotis
428 1252 513 1286 Filii
532 1252 607 1290 Dei,
627 1252 688 1296 qui
706 1260 832 1286 unctus
851 1259 899 1285 est
915 1253 958 1285 ab
978 1259 1092 1284 aeter-

103 1315 151 1336 no
170 1309 283 1345 patre,
311 1304 347 1336 id
375 1311 445 1341 est,
472 1304 658 1336 ordinatus
682 1303 724 1335 ad
754 1300 820 1335 hoc
846 1303 1093 1342 ministerium,

103 1360 137 1387 et
159 1354 309 1386 donatus
336 1353 493 1397 potentia
519 1353 640 1386 divina
666 1359 699 1386 et
725 1352 861 1396 Spiritu
885 1360 1024 1393 sancto,
1051 1353 1092 1385 ad

102 1403 352 1447 perficiendam
378 1402 470 1437 hanc
501 1404 700 1436 mirandam
723 1403 991 1443 liberationem,
1025 1401 1094 1436 Ec-

103 1454 227 1487 clesiae
243 1455 461 1499 colligendae
478 1467 517 1487 ex
534 1461 607 1488 toto
624 1465 752 1497 genere
772 1452 928 1487 humano
941 1480 948 1492 ,
980 1461 1013 1487 et
1029 1455 1095 1487 do-

103 1506 241 1538 nandae
261 1505 398 1539 iusticia
415 1514 447 1540 et
465 1506 536 1539 vita
552 1511 706 1538 aeterna.

207 1563 358 1611 Myrrha
383 1573 416 1599 et
450 1565 579 1610 reliqui
606 1566 732 1597 odores
761 1571 793 1598 et
817 1571 927 1597 restes
952 1564 1096 1607 figurate

103 1616 304 1660 significant
335 1617 482 1650 virtutes
519 1623 553 1650 et
586 1615 797 1648 afflictiones
832 1613 985 1653 Christi,
1033 1615 1097 1648 etsi

104 1665 189 1701 haec
206 1667 340 1712 pictura
359 1665 425 1701 'noc
441 1668 518 1701 loco
532 1673 571 1700 ut
587 1678 666 1710 pars
685 1666 772 1709 regii
792 1666 993 1710 splendoris
1012 1678 1097 1699 nar-

102 1725 213 1753 ratur.

209 1775 437 1822 Apostrophe
462 1778 506 1811 ad
524 1775 720 1811 Ecclesiam
742 1776 1010 1819 diligentissime
1034 1777 1098 1809 ob-

107 1831 280 1863 servanda
300 1836 369 1866 est,
395 1829 494 1873 quia,
523 1836 561 1861 ut
579 1828 669 1863 dixi,
699 1829 740 1859 de
759 1827 990 1871 applicatione
1010 1838 1095 1859 con-

106 1881 286 1919 cionatur,
315 1892 353 1912 ac
371 1880 476 1913 simul
494 1879 665 1922 significat
693 1876 788 1911 bunc
814 1889 930 1919 regem
950 1889 1022 1910 non
1042 1890 1098 1910 ar-

107 1932 192 1971 mis,
215 1931 274 1964 sed
293 1942 376 1963 voce
389 1929 574 1973 Evangelii
595 1929 743 1973 populos
763 1929 829 1961 sibi
849 1929 1098 1961 adiuncturum

108 1994 192 2015 esse.
230 1979 278 2015 Et
297 1981 390 2014 clare
407 1982 624 2025 significatur
641 1978 697 2012 hic
716 1978 907 2012 Ecclesiam
928 1980 1099 2022 colligen-

109 2034 190 2066 dam
213 2043 285 2065 esse
307 2033 439 2065 semine
462 2030 646 2071 Abrahae,
674 2038 706 2063 et
728 2043 768 2063 ex
794 2030 967 2072 gentibus,
1021 2031 1098 2063 Imo

110 2090 143 2116 et
166 2080 233 2116 hoc
260 2089 347 2116 tecte
372 2083 561 2126 significat,
607 2082 770 2126 politiam
792 2080 888 2114 Mosi
912 2081 1097 2114 delendam

111 2146 202 2174 esse,
237 2133 318 2178 quia
348 2133 448 2167 iubet
472 2133 668 2168 Ecclesiam
696 2133 877 2166 collectam
902 2144 941 2164 ex
966 2133 1098 2165 semine

111 2181 278 2218 Abrahae
294 2184 454 2217 oblivisci
473 2185 595 2229 populi
611 2185 676 2218 sui.

211 2242 280 2276 Hic
305 2242 407 2276 etiam
443 2255 643 2287 expressum
667 2242 907 2276 testimonium
934 2242 1099 2274 observe-

112 2302 188 2335 tur,
221 2294 316 2338 quod
342 2295 443 2326 docet
475 2291 572 2328 hunc
594 2306 727 2337 regem,
762 2292 974 2337 promissum
1001 2291 1099 2325 Mes-

111 2346 199 2379 siam
225 2351 258 2378 et
281 2343 472 2377 Hominem
498 2356 570 2378 esse
593 2357 609 2378 a
628 2345 765 2383 Deum,
794 2351 826 2377 et
845 2352 962 2378 tamen
980 2355 1100 2387 perso-

112 2409 194 2429 nam
221 2393 328 2429 huius
352 2394 501 2428 Messiae
525 2408 542 2427 a
569 2408 716 2441 persona
739 2395 872 2430 aeterni
895 2395 1004 2438 patris
1029 2395 1101 2427 dis-

114 2448 326 2481 cernendam
357 2457 446 2479 esse:
502 2443 555 2478 Et
591 2446 808 2494 concupiscet
845 2457 909 2478 res:
944 2442 1101 2479 decorem

115 2502 235 2539 tuum,
262 2497 323 2543 qui
345 2497 477 2530 scilicet
501 2495 608 2530 homo
634 2510 674 2530 ex
697 2498 828 2530 semine
850 2495 1015 2531 Abrahae
1039 2509 1103 2530 na-

115 2557 242 2585 scetur.
286 2546 333 2582 Et
349 2548 443 2581 idem
460 2555 530 2588 est,
557 2555 594 2582 ut
611 2545 669 2581 hic
682 2549 843 2581 adfirmat
860 2549 898 2581 in
916 2560 1019 2582 versu
1035 2560 1104 2581 un-

116 2601 271 2641 decimo,
297 2598 404 2634 Deus.
458 2598 548 2633 Nam
576 2597 661 2632 haec
686 2599 894 2642 adpellatiO‚
931 2612 1020 2644 quae
1047 2597 1105 2632 hie

117 2652 276 2695 ponitur,
302 2647 473 2693 Adonai,
500 2650 642 2695 proprie
654 2648 731 2683 Deo
750 2650 931 2684 tribuitur.
985 2648 1032 2685 Et
1046 2661 1106 2684 su-

722 77 782 111 lx.
836 75 1200 112 COMMENTARII
1226 76 1276 110 IN
1304 74 1546 112 PSALMOS.

874 212 963 246 Nam
993 213 1102 257 parti·
1127 214 1129 217 ’

286 683 322 717 Id
338 696 419 717 mox
436 691 574 718 narrat:
611 682 798 730 sceptrum
829 690 964 718 rectum
994 686 1096 719 resti-
1122 712 1125 722 ‚

2056 82 2153 117 1094

1153 173 1214 205 pra
1239 161 1385 195 dicitur:
1413 161 1521 196 Sedes
1546 168 1605 195 tua
1622 160 1735 202 Deus,
1758 162 1819 195 ubi
1844 161 1958 206 ipsum
1979 164 2145 202 Messiam

1154 212 1364 257 alloquitur.

1253 260 1410 296 Ecclesia
1433 263 1590 306 gentium
1614 263 1848 306 significatur,
1883 276 1962 298 cum
1983 267 2144 302 nominat

1152 314 1260 347 filiam
1280 313 1381 358 Tyri.

1256 363 1427 397 Postremi
1451 364 1521 396 duo
1533 375 1652 397 versus
1669 364 1853 399 continent
1871 367 2143 410 promissionem

1125 434 1126 437 =
1151 415 1393 460 perpetuitatis
1410 412 1587 447 Ecclesiae
1604 422 1636 448 et
1653 415 1840 449 ministerii
1857 419 2069 461 evangelici,
2095 419 2143 454 Ut

1152 466 1276 510 collegi
1298 463 1489 499 Ecclesiam
1509 466 1638 499 vocatis
1656 464 1839 505 Patribus,
1867 468 1999 510 Adam,
2028 469 2143 511 Iacob,

1124 530 1125 538 ¹
1151 517 1271 557 Mose,
1298 516 1480 556 Samuele,
1508 514 1663 549 Davide:
1692 517 1740 549 sic
1768 517 1929 561 colligam
1949 517 2142 554 Ecclesiam

1151 568 1281 602 vocatis
1304 567 1386 600 filiis
1405 579 1444 600 ex
1461 567 1594 600 semine
1611 566 1754 600 Patrum
1774 574 1806 600 et
1825 580 1865 601 ex
1881 571 2057 611 gentibus.
2096 569 2142 605 Et

1124 630 1125 634 ¹
1150 617 1188 651 hi
1213 620 1405 662 fungentur
1429 618 1625 651 ministerio
1649 617 1868 661 evangelico,
1897 628 1999 655 erunt
2026 629 2142 654 custo-

1150 671 1209 703 des
1236 677 1269 703 et
1293 676 1540 714 propagatores
1557 668 1742 710 Evangelii
1768 669 1802 701 in
1829 671 1996 704 omnibus
2025 672 2141 715 regio-

1151 721 1274 763 nibus,
1311 733 1384 753 non
1418 727 1554 753 tantum
1582 719 1618 751 in
1649 718 1859 753 Palaestina.
1922 720 1989 753 Per
2013 720 2142 756 horum

1150 771 1384 805 ministerium
1403 771 1468 804 erit
1485 770 1603 803 efficax
1614 767 1793 810 Christus,
1821 777 1854 803 et
1872 771 2012 814 colliget
2028 780 2139 806 aeter—

1149 834 1230 855 nam
1256 820 1467 859 Ecclesiam,
1502 821 1757 854 celehraturam
1794 819 1908 854 Deum
1943 830 1976 856 et
2009 822 2140 856 Filium
2188 858 2191 859 ⁷

1149 874 1223 906 eius
1238 873 1433 906 Dominum
1453 879 1612 906 nostrum
1634 870 1748 904 lesum
1768 869 1949 906 Christum
1979 873 2014 906 in
2041 875 2140 907 omni

1148 925 1364 958 aeternitate.

1247 982 1355 1016 Dabit
1373 983 1481 1024 igitur
1496 980 1552 1015 hic
1576 993 1635 1015 rex
1660 982 1834 1015 iusticiam
1851 988 1883 1015 et
1902 982 2009 1015 vitam
2029 989 2141 1015 aeter-

1148 1046 1229 1066 nam
1249 1045 1311 1067 suo
1329 1034 1479 1077 populo,
1508 1033 1568 1078 qui
1589 1046 1668 1066 eum
1690 1033 1822 1067 audiet.
1859 1032 1957 1066 Haec
1979 1039 2029 1066 est
2047 1045 2142 1066 sum-

1148 1097 1201 1118 ma
1220 1084 1363 1117 Psalmi.

1294 1197 1638 1241 Argumentum
1667 1205 1719 1228 ac
1746 1193 2007 1238 dispositio

1451 1259 1610 1299 Psalmi
1640 1260 1805 1300 XLVI.

1199 1347 1305 1379 Deus
1331 1349 1458 1379 nostra
1481 1355 1568 1388 spes
1594 1347 1629 1377 et
1649 1341 1856 1388 fortitudo,
1886 1344 2076 1377 auxilium
2102 1346 2142 1377 in

1200 1394 1531 1434 inhalationibus,
1561 1399 1632 1427 etc.

1252 1471 1456 1506 Gratiarum
1477 1470 1566 1504 actio
1590 1476 1641 1503 est
1660 1481 1722 1514 pro
1743 1469 1948 1503 defensione
1963 1469 2141 1503 Ecclesiae

1151 1523 1263 1557 dulcis
1290 1530 1323 1556 et
1349 1523 1505 1560 erudita,
1532 1521 1637 1554 simul
1663 1521 1897 1564 complectens
1923 1528 1955 1555 et
1981 1521 2143 1554 consola-

1151 1575 1281 1614 tiones,
1309 1575 1345 1606 in
1365 1574 1492 1618 quibus
1517 1572 1686 1605 auxilium
1712 1572 1877 1615 deinceps
1895 1583 2035 1616 quoque
2059 1583 2142 1615 pro-

1152 1625 1323 1664 mittitur,
1360 1632 1392 1657 et
1423 1623 1688 1666 obiurgationes
1720 1622 1979 1662 diffidentium,
2013 1622 2073 1666 qui
2104 1622 2141 1654 in

1152 1676 1387 1719 trepidatione
1403 1675 1497 1707 varia
1516 1673 1661 1706 consilia
1683 1672 1856 1715 regularia
1883 1680 1916 1706 et
1935 1672 2141 1716 irregularia

1153 1733 1346 1771 quaerunt,
1374 1726 1464 1758 sicut
1487 1735 1583 1767 reges
1612 1723 1697 1756 luda
1720 1723 1764 1756 ab
1784 1722 1984 1769 Aegyptiis,
2013 1724 2057 1756 ab
2074 1722 2143 1756 As-

1153 1777 1272 1823 syriis,
1311 1789 1328 1809 a
1352 1776 1504 1821 Syriacis
1535 1775 1676 1817 regibus
1709 1774 1836 1807 auxilia
1871 1775 2044 1817 petebant.
2097 1772 2143 1806 Et

1153 1827 1218 1861 hoc
1244 1835 1401 1870 tempore
1425 1826 1633 1869 multiplicia
1656 1826 1797 1858 foedera
1821 1824 1931 1865 fiunt,
1959 1825 2019 1857 alii
2047 1823 2144 1857 Tur-

1153 1890 1230 1919 c03,
1258 1876 1470 1917 aliiGallos,
1498 1874 1703 1919 ahiAnglos
1717 1875 1785 1908 sibi
1802 1876 1993 1918 adiungere
2010 1887 2143 1908 conan-

1153 1938 1222 1963 tur·
1264 1928 1340 1962 Hae
1358 1928 1610 1972 trepidationes
1627 1927 1793 1960 oriuntur
1810 1939 1827 1958 a
1847 1926 2043 1959 diffidentia
2062 1926 2140 1958 aui-

1152 1992 1312 2019 morum,
1340 1979 1418 2024 qui,
1446 1979 1527 2023 quia
1553 1989 1626 2010 non
1645 1983 1793 2011 cernunt
1814 1976 1880 2011 Dei
1899 1976 2142 2020 praesentiam,

1153 2038 1326 2076 quaerunt
1345 2028 1498 2063 humana
1519 2028 1712 2073 praesidia,
1740 2039 1801 2061 seu
1827 2039 1988 2061 concessa
2006 2039 2066 2060 seu
2088 2027 2143 2059 in-

1152 2093 1323 2115 consessa.
1374 2080 1451 2114 Etsi
1466 2087 1582 2114 autem
1601 2077 1764 2112 homines
1780 2091 1853 2112 non
1879 2078 1992 2122 ignari
2012 2078 2143 2111 doctri-

1153 2145 1217 2166 nae
1236 2133 1336 2173 fidei,
1363 2132 1521 2165 iudicant
1538 2128 1629 2163 hanc
1648 2130 1868 2173 diligentiam
1894 2141 2056 2172 magnam
2087 2140 2141 2160 sa-

1153 2184 1320 2229 pientiam
1346 2195 1435 2217 esse:
1464 2182 1546 2228 quia
1570 2188 1609 2214 ut
1634 2189 1765 2215 rectum
1792 2187 1842 2213 est
1869 2180 1905 2212 in
1923 2180 1979 2212 via
1997 2179 2141 2212 comites

1154 2242 1273 2269 contra
1293 2234 1478 2268 latrocinia
1496 2231 1645 2270 habere,
1673 2232 1719 2265 ita
1745 2231 1871 2275 cogitat
1896 2230 1985 2264 ratio
2010 2231 2140 2263 iustum

1154 2298 1244 2326 esse,
1272 2298 1377 2331 quam
1394 2285 1565 2328 plurimos
1582 2291 1615 2317 et
1633 2282 1850 2315 firmissimos
1876 2281 1988 2314 socios
2014 2281 2055 2314 ad
2082 2292 2142 2323 pe-

1155 2338 1263 2370 ricula
1299 2336 1536 2381 propulsanda
1570 2334 1753 2366 devinctos
1786 2330 1935 2375 habere,
1985 2337 2025 2364 ut
2057 2330 2144 2364 dicit

1154 2387 1360 2431 Euripides:
1394 2384 1499 2423 Miag
1518 2382 1592 2432 γὰρ
1613 2381 1735 2428 χειρὸς
1758 2380 1920 2427 ἀσθενὴς
1942 2379 2062 2426 μαχὴ,
2091 2388 2143 2414 ta-

1154 2452 1235 2473 men
1254 2438 1417 2472 doctrina
1433 2437 1510 2469 fidei
1530 2435 1631 2468 aliter
1647 2434 1788 2468 iudicat.

1257 2496 1417 2530 Primum
1449 2495 1545 2527 videt
1575 2505 1679 2538 quam
1717 2503 1854 2525 causam
1885 2490 2073 2531 sustineat,
2104 2496 2145 2523 ut

1157 2547 1223 2582 hoc
1249 2555 1404 2590 tempore
1437 2544 1615 2590 principes
1642 2541 1768 2576 harum
1792 2542 1977 2586 regionum
2001 2548 2145 2586 propter

1158 2598 1346 2641 Evangelii
1379 2596 1634 2630 consessionem
1667 2600 1750 2628 sunt
1777 2593 1815 2626 in
1848 2592 2017 2638 periculo.
2076 2590 2144 2624 Hic

1160 2661 1297 2684 causam
1321 2654 1413 2682 recte
1448 2646 1645 2688 intelligere
1669 2645 1852 2684 studeant,
1896 2650 1930 2678 et
1953 2643 2064 2677 sciant
2086 2653 2145 2675 ve=

1537 2697 1612 2730 69*
