2379 2948
243 97 338 131 1405

243 184 410 216 dicamus.
462 176 556 209 llaec
582 176 656 208 sine
681 173 746 205 fule
768 184 839 204 non
867 178 979 216 potest
1002 171 1094 209 fieri,
1123 171 1219 202 iuxta
1246 169 1250 217 l

242 234 330 266 illud
354 229 458 264 Rom.
481 228 551 259 10.;
585 224 772 267 Quomodo
797 223 1032 262 invocabunt,
1054 222 1091 254 in
1117 231 1221 265 quem
1248 228 1249 236 ¹

242 295 313 316 non
334 278 504 314 credunt?
558 274 602 309 Et
626 273 781 308 Ebraeos
809 274 882 308 11.:
910 271 1062 306 Credere
1087 277 1223 315 oportet
1249 311 1251 318 Ι

243 334 463 367 accedentem
493 328 534 360 ad
560 325 694 363 Deum,
729 325 823 370 quod
847 324 911 361 sit,
945 330 978 357 et
1006 323 1224 367 inquirentes
1250 327 1251 332 ¹

243 387 356 429 ipsum
375 384 628 413 remuneretur.

345 430 538 475 Epicureos
548 427 770 459 manifestum
783 432 913 458 estnon
926 424 1087 457 invocare
1097 422 1223 456 Deum.
1250 433 1253 461 j

245 486 340 519 quta
358 481 465 514 illud:
491 478 588 512 Dixit
605 478 774 520 insipiens
791 477 827 508 in
847 477 951 508 corde
967 487 1050 515 suo,
1078 485 1150 506 non
1175 480 1225 506 est
1251 472 1253 478 ’

243 535 350 570 Deus.
400 531 473 565 Nec
497 529 582 563 Saul
600 529 756 564 invocat,
783 527 841 560 sed
859 527 947 569 fugit
964 525 1096 563 Deum,
1124 523 1225 568 eique

246 584 419 619 irascitur.
472 579 543 614 Nec
565 577 767 613 Academici
790 578 974 616 invocant,
1007 576 1040 608 id
1066 581 1132 612 est,
1162 572 1226 607 ho-

246 636 358 670 mines
374 633 504 671 securi,
531 630 645 675 qualis
663 636 713 662 est
731 629 879 661 maxima
904 639 982 672 pars
999 625 1134 669 generis
1159 622 1225 658 hu-

246 686 360 723 mani,
389 683 451 729 qui
466 682 630 715 dubitant
649 687 767 713 utrum
785 678 881 712 Deus
906 684 1088 710 moveatur
1109 673 1226 708 homi-

246 749 333 771 num
348 734 528 769 aerumnis
548 739 580 766 et
597 731 778 776 precibus,
806 736 838 762 et
855 740 932 761 cum
952 733 1150 771 precantur,
1175 733 1226 760 ta-

246 800 327 823 men
344 784 435 819 nihil
454 796 471 817 a
488 783 562 817 Deo
580 787 779 825 expectant.
807 791 879 812 non
900 779 1098 811 existimant
1118 788 1153 809 se
1174 788 1227 809 re-

246 838 332 882 spici
351 850 367 869 a
384 835 474 869 Deo.
525 834 582 867 Sic
600 832 748 864 maxima
767 842 846 874 pars
871 827 1056 861 hominum
1078 828 1229 867 invocat,

247 901 311 922 nec
337 885 499 928 intelligit
522 882 617 916 hunc
640 882 773 914 cultum
800 882 1004 912 damnatum
1024 891 1105 911 esse.
1159 877 1226 912 Sed

247 938 408 974 Christus
430 934 598 968 clamitat:
628 932 813 976 Quidquid
845 930 1013 973 petieritis
1037 930 1216 962 credentes

246 989 293 1024 Et
309 988 457 1022 Paulus:
484 983 594 1018 Orate
613 984 686 1015 sine
705 983 753 1014 ira
772 990 803 1014 et
820 982 894 1013 sine
915 978 1165 1022 haesitatione,
1195 980 1228 1011 id

247 1047 318 1079 est,
344 1049 417 1071 non
437 1035 660 1078 impatienter
684 1034 870 1065 irascentes
889 1031 982 1071 Deo,
1011 1038 1043 1063 et
1068 1042 1140 1063 non
1163 1030 1230 1062 dif-

246 1091 404 1125 fidentes.
461 1086 544 1119 Item
573 1085 734 1118 lacobus:
774 1082 930 1116 postulet
963 1089 1077 1115 autem
1104 1082 1140 1113 in
1165 1081 1232 1113 fide

245 1153 319 1175 non
336 1139 523 1173 haesitans.

348 1190 388 1223 In
404 1188 494 1222 hane
510 1186 718 1220 sententiam
735 1183 792 1217 hic
809 1184 953 1217 dicitur:
983 1177 1120 1220 Credo,
1146 1193 1232 1227 pro-

837 86 959 120 PfflL.
989 83 1105 120 MEL.
1133 82 1341 119 SCRIPTA
1371 81 1667 116 EXEGE‘l'lCA.

2166 85 2182 117 l
2189 82 2261 118 404

1274 168 1479 201 remissione
1502 174 1744 211 peccatorum,
1771 167 1813 200 de
1832 167 1901 200 vita
1920 174 2078 209 aeterua,
2104 170 2147 202 de
2173 181 2259 202 con-

1275 219 1472 252 servatione
1499 216 1690 258 Ecclesiae,
1724 220 1766 250 de
1791 218 1997 262 depulsione
2022 217 2257 261 blasphemia-

1277 281 1376 310 rum,
1405 267 1488 301 haec
1505 276 1599 313 petat
1617 276 1650 302 et
1668 276 1824 313 expectet
1841 269 1925 301 fides
1949 270 2024 301 siue
2040 270 2257 313 conditione,

1277 319 1358 365 quia
1375 320 1536 353 voluntas
1554 319 1618 352 Dei
1638 319 1707 352 iam
1725 327 1774 353 est
1793 330 1962 363 expressa.

1379 385 1448 420 Sed
1466 387 1509 419 de
1525 398 1626 419 cruce
1644 387 1679 419 in
1699 386 1863 430 periculis
1881 386 2145 430 corporalibus,
2172 386 2258 420 fides

1278 438 1314 470 in
1337 449 1462 480 genere
1485 444 1631 477 statuat,
1661 437 1734 471 Deo
1758 438 1892 481 placere
1920 437 2198 476 invocationem,
2227 444 2259 470 et

1279 500 1351 521 non
1377 489 1531 521 futuram
1550 488 1712 526 inanem,
1740 488 1804 521 etsi
1828 499 1900 520 non
1926 488 1988 520 illo
2005 489 2109 520 modo
2131 488 2260 521 libera-

1279 550 1378 578 mur,
1407 550 1509 583 quem
1529 550 1592 571 nos
1610 539 1816 581 cogitamus,
1843 538 1924 583 quia
1936 537 2028 572 Deus
2045 538 2120 572 vult
2138 536 2262 571 Eccle-

1279 590 1365 622 siam
1383 589 1572 621 subiectam
1592 601 1663 621 esse
1680 590 1794 627 cruci,
1811 596 1844 622 et
1862 590 2014 632 pendere
2029 600 2068 621 ex
2084 589 2170 629 fide,
2187 601 2261 622 non

1280 652 1320 673 ex
1337 637 1502 672 humanis
1518 639 1801 682 cogitationibus.
1856 638 1903 672 Et
1924 647 2040 672 tamen
2060 651 2133 672 eam
2157 651 2262 672 exau-

1281 691 1333 724 dit
1351 697 1384 723 et
1404 690 1546 733 liberat,
1576 691 1637 723 sed
1662 690 1768 723 variis
1786 691 1915 731 modis,
1936 689 2115 723 utPaulus
2135 690 2263 735 inquit,

1285 742 1327 774 ad
1354 738 1529 785 Ephesios
1553 740 1603 775 3.:
1632 740 1677 773 Ei
1702 741 1764 785 qui
1788 747 1910 785 potens
1935 748 1985 774 est
2006 753 2110 785 super
2134 741 2264 780 omnia,

1282 793 1394 825 facere
1418 791 1643 825 excellentius
1667 804 1771 835 quam
1801 792 1949 835 petimus
1973 799 2031 825 aut
2059 792 2264 834 cogitamus.

1282 840 1328 876 Et
1354 842 1492 875 Psalmo
1517 845 1570 875 4.:
1614 841 1746 875 Scitote
1779 843 1870 886 quod
1896 842 2071 875 Dominus
2103 842 2264 875 mirificat

1283 899 1440 926 sanctum
1459 904 1579 931 suum,
1601 893 1636 925 id
1654 901 1723 933 est,
1753 893 1960 925 mirabiliter
1978 893 2111 926 liberat.

1387 960 1482 992 Deus
1498 959 1705 1003 promiserat
1722 971 1757 992 se
1775 965 1995 992 servaturum
2024 971 2095 992 esse
2117 971 2265 1003 regnum

1284 1010 1410 1045 David.
1456 1009 1624 1043 Petebant
1643 1010 1747 1052 igitur
1764 1009 1904 1048 Sancti,
1932 1021 1975 1042 ne
1992 1010 2029 1042 in
2047 1009 2266 1056 Babylonem

1285 1063 1562 1094 abducerentur:
1591 1064 1647 1092 sed
1671 1069 1786 1093 tamen
1814 1061 1990 1094 addebant
2014 1062 2265 1099 conditionem,

1286 1113 1313 1145 si
1330 1114 1376 1145 ita
1393 1112 1465 1145 Deo
1484 1112 1680 1151 videretur,
1707 1120 1740 1145 et
1758 1112 2000 1154 intelligebant
2026 1112 2157 1156 requiri
2181 1114 2266 1145 obe-

1286 1163 1455 1196 dientiam
1480 1163 1518 1195 in
1541 1174 1652 1196 cruce.
1705 1162 1751 1195 Et
1776 1169 1891 1194 tamen
1916 1169 2042 1195 norant
2061 1161 2174 1195 Deum
2194 1174 2267 1196 ser-

244 1248 366 1289 plerea
401 1238 539 1285 loquor.
598 1237 678 1270 Non
707 1248 783 1269 sum
809 1234 1021 1278 Epicureus,
1056 1245 1129 1266 non
1157 1244 1232 1265 sum

250 1292 499 1329 Academicus,
527 1300 605 1321 vere
630 1295 744 1321 statuo
771 1298 842 1318 esse
869 1284 1003 1324 Deum,
1035 1291 1067 1317 et
1095 1284 1232 1317 confido

250 1356 330 1378 eum
360 1339 449 1375 mihi
478 1339 675 1385 propicium
702 1349 774 1370 esse
799 1343 941 1380 propter
966 1335 1096 1368 Filium
1121 1346 1233 1373 suum,

250 1406 352 1440 quem
387 1404 451 1436 pro
485 1390 586 1424 nobis
616 1389 795 1422 victimam
830 1398 903 1419 esse
935 1386 1057 1419 voluit.
1119 1383 1233 1418 Credo

250 1457 343 1478 meas
376 1454 493 1487 preces
518 1453 577 1484 per
602 1438 696 1472 hunc
723 1438 923 1482 pontificem
949 1438 991 1468 ad
1014 1436 1128 1478 ipsum
1156 1446 1232 1477 per-

251 1495 353 1530 ferri,
382 1501 411 1526 et
430 1492 550 1535 accipi.
602 1489 716 1523 Credo
736 1501 790 1521 me
808 1488 838 1519 ei
860 1499 961 1519 curae
980 1498 1070 1525 esse,
1099 1493 1131 1519 et
1153 1497 1231 1528 pro-

252 1555 328 1590 pter
350 1544 479 1577 Filium
504 1554 559 1574 me
587 1540 755 1574 exaudiri¹
808 1538 889 1571 Non
915 1537 1010 1579 fugio
1037 1548 1115 1569 eum
1147 1535 1232 1568 sicut

252 1596 356 1634 Saul,
392 1593 527 1627 etiamsi
549 1602 698 1634 agnosco
724 1601 834 1621 meam
856 1588 1051 1630 miseriam,
1089 1586 1148 1618 sed
1172 1586 1234 1618 ob-

252 1655 406 1689 tempero
435 1644 484 1683 ei,
501 1655 579 1675 cum
599 1641 738 1673 iusserit
756 1651 818 1672 nos
834 1639 972 1671 credere
992 1637 1232 1670 remissionem
1261 1644 1263 1688 >
1330 1677 1340 1709 l
1382 1677 1388 1682 .

1261 1691 1263 1696 ⁷
1288 1689 1325 1710 so
1344 1686 1510 1709 ationem.

252 1704 472 1742 peccatorum
498 1693 699 1726 donandam
717 1687 859 1735 propter
876 1687 1026 1722 Filium.
1076 1687 1163 1721 Cum
1181 1686 1234 1718 di·
1261 1698 1263 1731 t

253 1761 308 1781 co:
339 1746 378 1779 ln
402 1753 433 1778 te
452 1744 605 1777 Domine
630 1741 785 1786 speraxi,
813 1752 885 1772 non
912 1739 1130 1777 confundar,
1157 1749 1235 1769 vere
1262 1753 1263 1757 =

254 1806 286 1832 et
316 1810 355 1830 ex
379 1796 497 1829 animo
525 1806 644 1837 spero,
680 1801 712 1826 et
735 1798 876 1834 expecto
904 1789 1179 1823 consolationem
1205 1795 1235 1821 et
1262 1814 1265 1844 ζ
1313 1830 1333 1861 Γ

1291 1842 1307 1862 e
1327 1840 1404 1862 isos.

253 1848 422 1883 auxilium
441 1859 458 1878 a
477 1844 563 1879 Deo.
615 1843 720 1876 Hunc
743 1842 812 1874 scio
831 1853 901 1874 esse
916 1841 1048 1873 cultum
1060 1838 1143 1879 Dei,
1170 1836 1235 1871 hoc
1262 1845 1263 1867 3

255 1901 350 1933 cultu
370 1898 440 1931 scio
459 1908 538 1929 eum
558 1894 740 1934 delectari,
767 1893 855 1925 sicut
878 1892 1008 1924 dicitur
1025 1891 1062 1922 in
1079 1889 1237 1922 Psalmo:
1262 1923 1264 1925 ,

256 1951 383 1983 invoca
408 1947 512 1979 mein
530 1946 586 1978 die
609 1943 870 1983 tribulationis,
896 1950 956 1975 etc.
1010 1940 1105 1973 Haec
1131 1939 1237 1973 intel-

257 2002 364 2043 ligere
380 1999 564 2034 debemus,
591 2003 625 2029 et
643 1996 691 2028 sic
716 1995 752 2027 in
770 1994 993 2026 invocatione
1016 1998 1152 2024 mentes
1177 1992 1237 2023 ad-

256 2052 361 2084 fectas
381 2060 451 2082 esse
469 2053 615 2090 oportet.
670 2043 803 2089 Estque
821 2042 905 2076 haec
921 2043 1064 2087 propria
1083 2049 1115 2075 et
1133 2053 1238 2085 pecu-

256 2102 353 2135 liaris
373 2101 509 2141 piorum
537 2096 724 2141 sapientia,
753 2096 869 2137 ignota
888 2095 1034 2128 mundo.
1263 2069 1266 2134 l

1261 1739 1263 1748 ’
1290 1727 1484 1765 Dominus,
1513 1734 1545 1759 et
1571 1727 1675 1759 morti
1696 1739 1768 1758 non
1787 1727 1944 1762 tradidit.

1286 1221 1448 1246 vaturum
1465 1225 1536 1245 esse
1552 1213 1722 1257 populum
1738 1213 1842 1245 etiam
1860 1213 1895 1245 in
1914 1213 2028 1246 exilio.
2082 1212 2203 1258 ltaque
2220 1214 2268 1247 ibi

1287 1265 1412 1297 maiori
1431 1264 1540 1307 gloria
1561 1270 1752 1303 ornantur,
1779 1275 1883 1308 quam
1904 1264 2041 1308 qualem
2059 1264 2181 1297 domui
2207 1263 2269 1298 ha-

1288 1316 1453 1355 buerant,
1483 1322 1516 1347 et
1532 1314 1685 1347 mirabili
1702 1316 1805 1347 modo
1826 1316 2055 1349 reducuntur.

1389 1373 1438 1406 lta
1463 1372 1580 1405 David
1611 1373 1756 1405 exulans
1789 1373 1874 1415 petit
1905 1373 2167 1413 reductionem,
2207 1377 2266 1408 sed

1288 1436 1366 1457 cum
1390 1423 1612 1460 conditione,
1641 1423 1669 1454 si
1688 1422 1761 1455 Deo
1783 1423 1935 1466 placeat,
1963 1435 2000 1456 ac
2025 1424 2189 1467 intelligit
2215 1438 2270 1459 re-

1289 1475 1380 1520 quiri
1409 1474 1657 1506 obedieutiam.
1708 1474 1844 1505 Interea
1869 1480 1986 1506 tamen
2013 1475 2076 1507 scit
2095 1487 2164 1509 non
2182 1476 2272 1508 abii-

1288 1526 1447 1558 ciendam
1466 1536 1537 1556 esse
1564 1525 1666 1555 fidem
1691 1524 1907 1556 remissionis
1935 1531 2172 1567 peccatorum:
2209 1528 2272 1561 scit

1289 1582 1320 1609 et
1339 1574 1400 1608 has
1418 1586 1533 1618 preces
1551 1575 1593 1606 de
1617 1574 1821 1607 reductione
1836 1575 1913 1607 Deo
1932 1575 2088 1618 placere,
2116 1584 2148 1609 et
2165 1588 2272 1610 even-

1290 1634 1402 1659 turam
1420 1625 1573 1670 aliquam
1593 1625 1848 1668 mitigationem
1867 1626 2087 1667 calamitatis,
2107 1638 2166 1660 seu
2186 1640 2272 1661 con-

1563 1675 1661 1709 quta
1680 1676 1784 1708 illud:
1813 1675 1993 1719 Castigans
2019 1677 2199 1721 castigavit
2219 1692 2271 1712 me

2000 1726 2102 1761 ltem:
2131 1727 2273 1763 Allevat

1290 1778 1468 1811 Dominus
1494 1790 1614 1809 omnes
1647 1777 1708 1822 qui
1733 1786 1922 1816 corruunt,
1957 1785 1990 1811 et
2021 1779 2121 1822 erigit
2151 1792 2273 1813 omnes

1460 1828 1561 1861 ltem:
1592 1827 1664 1870 Qui
1683 1835 1779 1862 sanat
1796 1829 1964 1862 contritos
1988 1831 2110 1867 corde,
2136 1837 2169 1864 et
2194 1832 2274 1864 alli-

1290 1887 1347 1923 gat
1368 1879 1596 1912 contritiones
1622 1891 1752 1911 eorum.
1816 1878 1909 1912 Haec
1937 1880 2094 1912 doctrina
2126 1882 2273 1915 maxime

1291 1930 1481 1963 necessaria
1512 1937 1562 1962 est
1587 1930 1623 1961 iu
1646 1942 1764 1969 cruce,
1800 1942 1842 1962 ne
1863 1938 1994 1963 m‹·ntes
2021 1942 2161 1973 prorsus
2187 1931 2274 1966 defi-

1264 1986 1265 2016 j
1291 1982 1385 2014 ciant
1409 1994 1426 2013 a
1452 1980 1546 2020 Deo,
1575 1982 1631 2012 sed
1659 1980 1726 2011 fide
1752 1986 1930 2024 expectent
1956 1981 1998 2012 ab
2017 1993 2057 2013 eo
2074 1982 2128 2013 vel
2146 1982 2275 2016 libera-

1263 2017 1266 2060 l
1292 2033 1438 2073 tionem,
1468 2032 1521 2064 vel
1541 2031 1792 2072 mitigationem
1814 2031 2063 2068 calamitatum,
2091 2033 2179 2066 sicut
2197 2042 2274 2068 orat

1295 2082 1457 2116 ieremias
1483 2095 1553 2124 cap.
1584 2082 1660 2116 10.:
1695 2082 1831 2124 tjastiga
1855 2094 1909 2114 me
1935 2082 2107 2121 Domine,
2143 2086 2200 2117 sed
2236 2086 2272 2118 in

359 2150 437 2183 Huc
455 2156 485 2182 et
511 2155 661 2186 caetera,
689 2159 775 2190 quae
797 2147 840 2178 de
863 2145 1021 2178 oratione
1039 2145 1240 2187 traduntur,
1265 2159 1267 2171 ι
1294 2133 1443 2174 indicto>
1471 2145 1543 2166 ⁰0¹1
1568 2133 1603 2165 ῙΠ
1628 2133 1747 2165 fffl'ffl'e
1768 2140 1846 2173 1¹10,
1873 2144 1915 2165 ΠΕ
1942 2134 1984 2166 ad
2010 2131 2162 2167 nihilum
2182 2137 2275 2169 redi-

259 2200 553 2236 accommodanda
570 2205 662 2237 sunt,
686 2197 780 2242 quod
802 2196 963 2228 videlicet
982 2195 1036 2238 pia
1057 2206 1154 2226 mens
1174 2195 1238 2227 sibi

260 2264 457 2297 proponere
499 2250 622 2283 debeat
659 2254 880 2292 praeceptum
919 2247 961 2278 de
1002 2242 1267 2285 invocatione}

259 2305 385 2337 deinde
422 2309 454 2335 et
488 2300 746 2344 promissiones.

260 2354 447 2387 adserenda
475 2352 517 2385 sit
544 2349 627 2383 hacc
653 2350 723 2394 ipsa
752 2349 853 2386 fides,
881 2359 969 2393 quae
993 2347 1102 2380 credit
1120 2346 1240 2379 remis-

260 2406 392 2437 sionem
425 2409 658 2447 peccatorum.
719 2399 874 2442 Quarto,
908 2398 1068 2431 doctrina
1092 2398 1241 2430 tenenda

263 2462 331 2493 est,
358 2466 442 2498 quas
467 2465 520 2486 res
546 2453 630 2484 fides
657 2450 867 2483 nominatim
882 2457 998 2494 petere
1016 2455 1049 2482 et
1065 2455 1242 2491 expectare
1268 2450 1271 2453 '

263 2506 399 2543 debeat,
428 2516 511 2548 quas
529 2515 606 2535 cum
627 2501 829 2535 conditione
845 2507 962 2545 petere
976 2500 1121 2541 debeat,
1150 2498 1178 2531 si
1197 2499 1242 2532 ita

263 2556 398 2603 placeat
413 2554 497 2588 Deo.

367 2604 455 2637 Nam
490 2617 526 2636 ea
560 2615 648 2648 quae
678 2601 886 2635 nominatim
919 2601 1018 2633 iussit
1040 2600 1133 2634 Deus
1163 2599 1247 2644 peti,

267 2664 303 2690 ut
331 2654 578 2700 promissiones
602 2652 785 2696 Evangelii
811 2652 988 2696 proprias,
1016 2651 1180 2685 videlicet
1203 2651 1246 2683 de
1272 2678 1274 2684 .

810 2297 954 2334 Tertio,
987 2297 1080 2341 quod
1106 2307 1242 2339 semper
1266 2286 1268 2296 ι

1265 2179 1268 2229 1
1293 2197 1351 2229 gas
1370 2196 1435 2218 me.

1396 2242 1536 2276 Dictum
1571 2249 1618 2275 est
1650 2243 1802 2275 breviter
1834 2243 1876 2276 de
1900 2244 2134 2280 invocatione.
2186 2245 2275 2280 Cum

1296 2293 1359 2328 hac
1376 2295 1561 2327 coniuncta
1585 2301 1632 2325 est
1658 2293 1849 2334 confessio,
1877 2295 1957 2338 quia
1982 2295 2148 2329 invocans
2177 2309 2278 2341 prae-

1268 2363 1269 2366 =
1295 2353 1362 2379 stat
1378 2346 1515 2389 aliquos
1535 2344 1737 2376 manifestos
1755 2345 1868 2378 cultus
1886 2344 1974 2378 Deo.
2027 2345 2065 2378 ln
2088 2345 2141 2379 his
2159 2355 2276 2382 osten-

1296 2397 1366 2434 dit,
1395 2407 1482 2440 qnos
1507 2396 1639 2433 cultim,
1670 2407 1775 2439 quam
1801 2396 1996 2429 doctrinam
2024 2398 2169 2440 probet,
2205 2399 2276 2431 dis-

1298 2447 1388 2480 cedit
1422 2448 1465 2479 ab
1495 2446 1674 2485 idolatris,
1709 2446 1869 2489 adiungit
1900 2458 1935 2479 se
1957 2460 2056 2480 verae
2090 2447 2275 2485 Ecclesiae.

1297 2497 1458 2542 Denique
1477 2508 1614 2529 necesse
1631 2503 1679 2529 est
1697 2503 1810 2530 tantos
1827 2497 1937 2530 animi
1954 2505 2068 2530 motus
2083 2511 2276 2543 erumpere,

1270 2550 1271 2562 ¹
1302 2548 1384 2581 ldeo
1404 2548 1505 2581 toties
1522 2554 1708 2581 recurrunt
1732 2545 1766 2579 hi
1788 2549 1960 2581 versiculi.
2016 2549 2276 2583 Laudationem

1270 2619 1271 2622 =
1299 2598 1445 2632 Domini
1478 2599 1642 2642 loquetur
1675 2609 1712 2630 os
1746 2610 1873 2632 meum.
1935 2598 2037 2632 ltem:
2072 2599 2279 2636 Confitebor

1303 2649 1368 2685 tibi
1384 2650 1420 2682 in
1441 2649 1663 2689 nationibus,
1691 2657 1754 2683 etc.
