2379 2948
193 137 284 172 1451

191 217 357 250 mationis
387 216 480 260 apud
514 213 687 258 sapientes
714 211 751 243 in
777 211 930 251 mundo,
962 209 1119 253 inopiam
1145 213 1179 240 et

192 268 319 301 similia
349 268 428 311 plus
453 271 613 298 metuunt
636 274 741 308 quam
765 260 900 301 Deum,
934 267 1045 293 ruunt
1068 266 1101 292 et
1126 258 1180 290 fa-

191 319 290 351 ciunt
316 318 484 362 quaedam
510 321 630 348 contra
651 314 814 346 mandata
830 311 907 347 Dei.
962 310 1013 344 lta
1035 317 1067 344 et
1086 309 1179 342 disfi-

192 369 312 402 dentia
336 373 496 411 peccant,
523 365 762 407 imaginantur
780 363 847 395 sibi
868 362 1088 406 profuturam
1108 371 1180 392 esse

192 431 288 452 suam
306 418 526 461 sapientiam,
555 415 700 459 gratiam
718 414 931 458 principum,
959 410 1180 446 coniunctio-

192 481 253 502 nes
272 469 486 505 amicorum,
515 478 609 510 opes.

294 518 388 552 Haec
419 517 544 550 fiducia
578 513 756 559 prohibita
789 527 807 548 a
832 513 925 555 Deo,
961 525 1061 557 saepe
1091 512 1182 545 fallit

192 570 296 603 etiam
323 570 436 602 bonos
460 569 496 600 in
521 568 633 600 causis
658 567 768 601 iustis.
822 565 922 599 Sicut
939 562 1055 598 Achas
1072 561 1181 596 habe-

190 622 250 654 bat
267 621 374 653 iustas
392 630 511 653 causas
529 618 613 651 belli
632 624 754 651 contra
767 616 886 662 Syros,
913 622 945 648 et
963 622 1080 649 tamen
1098 614 1180 658 quia

192 671 389 704 confidebat
419 669 560 703 auxiliis
593 666 845 713 Assyriorum,
880 678 953 700 non
982 665 1077 704 Deo,
1114 665 1182 698 fuit

194 721 328 756 infelix.

295 770 487 804 Tenendae
507 777 589 803 sunt
605 767 671 802 hae
687 768 827 811 regulae
839 791 848 806 ‚
876 773 913 800 ut
931 778 995 799 nos
1011 767 1105 810 ipsos
1120 766 1183 798 ad—

191 834 415 862 moneamus,
443 829 475 854 et
499 821 536 853 in
558 820 688 853 nostris
712 818 866 862 negociis
890 824 921 851 et
943 817 1108 861 periculis
1127 828 1181 849 re-

192 880 274 917 gant
294 874 398 905 corda
416 878 545 904 nostra.

296 923 416 957 Ierem.
438 921 511 955 17.:
539 920 752 953 Maledictus
775 917 882 951 homo
903 918 964 963 qui
982 917 1128 950 confidit
1145 917 1181 949 in

191 972 354 1013 homine,
391 979 424 1005 et
449 972 550 1015 ponit
574 983 713 1004 carnem
740 966 925 1004 brachium
950 980 1072 1007 suum,
1107 975 1141 1001 et
1164 979 1183 1000 a

192 1025 352 1058 Domino
369 1023 501 1056 recedit
520 1034 580 1054 cor
597 1022 681 1054 eius.

294 1072 448 1107 Econtra
472 1084 574 1111 vero,
600 1071 725 1105 Esaiae
747 1071 825 1105 28.:
855 1068 987 1103 Omnis
1011 1070 1073 1115 qui
1098 1081 1182 1102 con-

193 1125 271 1158 fidit
288 1125 326 1157 in
341 1123 555 1166 Dominum,
582 1135 655 1155 non
670 1123 917 1156 confundetur.

294 1173 343 1208 Et
356 1175 391 1207 in
401 1174 550 1208 Psalmis
564 1185 665 1217 saepe
678 1174 823 1217 repetita
838 1179 889 1206 est
900 1170 985 1205 haec
998 1171 1183 1204 sententia.

295 1225 424 1259 Psalm.
449 1224 499 1260 9.:
536 1222 582 1257 Et
613 1231 752 1268 sperent
782 1224 819 1256 in
852 1231 885 1257 te
915 1223 976 1267 qui
1005 1228 1184 1255 noverunt

193 1288 321 1311 nomen
349 1283 467 1317 tuum,
496 1276 578 1320 quia
595 1287 668 1308 non
685 1275 910 1320 derelinques
926 1280 1132 1319 quaerentes
1151 1280 1184 1307 te

192 1327 357 1363 Domine.

294 1377 424 1411 Psalm.
446 1375 520 1410 24:
556 1375 724 1409 Universi
754 1376 816 1421 qui
846 1380 1029 1420 expectant
1054 1380 1087 1407 te
1109 1372 1183 1407 Do-

195 1429 308 1466 mine,
337 1440 410 1461 non
431 1428 706 1460 confundentur.

297 1478 410 1513 Palm.
426 1477 501 1512 30.:
530 1477 571 1511 In
596 1484 628 1510 te
645 1475 798 1510 Domine
823 1476 979 1520 speravi,
1007 1486 1081 1507 non
1098 1485 1183 1507 con-

194 1530 324 1564 fundar
339 1530 376 1561 in
395 1535 587 1561 aeternum.

296 1579 425 1613 Psalm.
443 1578 518 1611 35:
548 1577 616 1611 Iste
641 1588 774 1620 pauper
795 1575 980 1615 clamavit,
1008 1581 1040 1608 et
1056 1574 1183 1607 Domi-

194 1642 261 1664 nus
278 1630 456 1663 exaudivit
473 1641 571 1669 eum,
599 1635 632 1661 et
650 1639 689 1660 ex
706 1627 872 1660 omnibus
889 1625 1183 1659 tribulationibus

194 1681 323 1725 eripuit
342 1692 432 1713 eum.

297 1730 424 1764 Psalm.
446 1729 544 1763 124:
574 1727 646 1771 Qui
670 1726 853 1761 confidunt
875 1726 912 1759 in
932 1725 1106 1768 Domino,
1135 1727 1182 1759 si-

194 1788 251 1816 cut
269 1793 370 1814 mons
388 1780 496 1820 Sion,
524 1791 597 1812 non
615 1779 934 1811 commovebuntur
953 1784 1016 1811 etc.

295 1832 391 1866 Deus
414 1831 491 1864 vult
514 1830 581 1862 sihi
602 1829 668 1862 soli
692 1828 823 1868 tribui,
851 1829 946 1873 quod
965 1840 1068 1861 verax
1086 1828 1131 1861 sit
1147 1834 1179 1861 et

194 1882 431 1926 omnipotens.
484 1880 656 1913 Homines
681 1886 762 1912 sunt
786 1880 990 1919 mendaces,
1017 1885 1050 1912 et
1074 1878 1179 1917 leves,

193 1941 227 1967 et
253 1933 368 1966 omnis
393 1929 548 1964 humana
574 1930 729 1974 potentia
755 1929 942 1963 imbecillis
967 1936 1026 1964 est.
1096 1928 1179 1962 Ideo

193 1984 270 2017 vult
290 1982 404 2022 Deus,
433 1987 470 2014 ut
495 1988 623 2013 certam
647 1981 810 2013 fiduciam
836 1987 973 2013 tantum
999 1981 1037 2012 in
1064 1979 1179 2024 ipsum

194 2034 426 2070 collocemus,
463 2031 524 2076 qui
553 2031 716 2074 promisit
736 2030 906 2063 auxilium
934 2037 966 2064 et
990 2037 1040 2064 est
1063 2043 1179 2068 verax,

195 2091 227 2118 et
248 2090 361 2128 potest
383 2093 475 2116 unus
495 2081 635 2121 iuvare,
663 2092 742 2113 cum
759 2081 803 2113 sit
821 2081 1056 2124 omnipotens.
1110 2081 1180 2115 Sed

194 2135 274 2180 quia
289 2146 363 2167 non
383 2133 560 2171 videmus,
588 2131 767 2176 quomodo
785 2130 869 2163 velit
887 2132 1073 2174 opitulari,
1101 2133 1179 2165 ideo

196 2185 396 2231 quaerimus
420 2182 593 2227 praesidia
617 2181 730 2226 posita
757 2181 802 2214 ob
826 2181 957 2214 oculos.
1027 2182 1179 2216 Difficile

197 2243 247 2270 est
270 2248 287 2269 a
313 2236 387 2268 solo
410 2234 518 2266 verbo
535 2233 601 2266 Dei
619 2232 791 2277 pendere,
818 2237 855 2264 et
870 2232 999 2265 nudari
1014 2234 1180 2266 omnibus

196 2285 361 2320 humanis
393 2284 588 2328 praesidiis.
648 2282 792 2316 Cruciat
820 2282 923 2315 etiam
951 2295 1067 2323 mora,
1102 2296 1180 2316 cum

199 2349 298 2380 saepe
320 2336 505 2369 differatur
528 2334 690 2367 liberatio
713 2340 783 2367 tam
801 2333 881 2375 diu,
907 2340 946 2367 ut
965 2334 1070 2367 etiam
1087 2346 1181 2367 mors

197 2387 372 2431 opprimat
389 2385 546 2420 Sanctos.

302 2437 384 2470 Ideo
408 2436 508 2480 impii
534 2433 625 2468 hanc
649 2435 846 2468 doctrinam
870 2435 912 2468 de
930 2435 997 2467 fide
1013 2446 1073 2469 seu
1090 2436 1181 2469 fidu-

201 2488 253 2520 cia
277 2488 479 2521 collocanda
502 2487 539 2518 in
556 2485 670 2518 Deum
688 2497 761 2518 non
780 2486 1003 2527 intelligunt,
1029 2487 1102 2519 imo
1120 2488 1182 2519 de-

201 2538 329 2571 rident.
395 2535 441 2570 Et
469 2535 565 2570 hunc
594 2536 821 2580 praecipuum
855 2537 1009 2577 cultum,
1051 2537 1182 2571 scilicet

202 2589 375 2621 confidere
399 2586 492 2627 Deo,
523 2594 556 2620 et
579 2588 622 2620 ab
643 2598 682 2619 eo
705 2587 780 2619 solo
807 2594 922 2630 petere
945 2593 979 2619 et
1002 2595 1181 2632 expectare

202 2638 394 2678 auxilium,
426 2649 497 2670 non
521 2644 668 2680 possunt
693 2644 879 2681 praestare.
931 2636 1076 2671 Interim
1099 2651 1180 2672 vero

203 2695 376 2735 quaerunt
399 2687 570 2732 praesidia
593 2695 626 2722 et
651 2688 781 2722 auxilia
803 2689 1057 2733 undecunque,
1093 2689 1181 2723 sicut

779 127 906 165 PHIL.
932 124 1049 162 MEL.
1075 123 1282 161 SCRIPTA
1310 119 1612 158 EXEGETICA.

2124 120 2220 156 1432

1233 205 1319 240 Saul
1339 205 1507 249 implorat
1531 216 1632 248 opem
1656 216 1675 237 a
1700 203 1850 238 muliere
1866 204 2010 247 magica.
2062 204 2109 240 Et
2123 217 2221 249 reges

1233 255 1382 290 Iudaeae
1398 256 1649 298 confugiebant
1666 256 1710 288 ad
1726 253 1936 301 Aegyptios,
1963 262 2003 288 ut
2019 253 2143 289 Esaiae
2160 257 2221 290 30.

1232 307 1383 348 dicitur,
1408 307 1471 340 ubi
1489 306 1669 350 perspicue
1687 306 1901 339 describitur
1915 306 2137 340 imbecillitas
2153 305 2222 340 hu-

1233 359 1329 391 mani
1354 358 1488 398 cordis,
1516 357 1611 402 quod
1635 369 1711 390 non
1735 363 1847 399 potest
1869 368 1888 389 a
1912 358 2019 390 verbo
2042 357 2112 391 Dei
2135 369 2222 401 pen-

1233 410 1335 449 dere,
1363 415 1395 442 et
1417 408 1485 441 fide
1510 420 1545 440 se
1572 414 1784 448 sustentare,
1814 408 1875 441 sed
1899 408 2034 452 quaerit
2057 419 2112 441 res
2137 409 2222 441 sub-

1234 460 1340 493 iectas
1363 460 1495 500 oculis,
1523 465 1555 492 et
1578 470 1684 491 manu
1711 455 2001 502 comprehensas,
2028 465 2067 492 ut
2091 458 2140 491 eis
2164 458 2222 491 ni-

1234 517 1340 544 tatur.
1393 509 1494 543 Sicut
1517 510 1572 543 illi
1598 510 1692 554 apud
1709 508 1850 544 Esaiam
1867 510 2006 543 dicunt:
2035 507 2092 542 Ad
2113 520 2222 554 equos

1232 561 1418 604 fugiemus-

1337 608 1500 654 Opponit
1516 617 1631 644 autem
1641 608 1762 643 Esaias
1778 610 1989 643 contrariam
2007 610 2220 644 doctrinam:

1235 661 1273 696 Si
1296 662 1523 694 revertemini
1551 668 1583 695 et
1610 661 1813 708 quiescetis,
1839 661 1926 694 salvi
1950 661 2057 694 eritis.
2112 660 2151 693 ln
2174 661 2222 694 si·

1236 713 1347 746 lentio
1372 719 1404 746 et
1429 724 1489 756 spe
1514 712 1578 745 erit
1596 712 1767 745 fortitudo
1787 718 1911 747 vestra.
1964 710 2045 745 Duo
2062 711 2223 757 requirit,

1236 764 1389 808 quietem
1415 775 1475 796 seu
1500 762 1699 800 silentium,
1727 769 1761 795 et
1779 773 1887 805 spem.
1938 760 2109 796 Prohibet
2126 763 2221 795 enirn

1234 814 1346 847 animi
1363 814 1495 846 infirmi
1512 821 1544 846 et
1560 813 1755 847 dubitantis
1772 813 2022 856 trepidationes
2038 820 2070 847 et
2085 813 2222 846 discur-

1235 865 1405 905 sationes‚
1431 865 1590 909 undique
1608 864 1807 908 quaerentis
1823 863 1950 897 auxilia
1967 861 2133 905 humana,
2160 875 2223 897 seu

1235 927 1396 949 concessa
1415 926 1475 949 seu
1494 926 1707 948 inconcessa.

1336 965 1412 998 Hae
1429 966 1700 999 discursationes
1716 965 1835 1009 quales
1851 965 1932 1005 sint,
1961 965 2116 1010 exempla
2133 977 2222 1010 quo-

1207 1038 1209 1045 *
1235 1017 1390 1051 tidianae
1419 1017 1532 1055 vitae,
1565 1028 1784 1050 summorum
1813 1022 1846 1048 et
1874 1016 2076 1049 infimorum
2102 1022 2222 1049 osten-

1207 1048 1210 1187 Ι

1203 1833 1208 2082 ¹

1235 1068 1335 1103 dunt.
1390 1066 1437 1101 Et
1466 1080 1561 1100 nunc
1593 1073 1764 1100 vocantur
1792 1067 1965 1110 practicae
1992 1073 2025 1100 et
2051 1066 2222 1110 sapientia

1235 1119 1393 1152 consilia.
1448 1117 1518 1152 Sed
1543 1116 1628 1151 haec
1651 1117 1839 1162 trepidatio
1863 1118 1977 1151 oritur
2002 1129 2041 1150 ex
2057 1117 2223 1150 diffiden-

1235 1170 1282 1203 tia
1310 1169 1440 1208 animi,
1469 1169 1654 1212 cogitantis
1679 1181 1714 1202 se
1740 1167 1855 1202 deseri
1875 1180 1893 1201 a
1911 1167 2008 1208 Deo,
2034 1175 2066 1201 et
2082 1168 2222 1211 fugien-

1237 1221 1280 1254 tis
1297 1221 1430 1254 Deum.
1485 1219 1568 1253 Ideo
1587 1231 1687 1263 saepe
1705 1220 1935 1263 vituperatur.
1986 1218 2127 1253 Psalmo
2144 1216 2222 1254 45.:

1236 1270 1384 1312 Vacate‚
1413 1277 1445 1304 et
1469 1271 1584 1304 videte
1607 1271 1701 1315 quod
1721 1282 1782 1314 ego
1802 1270 1867 1303 sim
1885 1268 1990 1303 Deus.
2043 1268 2146 1303 Iubet
2162 1281 2223 1303 va-

1235 1333 1312 1354 care
1337 1329 1369 1355 et
1391 1321 1523 1354 intueri
1549 1320 1684 1361 Deum,
1718 1321 1818 1366 quasi
1843 1321 1951 1361 dicat,
1985 1320 2136 1354 statuite
2161 1331 2224 1354 vos

1235 1372 1309 1405 Deo
1327 1384 1431 1405 curae
1446 1383 1530 1412 esse,
1552 1379 1585 1405 et
1600 1379 1775 1414 expectate
1791 1371 1961 1404 auxilium
1980 1371 2064 1406 eius.
2101 1370 2221 1415 Ipsum

1235 1422 1443 1463 intuemini,
1476 1433 1549 1454 non
1579 1422 1771 1455 existimate
1796 1433 1858 1454 vos
1884 1422 1928 1454 ab
1949 1434 1989 1454 eo
2014 1422 2168 1455 desertos
2189 1428 2223 1455 et

1234 1472 1409 1519 proiectos
1428 1483 1518 1512 esse,
1544 1484 1608 1504 nec
1625 1479 1793 1516 tanquam
1812 1472 1940 1505 deserti
1957 1483 1975 1504 a
1992 1470 2068 1504 Deo
2086 1471 2222 1504 discur-

1236 1523 1322 1563 rite,
1350 1523 1506 1567 quaerite
1522 1523 1681 1562 foedera,
1709 1522 1833 1563 socios,
1861 1522 2041 1565 practicas‚
2068 1519 2222 1556 technas.

1235 1573 1322 1607 Item
1340 1573 1550 1617 pulcerrime
1566 1573 1799 1616 significatum
1816 1579 1883 1613 est,
1909 1585 1989 1606 cum
2007 1571 2150 1619 Moyses
2165 1573 2221 1606 di-

1236 1630 1344 1664 ceret,
1379 1623 1493 1661 State,
1530 1630 1563 1657 et
1589 1623 1754 1656 videbitis
1776 1624 1950 1666 magnalia
1975 1622 2055 1658 Dei.
2116 1622 2222 1658 Vetat

1234 1675 1353 1717 fugere
1383 1682 1416 1708 et
1447 1674 1611 1719 dissipari
1642 1675 1814 1719 populum
1835 1675 2080 1719 desperatione
2105 1674 2221 1708 divini

1234 1725 1368 1759 auxilii.

1335 1775 1458 1818 Neque
1482 1772 1566 1808 haec
1590 1774 1743 1815 vacatio,
1773 1786 1834 1808 seu
1857 1772 1924 1808 hoc
1948 1776 2128 1810 silentium
2155 1790 2221 1821 pu-

1236 1833 1317 1870 gnat
1334 1839 1413 1859 cum
1429 1826 1553 1858 officiis
1569 1825 1772 1860 vocationis.
1817 1825 1885 1860 Sed
1903 1827 2056 1869 regulam
2073 1827 2110 1860 in
2122 1827 2219 1861 Psal-

1232 1889 1290 1910 mo
1326 1877 1491 1911 traditam
1529 1888 1727 1909 servemus:
1774 1875 1906 1911 Revela
1937 1876 2095 1911 Domino
2125 1879 2218 1912 viam

1235 1935 1351 1966 tuam,
1387 1935 1420 1962 et
1446 1927 1518 1970 ipse
1541 1927 1656 1960 faciet.
1716 1926 1829 1961 Vocat
1853 1928 1965 1969 viam,
1998 1929 2218 1963 vocationem

1233 1986 1266 2012 et
1288 1979 1407 2012 omnia
1433 1978 1546 2011 officia
1568 1977 1783 2021 vocationis,
1812 1976 1897 2011 haec
1917 1979 2010 2011 bona
2035 1979 2218 2013 conscien-

1233 2030 1280 2063 tia
1305 2029 1465 2063 facienda
1489 2035 1591 2069 sunt,
1621 2027 1726 2061 Miles
1749 2029 1957 2073 praelietur,
1985 2028 2134 2064 Senator
2154 2042 2218 2074 gu-

1232 2081 1375 2121 bernet,
1403 2079 1564 2113 Pastores
1589 2080 1752 2113 doceant:
1781 2081 1840 2113 sed
1860 2076 1915 2112 his
1933 2081 2099 2124 operibus
2114 2094 2218 2115 voca-

1232 2132 1340 2165 tionis
1364 2131 1563 2175 praeluceat
1585 2130 1686 2171 fides,
1715 2137 1834 2174 petens
1854 2137 1886 2164 et
1902 2138 2086 2175 expectans
2101 2145 2119 2165 a
2136 2133 2215 2167 Deo

1233 2183 1422 2222 auxilium,
1449 2181 1538 2214 sicut
1557 2178 1719 2224 Iosaphat
1742 2181 1874 2226 inquit:
1903 2180 2042 2216 Credite
2057 2183 2217 2218 Domino

1232 2232 1308 2267 Deo
1328 2240 1462 2273 vestro,
1487 2239 1518 2266 et
1537 2232 1649 2265 securi
1668 2231 1772 2264 eritis.

1336 2283 1432 2317 Haec
1464 2289 1514 2316 est
1536 2294 1670 2316 summa
1698 2283 1890 2317 sententiae
1917 2283 2021 2316 etiam
2045 2281 2112 2318 hoc
2138 2286 2215 2320 loco

1234 2335 1397 2369 traditae:
1425 2333 1557 2366 Melius
1581 2340 1630 2367 est
1654 2334 1829 2366 confidere
1852 2334 1889 2366 in
1905 2333 2082 2376 Domino,
2110 2348 2216 2382 quam

1234 2387 1272 2418 in
1304 2384 1459 2419 homine.
1527 2383 1659 2417 Melius
1688 2392 1738 2418 est
1771 2385 1945 2418 confidere
1977 2385 2014 2417 in
2044 2387 2215 2428 Domino,

1235 2448 1339 2481 quam
1365 2436 1403 2468 in
1432 2434 1662 2480 principibus.
1724 2434 1828 2470 Vetat
1853 2436 2027 2469 confidere
2049 2435 2214 2471 humanis

1234 2487 1434 2531 praesidiis,
1474 2498 1547 2518 non
1578 2486 1712 2527 solum,
1748 2487 1830 2531 quia
1861 2487 2025 2520 voluntas
2054 2489 2213 2521 omnium

1235 2536 1421 2572 hominum
1445 2544 1525 2570 sunt
1541 2537 1689 2571 mobiles
1704 2544 1737 2571 et
1751 2538 2007 2578 inconstantes,
2034 2540 2091 2571 sed
2108 2539 2212 2573 etiam

1233 2589 1279 2622 ob
1302 2586 1369 2622 hoc
1386 2588 1517 2632 ipsum,
1545 2589 1639 2632 quod
1657 2589 1783 2621 auxilia
1803 2595 1884 2622 sunt
1901 2589 2050 2623 infirma.
2102 2589 2213 2634 Saepe

1234 2637 1413 2679 homines,
1438 2638 1467 2670 si
1491 2638 1600 2672 velint
1623 2651 1696 2672 non
1718 2647 1864 2683 possunt
1880 2639 2012 2673 iuvare.
2065 2639 2157 2674 Sunt
2174 2642 2213 2674 in

1234 2687 1391 2725 historiis
1416 2695 1449 2723 et
1465 2690 1657 2734 praeceptis
1672 2688 1821 2724 ethnicis
1837 2690 1965 2724 multae
1982 2689 2113 2724 similes
2129 2703 2211 2725 sen-
