2379 2948
236 104 309 142 879
830 98 955 135 PHlL.
981 99 1095 136 MEL.
1124 98 1332 135 SCRIPTA
1359 96 1659 137 EXEGETICA.

235 187 443 224 sententiam
469 196 659 229 congruere
679 180 757 217 cum
778 181 968 229 Prophetis
985 197 1024 219 ac
1041 185 1218 219 Patribus.
1241 186 1245 218 i
1269 197 1334 219 nos
1355 185 1455 231 quasi
1477 197 1558 219 oves
1583 184 1796 226 erravimus,
1829 185 2070 230 unusquisque
2091 191 2129 218 in
2153 193 2251 218 suam

236 240 353 285 Atque
381 239 428 271 ita
452 243 501 269 est
523 236 696 280 profecto,
732 235 856 268 ordine
879 247 1001 270 omnes
1023 234 1220 280 Prophetae
1242 223 1245 262 ¹,
1269 237 1380 278 viam,
1433 243 1467 270 et
1505 236 1623 280 posuit
1662 235 1838 270 Dominus
1886 235 1924 268 in
1966 247 2006 268 eo
2048 236 2251 281 iniquitates

236 292 331 325 idem
360 290 506 327 docent,
531 291 702 319 testantur
725 297 847 319 omnes
871 283 1032 319 homines
1051 288 1116 319 sub
1140 298 1220 329 pec·
1243 265 1246 308 l
1270 287 1428 321 omnium
1455 293 1627 320 nostrum.

238 348 313 375 cato
331 350 420 378 esse,
446 343 609 370 accusant
628 333 818 369 humanam
837 337 1023 370 iusticiam.
1078 336 1123 370 Et
1141 348 1218 370 rur«
1243 311 1247 385 i
1361 337 1419 372 Sic
1435 338 1669 381 agnoscebant
1684 333 1882 380 Prophetae
1898 342 2086 369 venturum
2104 334 2251 369 Libera-

239 402 296 424 sus
313 394 517 434 proponunt
532 387 718 429 gratuitam
737 387 1013 420 misericordiam
1031 388 1220 420 revelatam
1245 411 1247 438 Ι
1270 393 1400 428 torem,
1439 388 1542 431 longe
1572 388 1685 421 maius
1718 387 1928 420 beneficium
1958 386 2147 419 allaturum
2182 398 2253 419 esse

236 447 273 473 in
289 438 582 484 promissionibus
599 449 617 470 a
634 436 709 470 Deo
733 445 876 481 propter
900 438 1110 481 promissum
1134 438 1221 470 libe·
1271 450 1375 482 quam
1398 439 1595 482 voluptates
1618 444 1650 471 et
1676 449 1779 482 opes,
1805 437 1967 470 videlicet
1992 438 2253 469 destructurum

236 498 408 530 nitorem,
445 494 477 521 et
503 486 594 520 hanc
624 488 901 520 misericordiam
929 489 1052 521 iubent
1075 489 1142 520 fide
1165 500 1222 521 ac-
1245 483 1247 514 1'
1272 499 1343 521 esse
1361 501 1466 533 opera
1486 489 1636 529 diaboli,
1660 489 1696 522 id
1715 495 1784 527 est,
1811 495 2009 531 peccatum,
2036 499 2106 531 quo
2130 493 2254 519 natura

2176 99 2251 135 880

238 541 327 585 cipi,
353 539 403 573 ita
419 539 595 572 affirmant
611 539 713 570 nobis
730 539 874 581 ignosci.

332 589 428 623 Haec
445 595 493 622 est
510 601 579 622 una
596 595 628 621 et
645 589 866 621 consentiens
883 602 949 621 vox
965 587 1222 622 omniumPro-

238 640 437 687 phetarum.
481 639 563 672 Ideo
585 638 710 671 Petrus
726 639 858 684 inquit:
887 640 979 672 Huic
996 651 1117 672 omnes
1134 638 1223 672 Pro-

238 691 363 737 phetae
384 690 624 723 testimonium
649 687 853 732 perhibent,
882 690 1122 722 remissionem
1143 701 1223 733 pec-

239 750 398 777 catorum
416 745 568 783 accipere
586 751 648 783 per
664 751 793 772 nomen
812 741 897 779 eius,
927 752 1049 772 omnes
1069 740 1130 784 qui
1149 752 1223 772 cre-

239 795 329 826 dunt
348 793 384 823 in
402 802 493 824 eum.
545 788 590 822 Et
608 787 693 822 hacc
718 797 768 822 est
792 790 951 823 liberatio
972 791 1141 837 promissa
1163 802 1224 834 per

239 842 425 880 Messiam,
459 840 600 872 liberari
625 851 642 872 a
660 847 798 883 peccato
811 867 819 880 ,
850 847 881 873 et
899 841 1035 874 restitui
1054 842 1223 884 integram

239 892 426 930 iusticiam,
454 896 487 923 et
505 889 612 922 vitam
631 896 816 925 aeternam.
844 888 891 923 At
907 891 1025 924 Iudaei
1045 891 1224 924 somniant

240 955 274 976 se
291 953 362 976 esse
384 940 493 973 iustos
511 940 603 983 lege,
629 947 661 973 et
686 947 866 984 expectant
883 941 1125 975 liberationem
1150 953 1222 974 non

240 1007 258 1027 a
290 997 430 1037 peccato
466 997 499 1024 et
531 1004 548 1023 a
574 997 706 1031 morte,
737 992 796 1023 sed
829 993 871 1024 ab
898 992 1003 1026 exilio
1029 999 1060 1025 et
1089 992 1221 1036 inopia.

238 1043 345 1077 Hunc
363 1053 514 1074 errorem
531 1039 728 1084 Prophetae
745 1048 775 1074 et
794 1040 953 1084 Apostoli
973 1044 1147 1076 taxabant.

343 1092 447 1135 Quod
474 1098 588 1124 autem
616 1099 783 1134 congruat
808 1091 936 1124 Paulus
962 1091 1019 1125 hic
1049 1106 1126 1126 cum
1151 1091 1224 1126 Da-

239 1145 352 1183 niele,
381 1142 604 1175 manisestum
624 1149 691 1182 est,
719 1141 844 1174 Daniel
868 1143 1002 1186 inquit:
1036 1141 1128 1176 Tibi
1141 1142 1225 1176 Do-

241 1195 336 1227 mine
360 1191 525 1230 iusticia,
561 1190 666 1224 nobis
691 1196 810 1224 amem
834 1193 1001 1240 confizsio
1014 1193 1137 1241 faciei
1160 1206 1225 1226 no·

241 1251 351 1278 strae.
396 1242 565 1286 Agnoscit
589 1249 696 1275 totam
717 1242 904 1275 Ecclesiam
928 1241 1054 1277 habere
1075 1252 1226 1288 peccata,

242 1303 274 1329 et
300 1294 509 1327 nominatim
535 1293 637 1326 dicit:
664 1292 744 1326 'Non
763 1293 799 1325 in
817 1294 951 1326 iusticia
970 1302 1087 1328 nostra
1107 1307 1225 1339 preca-

242 1358 322 1379 mur
341 1352 401 1378 etc.
457 1344 544 1376 Item
564 1355 608 1376 ne
624 1344 701 1387 quis
720 1344 824 1386 fingat
844 1343 1105 1388 synecdochen,
1126 1345 1225 1390 loqui

244 1408 322 1429 eum
340 1396 382 1427 dc
406 1393 547 1433 multis,
576 1405 649 1425 non
674 1395 716 1425 de
740 1394 904 1426 omnibus
927 1393 1037 1439 (sicut
1052 1394 1226 1437 Origenes

245 1443 767 1487 corrumpit(lictuniDanielis)
786 1445 995 1476 nominatim
1008 1446 1108 1478 dicit:
1132 1440 1225 1478 Cum

245 1493 426 1540 confiterer
447 1498 593 1540 peccata
621 1505 716 1533 mea,
745 1498 774 1526 et
798 1499 942 1540 peccata
964 1494 1104 1540 populi.
1157 1496 1225 1529 Sed

245 1549 291 1580 ita
314 1553 380 1586 est,
400 1545 530 1592 peccati
549 1556 640 1577 onus
659 1550 794 1577 tantum
819 1546 974 1578 smniunt
999 1547 1064 1589 pii,
1091 1546 1148 1578 alii
1175 1559 1227 1579 se-

245 1598 319 1631 curi
337 1600 578 1629 contemnunt.

348 1645 391 1679 [t
411 1646 517 1688 igitur
533 1644 663 1676 Paulus
680 1644 770 1676 toltit
789 1645 965 1686 meritum,
995 1653 1026 1678 et
1045 1647 1229 1680 contendit

246 1709 366 1730 omnes
383 1699 446 1728 snb
468 1703 603 1739 peccato
622 1706 709 1734 esse,
737 1694 819 1727 item
845 1697 996 1729 inculcat
1022 1697 1227 1740 particulam

423 1746 469 1779 [ta
495 1744 549 1777 hic
576 1748 675 1777 docet
702 1743 849 1785 Daniel,
878 1746 1058 1789 inquiens:
1087 1746 1166 1779 Non
1193 1747 1228 1779 in

247 1799 382 1831 iusticia
402 1804 517 1828 nostra
536 1805 594 1828 etr.
636 1794 773 1827 Deinde
790 1803 826 1828 nt
848 1795 977 1829 Paulus
995 1797 1127 1841 inquit,
1155 1797 1229 1831 Re-

248 1850 490 1891 11÷ittipeccata
512 1859 570 1889 per
586 1858 624 1887 gr
637 1847 744 1879 Υ»ῐίεαιῐκ

245 1750 364 1789 gratis.

246 1900 400 1941 sugimus
417 1898 458 1929 ad
477 1896 752 1928 misericordiam
779 1909 866 1941 quae
887 1910 1009 1939 magna
1029 1897 1098 1943 est)
1116 1905 1147 1931 et
1164 1911 1229 1931 no-

247 1951 358 1981 minat
375 1947 620 1989 Blcdiatorem,
644 1947 822 1990 inquiens:
851 1944 1230 1993 PropterDominnm.
1254 1944 1255 1971 Ῑ

248 1999 357 2033 Porro
377 1998 510 2042 quotics
531 1998 567 2029 fit
585 1998 716 2029 mentio
744 1998 1020 2039 misericordiae,
1050 2000 1230 2032 correlati-

247 2062 288 2082 ve
307 2048 532 2090 intelligenda
552 2054 599 2079 est
616 2048 700 2079 fides
713 2073 720 2086 ,
742 2060 807 2090 qna
826 2050 1010 2081 statuimus
1025 2050 1128 2082 nobis
1145 2062 1230 2082 con-

247 2102 381 2143 tingere
399 2098 684 2132 misericordiam.
720 2095 881 2131 Omnino
899 2099 1006 2142 igitur
1022 2113 1100 2133 cum
1119 2100 1230 2133 Paulo

248 2150 410 2194 congruit
429 2148 565 2182 Daniel.

353 2200 401 2233 lta
422 2200 563 2244 prod-cst
583 2199 619 2230 in
638 2198 780 2231 caeteris
800 2197 988 2243 Prophetis
1009 2203 1231 2235 consentien—
1254 2197 1256 2207 ’

249 2260 298 2286 tes
314 2250 502 2284 sententias
528 2249 769 2288 considerare,
796 2258 833 2283 nt
859 2251 894 2282 in
918 2250 1074 2284 Psalmis.
1124 2252 1227 2294 Quod

249 2313 370 2335 omnes
389 2301 457 2333 siut
477 2300 524 2332 rei
538 2327 544 2339 ,
573 2306 745 2332 testantur
763 2297 845 2333 haec
865 2302 971 2333 dicta:
1001 2301 1078 2334 Non
1109 2303 1231 2335 instifi-
1255 2297 1256 2303 ¹

251 2353 386 2386 cabitur
403 2352 438 2383 in
457 2358 642 2392 conspectu
663 2357 720 2383 tuo
739 2351 855 2383 omnis
874 2352 1004 2385 virens.
1037 2352 1136 2384 Item:
1164 2352 1231 2385 De-

251 2404 329 2435 licta
352 2403 429 2447 quis
454 2400 641 2443 intelligit?
694 2399 797 2433 Item:
826 2401 862 2435 Si
888 2402 1088 2446 iniquitates
1111 2405 1230 2436 obser—

251 2453 384 2485 vaveris
403 2451 565 2491 Domine,
592 2450 744 2483 Domine
762 2453 841 2497 quis
859 2453 1068 2486 sustinebit?
1095 2453 1231 2487 Rursus

252 2505 294 2534 de
312 2503 546 2534 misericordia
567 2509 596 2534 et
622 2501 826 2535 remissione
851 2503 1013 2545 gratuita:
1045 2504 1121 2537 Dixi
1147 2517 1231 2537 con—

252 2553 376 2584 fitebor
410 2554 592 2585 adversum
631 2564 685 2584 me
724 2552 945 2596 iniquitatem
983 2567 1107 2586 meam.
1174 2555 1258 2596 Sic3
1385 2551 1518 2597 Estque
1551 2553 1740 2595 dilige-nter
1768 2552 2020 2584 consideranda
2047 2552 2262 2585 diuturnitas

251 2602 370 2635 Esaias
388 2614 457 2634 nno
476 2603 645 2635 versiculo
665 2609 850 2647 utramque
869 2611 1000 2648 partem
1020 2605 1230 2647 complexus,
1255 2607 1258 2621 ²

251 2659 387 2685 accusat
404 2663 536 2691 oinnes,
553 2660 584 2684 et
603 2653 1064 2696 proponitinisericordiam:
1095 2654 1230 2688 Omnes
1256 2652 1257 2655 ¹

800 1845 851 1879 Ita
869 1845 924 1879 hic
950 1848 1102 1880 clamitat
1127 1847 1229 1892 (con-
1254 1870 1255 1877 η

1245 529 1248 583 ξ
1273 537 1425 572 humana
1443 551 1606 583 oppressa
1624 546 1686 580 est,
1718 538 1943 584 tyrannidem
1963 538 2096 572 diaboli
2111 544 2143 571 et
2159 548 2255 570 mor-

1246 600 1247 618 2
1272 596 1342 622 tem
1363 596 1553 625 aeternam.

1246 641 1249 678 t]
1376 639 1494 681 Quare
1527 640 1681 682 legentes
1717 638 1868 673 Paulum
1903 639 2104 673 intueamur
2136 637 2255 671 animo

1247 701 1249 703 ’
1274 701 1397 722 omnes
1422 689 1566 722 Patrum
1589 702 1627 723 ac
1650 688 1907 733 Prophetarum
1933 690 2139 729 conciones,
2173 689 2256 720 inde

1273 752 1382 785 usqne
1402 740 1445 773 ab
1471 740 1595 780 initio,
1623 746 1655 773 et
1672 741 1715 772 de
1739 741 1869 787 peccati
1894 740 2135 783 magnitudine
2162 738 2257 780 cogi-

1273 797 1402 828 temus,
1428 797 1460 823 et
1487 791 1636 824 sciamus
1660 802 1733 823 non
1751 802 1821 823 esse
1844 791 1934 824 levia
1957 790 2142 827 beneficia,
2169 800 2258 833 quae

1248 858 1249 880 ς
1272 840 1366 874 filius
1384 840 1449 873 Dei
1468 841 1595 876 attulit.
1648 839 1744 873 Haec
1759 841 1912 874 breviter
1926 841 2047 882 adieci,
2072 847 2110 873 nt
2128 840 2256 872 confir-

1247 881 1250 934 ἶ
1274 898 1416 924 mentur
1439 892 1587 924 studiosi
1612 892 1776 924 adversus
1803 889 2046 934 sophisticam,
2072 903 2138 935 qna
2167 884 2257 922 non-

1248 938 1250 993 ξ
1274 942 1364 974 nulli
1383 942 1595 976 cavillantur
1610 949 1643 975 et
1659 948 1892 985 corrumpunt
1909 941 2011 974 Pauli
2029 941 2119 974 dicta
2139 942 2180 974 de
2203 940 2258 972 iu-

1248 995 1250 1012 ‘
1275 993 1372 1026 sticia
1391 992 1482 1026 fidei.

1387 1102 1618 1136 Vaticinium
1644 1100 1691 1136 de
1715 1101 1829 1136 LXX
1850 1099 2148 1136 hebdomadibus.

1377 1174 1547 1220 Sequitur
1570 1175 1776 1209 vaticinium
1801 1176 1844 1208 de
1876 1175 2092 1219 septuaginta
2123 1172 2259 1206 hebdo-

1275 1225 1438 1259 madibus
1463 1226 1630 1259 traditum
1654 1225 1814 1266 Danieli,
1842 1227 1935 1271 quod
1960 1233 2009 1259 est
2036 1225 2259 1269 perspicuum

1250 1278 1252 1317 ξ
1276 1276 1517 1309 testimonium
1537 1283 1658 1309 contra
1677 1276 1835 1317 Iudaeos,
1859 1279 1901 1309 de
1917 1283 2072 1319 tempore
2091 1277 2260 1307 adventus

1250 1319 1253 1385 Ἰ
1276 1324 1429 1367 Christi,
1464 1333 1495 1359 et
1520 1328 1563 1359 de
1587 1327 1655 1359 fine
1681 1327 1823 1370 politiae
1853 1326 2021 1359 Iudaicae.
2074 1327 2126 1358 Ac
2150 1325 2260 1357 multa

1277 1377 1431 1409 breviter
1447 1378 1647 1420 complexus
1665 1384 1714 1408 est
1731 1375 1876 1416 Daniel,
1904 1383 1942 1408 ut
1960 1377 1996 1408 fit
2020 1376 2054 1407 in
2075 1374 2258 1407 vaticiniis.

1252 1430 1253 1440 ¹
1278 1425 1367 1459 Cum
1387 1427 1545 1470 loquitur
1561 1428 1602 1459 de
1619 1424 1750 1460 Christi
1769 1428 1934 1467 adventu,
1957 1426 2062 1459 simul
2081 1432 2199 1458 monet
2216 1426 2260 1456 de

1252 1490 1254 1506 ⁴,
1278 1477 1472 1514 beneficiis,
1500 1477 1778 1521 quaeallaturus
1793 1484 1852 1511 est.
1908 1476 2162 1520 Interpretatur
2178 1486 2260 1519 pro-

1279 1527 1479 1566 missiones,
1507 1527 1683 1567 videlicet‚
1710 1527 1869 1560 futurum
1886 1534 1925 1560 ut
1941 1527 2123 1560 aboleatur
2140 1537 2260 1569 pecca—-

1279 1584 1375 1616 tum,
1407 1584 1439 1610 et
1472 1577 1632 1610 incoetnr
1662 1583 1828 1620 perpetua
1860 1577 2017 1620 iusticia,
2047 1584 2079 1610 et
2102 1587 2192 1610 nova
2223 1587 2262 1608 ac

1253 1639 1256 1644 ’
1280 1633 1418 1659 aeterna
1445 1627 1526 1660 vita.
1580 1627 1690 1660 Addit
1713 1627 1816 1661 eti-am
1840 1625 2019 1660 Christum
2050 1627 2262 1660 moriturum

1280 1688 1370 1717 esse,
1398 1685 1430 1710 et
1448 1684 1563 1710 tamen
1583 1678 1700 1710 multis
1720 1690 1758 1710 ex
1779 1679 1909 1721 populo
1928 1679 2092 1711 daturum
2115 1688 2176 1710 sua
2200 1677 2262 1709 be-

1254 1736 1255 1742 *
1281 1728 1416 1760 neficia.
1468 1726 1514 1760 Et
1543 1736 1660 1771 postea
1687 1728 1792 1760 finem
1814 1729 1889 1761 sorc-
1913 1727 2019 1762 huius
2042 1728 2185 1771 politiae
2203 1726 2263 1760 In-

1254 1799 1255 1812 t
1281 1779 1410 1812 daicae.
1464 1777 1558 1811 Haec
1583 1785 1634 1811 est
1657 1791 1790 1811 summa
1814 1780 1990 1817 vaticinii,
2027 1780 2064 1811 in
2088 1791 2154 1823 qua
2180 1778 2262 1810 satis

1280 1835 1423 1872 apparet
1458 1829 1607 1872 proponi
1647 1829 1846 1862 testimonia
1883 1832 1925 1863 de
1957 1830 2078 1863 multis
2107 1828 2262 1862 articulis

1254 1889 1255 1893 ’
1280 1886 1400 1912 contra
1428 1879 1584 1912 ludaeos

1378 1928 1537 1962 Primum
1566 1930 1694 1963 refutat
1719 1927 1775 1963 hic
1808 1930 1905 1962 locus
1935 1941 2088 1963 errorem
2116 1930 2158 1962 de
2188 1929 2262 1972 lege

1281 1980 1464 2013 retinenda
1494 1987 1527 2013 et
1557 1981 1600 2013 de
1634 1992 1740 2023 regno
1771 1981 1914 2024 politico
1945 1977 2094 2020 Christi,
2130 1979 2167 2013 Si
2197 1980 2263 2013 erit

1281 2038 1446 2073 perpetua
1477 2031 1633 2071 iusticia,
1676 2032 1771 2069 item,
1811 2030 1848 2063 Si
1880 2029 2041 2063 Christus
2073 2031 2262 2068 occidetur,

1281 2081 1440 2126 sequitur
1465 2082 1574 2124 legem
1598 2080 1789 2114 Mosaicam
1822 2093 1894 2113 non
1926 2081 2145 2114 retinendam
2179 2092 2261 2121 esse,

1282 2144 1344 2164 nec
1362 2132 1435 2164 fore
1453 2133 1673 2164 mundanum
1693 2143 1852 2173 reguum.

1383 2191 1546 2225 Secundo
1587 2191 1693 2223 tradit
1735 2190 1976 2224 testimonium
2019 2191 2062 2224 de.
2104 2190 2262 2235 passione

1281 2240 1424 2276 Christi.

1382 2292 1503 2325 Tertio
1523 2304 1600 2324 cum
1618 2291 1741 2334 politia
1757 2297 1822 2323 iar-,t
1840 2292 2001 2331 desierit,
2028 2292 2073 2324 ita
2091 2298 2129 2324 nt
2145 2292 2262 2324 nullos

1283 2341 1407 2376 habeat
1438 2344 1559 2382 duces,
1595 2343 1712 2375 nullos
1733 2340 1945 2385 Prophetas,
1984 2343 2080 2375 nulla
2105 2342 2261 2374 tribuum

1282 2394 1504 2432 discrimina,
1533 2400 1665 2426 constat
1691 2393 1872 2436 impletum
1897 2404 1969 2425 esse
1995 2393 2124 2425 dictum
2143 2391 2260 2424 Iacob:

1282 2443 1360 2476 Non
1385 2445 1563 2476 auferetur
1587 2450 1760 2487 sceptrum
1784 2445 1827 2475 de
1855 2442 1956 2483 luda,
1994 2444 2103 2475 donec
2129 2443 2262 2475 venerit

1283 2493 1453 2527 Salvator.
1507 2493 1652 2527 Necesse
1673 2501 1722 2527 est
1744 2494 1850 2537 igitur
1866 2494 2001 2526 venisse
2018 2492 2246 2528 Salvatorem.

1283 2604 1449 2645 temporis
1471 2611 1547 2646 post
1563 2603 1736 2635 excidium
1755 2601 2079 2645 Hierosolymorum
2095 2628 2102 2638 ‚
2130 2610 2163 2634 et
2179 2613 2261 2634 cou-

1283 2654 1424 2686 serenda
1449 2667 1526 2687 cum
1545 2653 1732 2686 duratione
1748 2653 1831 2694 legis
1850 2658 1928 2684 ante
1954 2652 2139 2685 excidium.
2194 2651 2261 2685 Nec
