2379 2948
195 124 266 158 499

196 220 261 253 que
282 219 321 240 eo
348 207 466 240 nullae
485 206 620 251 periodi
638 200 895 244 cohaerebunt,
922 204 1016 248 quod
1042 203 1178 235 incom-

196 260 360 303 ponendo
386 258 569 302 praecipue
592 255 666 287 fieri
689 255 838 298 oportet.
892 254 1090 287 Plurimum
1118 264 1179 285 au—

196 318 264 342 tem
301 310 441 353 prodest
471 309 514 339 ad
546 306 815 347 intelligendum
847 304 1071 347 Ciceronem,
1114 301 1180 336 hoc

196 362 302 393 modo
319 359 529 391 distribuere
554 357 762 394 sententias,
791 363 823 389 et
850 357 968 389 videre
994 358 1088 388 unde
1116 366 1179 386 na-

195 417 352 449 scantur,
380 416 412 442 et
431 409 609 453 quomodo
634 407 865 441 consentiant.

196 460 494 499 animadverterit,
515 459 644 492 scribet
663 467 695 492 et
712 458 783 502 ipse
803 458 928 490 melius
947 455 1180 489 cohaerentia.

297 534 501 567 Proximum
519 541 635 568 autem
654 541 875 577 praeceptum
892 540 961 572 est,
989 540 1027 566 ut
1042 538 1180 564 senten-

196 587 261 620 tiae
287 586 370 618 illae
397 586 434 617 in
457 596 581 627 magna
611 592 707 628 parte
733 584 903 616 orationis
923 584 1103 625 illigentur
1122 594 1179 624 pe-
1208 595 1209 605 ¹

196 638 316 669 riodis.
379 635 475 678 Quid
511 642 626 668 autem
662 635 731 666 sint
766 635 920 677 periodi,
961 634 1047 677 quid
1081 634 1181 666 κῶλα

196 688 280 732 quid
300 683 487 730 κόμματα,
516 687 657 719 tradunt
679 685 909 727 graunnatici.
948 686 1069 717 κῶλον
1087 685 1179 715 enim
1208 700 1209 711 ³

196 747 245 772 est
257 738 357 770 unica
371 738 503 779 integra
521 736 705 776 sententia,
727 742 765 768 ut
785 748 872 780 quae
891 733 1051 767 homines
1069 741 1182 773 arant,

197 789 373 831 navigant,
401 787 595 825 aedificant,
613 786 731 818 onmia
751 786 872 819 virtuti
894 793 1026 829 parent.
1054 781 1181 828 κόμμα

196 851 276 883 pars
303 846 352 871 cst
375 838 460 875 coli,
489 844 527 869 ut
552 837 735 879 navigant,
762 837 957 870 aedificant.

197 898 312 922 autem
331 895 466 921 constat
488 887 675 920 minimum
697 899 735 919 ex
755 888 892 920 duobus
911 888 1007 920 colis.

297 963 437 997 Dicitur
461 969 577 996 autem
602 963 767 1006 periodus
792 974 853 996 seu
880 963 989 998 latine
1015 964 1182 996 circuitus

196 1022 256 1048 aut
275 1014 550 1051 circumductio,
578 1014 660 1058 quia
685 1014 818 1056 colligit
840 1015 957 1057 plures
982 1015 1182 1053 sententias,

196 1066 376 1110 particulis
394 1064 640 1104 rationalibus,
667 1065 876 1103 causalibus,
894 1065 1061 1105 relativis,
1087 1077 1182 1098 com-

196 1117 380 1161 parativis,
415 1115 663 1155 adversam-is,
698 1116 876 1148 interdum
909 1116 1011 1148 etiam
1038 1116 1210 1159 copula-¹

196 1167 289 1201 tivis.
342 1165 510 1209 Exempla
529 1172 611 1198 sunt
634 1166 766 1210 ubique
787 1166 890 1199 obvia
920 1167 1013 1210 apud
1041 1165 1183 1202 Cicero-

196 1230 284 1250 nem.
316 1216 530 1261 Quanquam
547 1214 637 1248 mihi
652 1228 790 1260 semper
800 1217 965 1262 frequens
979 1224 1183 1261 conspectus

196 1275 310 1301 vester
334 1268 446 1301 multo
469 1268 764 1308 iucundissimus,
800 1265 858 1300 hic
882 1275 995 1301 autem
1019 1269 1117 1301 locus
1139 1269 1181 1301 ad

196 1319 369 1362 agendum
386 1318 641 1362 amplissimus,
667 1320 709 1351 ad
729 1319 918 1352 dicendum
937 1319 1183 1352 ornatissimus

197 1377 246 1402 est
271 1370 365 1401 visus
389 1368 567 1411 Quirites,
598 1375 715 1401 tamen
741 1368 806 1399 hoc
831 1368 930 1400 aditu
953 1368 1087 1407 laudis,
1123 1370 1183 1411 qui

197 1431 334 1463 semper
357 1419 491 1462 optimo
520 1418 646 1461 cuique
670 1418 819 1450 maxime
846 1418 977 1461 patuit,
1010 1430 1083 1450 non
1107 1430 1182 1450 mea

196 1482 252 1503 me
270 1470 450 1509 voluntas,
478 1469 536 1501 sed
555 1480 650 1500 meae
666 1468 756 1501 vitae
780 1468 952 1508 rationes,
981 1469 1024 1501 ab
1040 1468 1183 1502 ineunte

198 1528 308 1554 aetate
327 1526 505 1563 susceptae
524 1515 796 1563 prohibuerunt.
844 1518 965 1563 Turpe
986 1526 1036 1555 e&
1054 1519 1182 1552 StOicis

198 1573 360 1615 ignorare
385 1570 540 1603 Zenonis
564 1571 720 1609 decreta,
749 1577 881 1615 quanto
907 1571 1044 1613 turpius
1069 1577 1100 1602 et
1128 1571 1182 1602 in-
1208 1575 1210 1581 ’

198 1623 340 1665 dignius
372 1628 422 1654 cst
444 1618 577 1654 Christi
607 1621 742 1653 decreta
775 1621 907 1653 nescire
940 1619 1184 1654 Christianos?

197 1673 266 1706 Pro
284 1669 431 1705 Archia:
461 1669 577 1704 Etiam
596 1671 685 1703 illud
702 1671 856 1714 adiungo
874 1671 1010 1714 saepius
1034 1673 1076 1703 ad
1106 1672 1184 1704 lau-

198 1725 276 1757 dem
295 1730 399 1767 atque
416 1722 592 1762 virtutem,
618 1728 778 1755 naturam
796 1723 870 1755 sine
887 1723 1059 1762 doctrina,
1078 1735 1182 1767 quam

198 1775 273 1808 sine
297 1780 423 1807 natura
447 1773 597 1805 valuisse
628 1773 839 1807 doctrinam.
894 1772 964 1805 Pro
993 1772 1183 1806 Marcello:

199 1825 337 1858 Tantus
354 1831 404 1857 est
419 1824 512 1856 enim
536 1823 704 1868 splendor
729 1824 766 1856 in
784 1824 887 1858 laude
909 1835 1006 1864 vera,
1035 1831 1128 1857 tanta
1148 1825 1183 1856 in

198 1875 443 1918 magnitudine
460 1874 569 1907 animi
588 1882 621 1907 et
638 1875 775 1907 consilii
794 1876 965 1919 dignitas,
993 1882 1029 1908 ut
1056 1873 1140 1908 haec
1165 1887 1182 1908 a

199 1927 330 1959 virtute
346 1927 493 1963 donata,
521 1932 654 1958 caetera
671 1938 688 1958 a
707 1927 848 1959 fortuna
867 1927 1088 1959 commodata
1112 1938 1184 1959 esse

200 1977 398 2010 videantur.
451 1975 547 2008 Haec
565 1977 721 2019 exempla
739 1976 862 2017 recito,
889 1985 926 2011 ut
948 1977 1184 2009 adolescentes

200 2028 355 2068 discant,
383 2039 455 2059 non
471 2027 549 2059 illas
568 2033 705 2060 tantum
728 2027 891 2070 periodos
905 2027 973 2061 dici
986 2052 994 2065 ,
1021 2040 1110 2072 quae
1129 2027 1184 2060 in-

200 2076 375 2112 choantur
392 2090 410 2110 a
428 2077 804 2117 circumductionibus,
832 2079 889 2111 sed
908 2078 1012 2112 etiam
1039 2090 1100 2121 per
1123 2079 1185 2111 ad-

200 2129 407 2169 versativas‚
434 2140 496 2172 per
513 2129 791 2172 comparationes
810 2136 887 2172 apte
905 2129 1063 2163 connecti
1084 2129 1183 2173 plura

200 2182 312 2214 κῶλα.
370 2178 433 2213 Est
458 2186 493 2213 et
514 2179 710 2222 simplicius
735 2180 911 2224 quoddam
937 2192 1060 2222 genus,
1089 2181 1182 2224 quod

201 2230 402 2264 Demetrius
431 2236 531 2263 vocat
553 2227 776 2270 historicum,
813 2231 916 2274 quale
939 2237 990 2263 est
1013 2229 1094 2264 hoc:
1126 2231 1182 2264 In-

201 2282 345 2315 ferimus
363 2282 514 2321 bellum,
542 2281 746 2326 infestisque
761 2280 869 2324 signis
886 2282 1130 2315 descendimus
1148 2283 1184 2314 in

204 2331 358 2373 ltaliam,
403 2340 501 2367 tanto
543 2332 709 2365 audacius
750 2332 947 2377 fortiusque
983 2333 1185 2376 pugnaturi,

205 2390 334 2426 quanto
360 2383 474 2416 maior
497 2395 592 2427 spes,
626 2383 808 2428 maiorque
833 2384 970 2416 animus
1003 2383 1186 2416 inserentis

204 2440 253 2465 est
273 2434 359 2472 vim,
387 2446 491 2479 quam
508 2434 667 2469 arcentis.
722 2433 868 2467 Initium
888 2447 958 2467 non
982 2431 1087 2468 habet
1106 2447 1184 2478 par-

204 2483 346 2516 ticulam
365 2485 701 2527 circumducentem,
731 2485 882 2530 ideoque
898 2485 1091 2529 simplicior
1114 2497 1186 2518 esse

205 2535 316 2567 forma
335 2534 483 2568 videtur.
520 2535 636 2570 Huius
654 2537 790 2579 generis
807 2544 888 2570 sunt
909 2543 941 2570 et
957 2535 1051 2570 haec.
1100 2535 1185 2570 Sus-

206 2585 299 2628 cepit
325 2585 517 2618 iniunctam
553 2587 784 2630 legationem,
821 2594 859 2621 ut
882 2588 1032 2632 principi
1062 2600 1183 2632 qnem-

205 2636 395 2668 admodum
431 2636 556 2669 debere
587 2650 622 2670 se
656 2638 848 2679 iudicabat,
883 2651 1016 2672 morem
1040 2646 1184 2682 gereret.

206 2685 284 2719 Alia
300 2686 411 2719 forma
433 2699 521 2732 quae
540 2687 641 2722 initio
659 2685 763 2723 habet
789 2690 1106 2724 circumductiones
1132 2690 1185 2722 vi-

434 120 641 156 SCRIPTA
670 119 743 153 PII.
774 115 886 151 MEL.
914 116 980 150 AD
1009 115 1135 153 HlST.
1163 112 1305 150 PROF.
1333 112 1397 147 ET
1426 111 1617 151 PHtLOs.
1644 114 1961 151 SPECTANTIA.

921 406 1026 449 Quod
1051 406 1078 438 si
1103 404 1180 449 quis
1206 389 1209 462 1

1011 835 1182 868 Periodus
1208 850 1210 866 7

2139 116 2212 150 500

1233 201 1336 234 detur
1353 211 1425 233 esse
1443 200 1649 239 volubilior,
1677 206 1709 233 et
1726 206 1765 233 ut
1783 200 1899 245 inquit
1914 199 2133 240 Demetrius,
2162 202 2213 234 ef-

1232 252 1315 284 ferri
1334 263 1393 285 ore
1411 253 1564 285 rotundo
1579 258 1612 285 et
1628 251 1837 285 circumacta
1856 263 1972 286 manu.
2003 251 2076 285 Has
2093 259 2210 285 tamen

1233 303 1363 335 formas
1386 303 1574 346 proposui,
1602 309 1641 336 ut
1665 302 1867 335 varietatem
1889 303 2115 347 periodorum
2138 310 2212 337 stu-

1234 353 1324 386 diosi
1342 354 1478 386 facilius
1498 360 1736 397 agnoscerent.

1336 401 1437 436 Ordo
1454 405 1724 445 sententiarum,
1751 405 1794 437 de
1812 415 1881 448 quo
1898 403 2003 447 paulo
2027 408 2107 435 ante
2130 404 2214 444 dixi,

1207 466 1209 492 5
1234 464 1288 486 res
1313 455 1513 498 perspicuas
1541 455 1678 496 reddit,
1714 462 1747 488 at
1768 454 1904 498 periodi
1930 454 2042 487 forma
2074 455 2215 497 prodest

1207 494 1209 560 l
1235 505 1278 537 ad
1306 507 1562 539 connectendas
1590 506 1797 546 sententias,
1831 511 1864 538 et
1892 505 1991 538 addit
2020 504 2215 548 pleniorem

1207 580 1209 584 .
1235 567 1361 587 sonum
1378 557 1543 589 orationi.
1595 556 1720 590 Danda
1741 557 1848 599 igitur
1874 556 1941 588 erit
1966 567 2071 599 opera
2099 555 2215 588 imita-

1208 614 1209 647 }
1235 606 1321 646 tori,
1355 613 1394 639 ut
1425 607 1462 638 in
1486 608 1637 650 periodis
1662 607 1830 640 faciendis
1854 605 2036 639 Ciceronis
2059 606 2214 649 exempla

1208 674 1209 684 κ
1235 657 1386 699 effingat.
1440 656 1562 701 Neque
1580 664 1695 690 tamen
1712 665 1845 692 constat
1867 659 1980 690 oratio
2004 664 2074 691 tota
2100 657 2216 700 perio-

1235 706 1299 741 dis,
1354 707 1445 741 Sunt
1459 709 1553 740 enim
1574 708 1750 741 interdum
1769 709 1904 751 singula
1920 709 2013 749 cola,
2041 708 2136 741 velut
2155 708 2217 739 in-

1236 758 1400 798 tervalla,
1430 758 1521 792 inter
1545 759 1709 803 periodos
1727 760 1902 802 ponenda.
1956 758 2001 792 Et
2018 758 2160 792 exordia
2179 770 2218 790 ac

1208 821 1210 844 ζ
1235 809 1428 853 syllogismi
1453 810 1561 853 magis
1587 809 1762 854 recipiunt
1784 810 1947 853 periodos
1970 823 2074 854 quam
2095 821 2217 841 narra-

1208 882 1210 904 5
1237 860 1365 900 tiones,
1393 872 1481 904 quae
1506 871 1628 903 magna
1656 873 1695 893 ex
1721 868 1817 904 parte
1834 858 1965 893 habent
1981 861 2066 895 cola.
2121 860 2218 893 Con-

1208 909 1210 943 ἶ,
1236 911 1411 944 tentiones
1429 924 1509 944 vero
1527 924 1564 944 ac
1590 911 1845 955 disputationes
1870 911 2064 944 rarissimas
2087 908 2218 944 habent

1208 962 1412 1005 'periodos.
1473 961 1642 995 Constant
1677 963 1770 995 enim
1805 962 1972 995 brevibus
2006 961 2217 1006 quibusdam

1237 1013 1404 1045 membris
1436 1014 1533 1058 quasi
1567 1013 1708 1047 aculeis.
1762 1013 1805 1046 ln
1827 1012 2091 1046 narrationibus
2117 1012 2219 1045 facile

1236 1073 1285 1096 est
1301 1075 1486 1106 agnoscere
1502 1065 1656 1098 seiuncta
1676 1066 1795 1105 κῶλα,
1821 1071 1859 1097 ut
1877 1063 1967 1097 Milo
1990 1064 2134 1096 domum
2159 1074 2218 1095 ve-

1237 1115 1299 1154 nit,
1328 1115 1459 1148 calceos
1480 1122 1513 1149 et
1530 1116 1736 1148 vestimenta
1752 1115 1912 1155 mutavit,
1940 1115 2118 1159 paulisper
2134 1115 2218 1146 dum

1209 1205 1211 1213 7
1237 1177 1271 1198 se
1295 1178 1402 1206 uxor,
1430 1173 1467 1199 ut
1495 1167 1550 1207 fit,
1577 1173 1773 1210 comparat,
1800 1173 2038 1199 commoratus
2061 1172 2128 1205 est,
2155 1165 2220 1197 ob-

1236 1217 1328 1248 viam
1349 1218 1386 1249 fit
1404 1218 1433 1249 ei
1452 1215 1600 1250 Clodius
1619 1217 1799 1261 expeditus
1822 1217 1860 1249 in
1882 1229 1991 1261 equo,
2017 1216 2116 1249 nulla
2139 1213 2221 1248 rhe-

1237 1269 1299 1307 da,
1328 1268 1435 1300 nullis
1460 1268 1741 1312 impedimentis,
1775 1268 1884 1301 nullis
1910 1266 2055 1301 Graecis
2082 1267 2222 1300 comiti-

1237 1320 1312 1352 bus.
1365 1318 1433 1351 Pro
1459 1319 1642 1352 Cluentio:
1681 1319 1803 1352 Frater
1818 1326 1978 1351 mortuus
1994 1325 2064 1355 cst,
2097 1315 2220 1348 haere-

1237 1371 1386 1410 demque
1412 1369 1570 1409 Magium
1597 1365 1758 1411 reliquit,
1793 1372 1912 1409 postea
1937 1365 2055 1408 Magia
2083 1374 2221 1400 mortua

1237 1424 1298 1452 est.
1354 1416 1394 1449 ln
1418 1418 1545 1450 talibus
1573 1417 1682 1461 siquis
1709 1418 1810 1450 κιῦλα
1836 1423 2076 1457 connecteret,
2103 1428 2221 1450 rerum

1236 1468 1360 1501 seriem
1385 1475 1636 1512 corrumperet.
1693 1468 1734 1501 ln
1759 1468 2064 1508 contentionibus,
2092 1474 2130 1500 ut
2156 1480 2220 1512 pro

1236 1519 1395 1562 Ligario:
1437 1519 1533 1562 Quid
1556 1520 1649 1553 enim
1677 1518 1821 1552 Tubero
1849 1524 1929 1551 tuus
1954 1519 2015 1551 ille
2041 1518 2221 1552 districtus

1237 1571 1273 1603 in
1291 1570 1363 1602 acie
1382 1568 1582 1603 Pharsalica
1600 1570 1736 1613 gladius
1753 1569 1897 1612 agebat,
1924 1569 2024 1602 cuius
2047 1569 2138 1602 latus
2161 1570 2222 1602 ille

1237 1633 1358 1654 mucro
1377 1622 1534 1664 petebat,
1563 1623 1623 1666 qui
1641 1631 1762 1653 sensus
1779 1627 1852 1654 erat
1867 1632 2048 1653 armorum
2066 1627 2222 1662 tuorum,

1237 1684 1324 1717 quae
1342 1678 1399 1704 tua
1418 1684 1533 1712 mens,
1561 1672 1672 1712 oculi,
1698 1682 1837 1711 manuS,
1863 1671 1969 1704 ardor
1984 1671 2106 1710 animi,
2135 1672 2221 1717 quid

1237 1723 1400 1767 cupiebas
1412 1749 1420 1763 ,
1448 1723 1534 1767 quid
1552 1722 1722 1767 optabas?
1764 1720 1893 1754 Plenae
1911 1728 1992 1755 sunt
2009 1722 2222 1766 disputatio-

1237 1785 1299 1807 nes
1315 1774 1352 1806 in
1370 1771 1626 1817 philosophicis
1643 1774 1758 1814 libris,
1787 1772 1955 1806 brevibus
1971 1773 2150 1813 membris,
2167 1781 2221 1808 ut:

1238 1825 1390 1859 Minime
1413 1825 1543 1858 mirum
1562 1825 1598 1858 id
1622 1825 1785 1870 quidem,
1811 1822 1901 1856 Nam
1925 1824 2029 1857 efficit
2052 1822 2118 1858 hoc
2133 1822 2221 1858 Phi-

1237 1873 1419 1920 losophia,
1452 1877 1614 1909 medetur
1638 1875 1784 1913 animis,
1814 1874 1936 1908 inanes
1962 1875 2221 1908 sollicitudines

1238 1924 1409 1967 detrahit,
1453 1927 1708 1971 cupiditatibus
1743 1925 1888 1966 liberat,
1930 1925 2031 1969 pellit
2064 1926 2220 1963 timores.

1238 1978 1407 2011 Nondum
1448 1978 1666 2011 absolvimus
1716 1983 1898 2021 praecepta
1936 1978 2221 2021 compositionis,

1237 2028 1327 2061 Nam
1352 2040 1441 2073 quae
1464 2026 1633 2062 hactenus
1653 2027 1880 2067 tradidimus,
1917 2027 1980 2060 etsi
2006 2039 2024 2060 a
2050 2028 2222 2063 Cicerone

1238 2080 1327 2113 fiunt
1342 2080 1620 2124 accuratissime,
1647 2086 1763 2112 tamen
1783 2084 1816 2111 et
1839 2077 1900 2111 alii
1924 2078 2011 2111 boni
2035 2080 2222 2124 scriptores

1238 2130 1480 2174 reperiuntur,
1508 2131 1567 2176 qui
1586 2143 1659 2164 non
1674 2130 1822 2163 omnino
1839 2129 2053 2172 negligentes
2077 2138 2160 2165 sunt
2184 2132 2222 2164 in

1240 2181 1366 2215 ordine
1384 2182 1636 2223 sententiarum
1655 2181 1762 2226 etqui
1781 2180 1901 2225 aliquo
1925 2182 2033 2214 modo
2056 2182 2222 2227 periodos

1238 2233 1381 2266 faciunt,
1442 2232 1574 2266 Verum
1598 2234 1640 2266 ad
1668 2230 1753 2266 haec
1778 2231 1876 2264 addit
1899 2230 2023 2266 Cicero
2045 2234 2132 2267 duas
2156 2245 2221 2274 res,

1239 2296 1327 2328 quae
1345 2290 1428 2317 sunt
1444 2284 1551 2327 ipsius
1574 2284 1723 2317 maxime
1738 2283 1918 2327 propriae,
1946 2283 2097 2323 scilicet,
2124 2285 2219 2330 quod

1239 2335 1355 2367 verbis
1372 2341 1475 2368 ornat
1492 2335 1627 2378 singula
1650 2336 1825 2374 membra,
1852 2346 1942 2378 pene
1961 2341 2000 2368 ut
2016 2335 2054 2370 fit
2072 2335 2109 2368 in
2131 2336 2219 2379 poe'-

1239 2385 1351 2420 matis.
1378 2383 1426 2419 Et
1441 2385 1522 2430 quia
1539 2383 1623 2419 haec
1641 2391 1849 2419 ornamenta
1866 2386 2050 2429 periodum
2067 2387 2219 2430 explent,

1238 2436 1395 2470 efficiunt
1412 2437 1625 2470 concinnum
1643 2444 1675 2471 et
1694 2448 1921 2471 numerosum
1939 2437 2119 2481 quiddam.
2172 2438 2220 2473 At

1239 2487 1385 2520 stultum
1406 2494 1454 2521 est
1474 2500 1569 2521 nunc
1589 2489 1631 2521 de
1645 2489 1802 2522 numeris
1823 2489 2039 2531 praecipere,
2067 2500 2145 2522 cum
2162 2500 2219 2522 so—

1210 2552 1213 2590 3·
1239 2550 1304 2570 nus
1328 2538 1469 2581 linguae
1493 2539 1622 2572 latinae
1648 2538 1714 2573 hoc
1738 2547 1894 2583 tempore
1914 2550 1986 2571 non
2004 2539 2048 2573 sit
2065 2540 2217 2575 nativus.

1210 2593 1212 2642 ᾗ
1239 2587 1331 2622 Illud
1352 2596 1486 2623 tantum
1504 2587 1692 2629 hortabor,
1722 2592 1759 2623 in
1775 2602 1843 2634 quo
1862 2590 1982 2633 copiae
2001 2590 2076 2624 laus
2092 2598 2152 2630 est,
2180 2599 2219 2626 ut

1209 2650 1211 2685 j
1238 2652 1363 2673 ornare
1389 2642 1579 2675 sententias
1604 2642 1720 2675 verbis
1749 2640 1907 2674 imitator
1939 2641 2060 2677 discat.
2110 2641 2219 2685 Quod

1207 2692 1211 2730 l
1238 2703 1315 2724 cnm
1341 2692 1462 2735 saciet,
1499 2693 1612 2726 oratio
1638 2693 1703 2725 erit
1727 2691 1873 2726 uberior
1890 2704 1926 2725 ac
1944 2693 2098 2730 mollior.
2152 2693 2218 2728 Pe-
