2379 2948
122 95 197 130 535

124 190 284 220 causam,
319 191 382 214 cur
413 187 492 225 post
527 181 761 215 substantiam
785 193 867 215 mox
893 188 1118 215 recenseatur

124 231 325 277 quantitas,
359 238 478 265 tamen
504 229 572 265 hoc
597 232 788 274 cogitetur,
822 244 1011 265 numerum
1035 245 1116 266 mox

125 282 287 315 comitari
314 294 367 315 res
393 283 583 328 quaslibet:
619 280 665 315 Et
692 283 900 325 magnitudo
925 283 972 316 ita
995 281 1116 317 haeret

124 334 162 366 in
179 334 374 367 substantia
395 345 581 377 corporea,
607 340 646 366 ut
661 345 845 378 nunquam
871 346 1016 378 prorsus
1041 347 1115 367 eam

124 392 226 418 exuat
249 385 445 419 substantia
462 395 642 427 corporea.
697 382 745 417 At
768 385 899 418 multae
929 386 1116 430 qualitates

756 94 800 132 V.
852 91 1176 131 EROTEMATA
1202 95 1538 136 DIALECTICES.

2084 109 2159 147 534

1142 221 1143 225 Ἰ
1168 183 1241 217 vita
1260 196 1378 217 rerum
1397 187 1602 222 discrimina
1619 190 1776 224 numeris
1793 191 1884 226 effici
1900 195 2052 238 possint,
2075 195 2159 231 haec

123 436 362 477 amittuntur„
400 435 611 468 Traduntur
644 441 761 468 autem
795 433 852 469 hic
885 437 1140 490 brevissimae¹

124 487 395 532 descriptiones,
428 498 473 518 ne
499 486 537 517 in
563 482 627 518 hac
656 486 802 527 tabella,
840 487 877 519 in
903 500 971 533 qua
996 500 1114 521 rerum

122 538 333 571 universitas
358 537 592 581 proponitur,
627 543 697 569 tam
730 538 884 581 insignia
909 540 1116 580 accidentia,

121 589 327 632 magnitudo
345 595 378 621 et
397 598 566 621 numerus
583 595 861 632 praetereantur.
904 589 973 623 Sed
994 592 1115 635 copio—

1139 522 1140 532 2
1167 499 1368 533 dicamento
1396 501 1586 545 qualitatis.

122 640 194 673 sior
211 641 253 673 de
272 639 320 672 eis
337 639 518 672 doctrinae
535 639 572 671 in
593 636 829 673 Arithmetica
855 648 887 673 et
909 640 1114 675 Geometria
1138 652 1139 667 t

121 691 282 724 traditur.
328 690 624 724 Nomenclaturas
643 690 751 734 igitur
772 704 962 736 paucarum
983 693 1114 737 specie-

121 755 198 775 rum
215 741 371 775 breviter
388 742 626 776 recitabimus,

241 830 346 868 Quae
366 833 423 861 est
439 830 569 872 prima
590 827 724 862 divisio
741 827 1012 874 qzcanritatis?{

220 893 303 926 Alia
335 903 384 928 est
416 895 594 939 quantitas
625 895 814 936 continua,
853 896 918 928 alia
952 897 1111 929 discreta.

119 943 297 979 Continua
312 953 360 979 est
378 946 586 989 magnitudo
606 958 794 990 corporum
807 974 816 986 ‚
843 948 1009 981 videlicet
1034 949 1113 980 lon-

117 996 260 1040 gitudo,
288 997 440 1030 latitudo
459 1004 491 1030 et
507 998 745 1042 profunditas.
800 997 958 1032 Discreta
977 1007 1027 1032 est
1044 1011 1111 1032 nu-

119 1059 256 1088 merus,
284 1048 366 1081 item
390 1048 515 1089 oratio,
543 1061 648 1092 quam
667 1062 728 1082 cur
749 1047 806 1082 hic
823 1057 975 1083 vetustas
991 1063 1112 1084 recen-

117 1106 208 1140 seat,
236 1106 354 1143 postca
376 1100 530 1133 breviter
547 1100 673 1132 d1cam.

176 1194 271 1234 Quot
295 1197 385 1227 sunt
409 1195 557 1237 species
581 1196 808 1238 quantitatis
834 1195 1060 1229 continuae?

221 1260 327 1294 Tres:
356 1260 468 1294 Linea
482 1288 490 1301 ‚
518 1260 729 1305 Superficies
748 1269 779 1294 et
798 1262 948 1307 Corpus,

1136 1116 1137 1149 ζ
1165 1120 1224 1147 est.

218 1320 329 1352 Linea
350 1320 597 1361 cstlongitudo
614 1321 689 1353 sine
706 1321 896 1355 latitudine
913 1329 945 1356 et
963 1322 1111 1366 profun-
1134 1330 1136 1360 j

1134 1377 1136 1383 ’
1163 1371 1287 1402 nifesta
1305 1376 1354 1402 est
1372 1370 1524 1403 amentia
1543 1371 1719 1404 utentium
1736 1372 1805 1404 illis
1825 1375 2079 1417 superstitiosis
2098 1388 2158 1409 seu

114 1372 244 1411 ditate,
279 1370 380 1403 cuius
405 1376 557 1402 extrema
583 1376 664 1403 sunt
689 1372 760 1403 duo
783 1380 927 1415 puncta.
989 1373 1110 1405 Sciant

115 1429 231 1456 autem
250 1421 428 1459 iuniores,
456 1432 530 1453 non
551 1420 622 1453 dici
640 1418 697 1454 hic
724 1423 766 1454 de
790 1422 883 1455 linea
908 1424 1020 1467 picta,
1049 1424 1106 1456 sed

114 1480 232 1507 mente
251 1473 436 1516 cogitanda
455 1478 505 1504 est
520 1471 593 1504 sola
614 1472 802 1516 longitudo
818 1475 990 1508 abstracta
1003 1486 1109 1507 acor-

115 1524 283 1570 poribuS,
311 1530 350 1557 ut
369 1521 644 1556 Mathematicus
671 1525 872 1559 considerat
896 1526 1109 1571 quantitates

115 1577 191 1609 sine
208 1575 366 1608 materia.
404 1573 615 1618 Superficies
633 1582 681 1608 est
701 1576 887 1619 longitudo
906 1585 940 1611 et
956 1578 1107 1611 latitudo

115 1626 467 1670 sine'prosunditate‚
496 1626 576 1669 obnc
597 1625 684 1661 bicfe.
726 1626 864 1672 Corpus
883 1636 932 1662 est
950 1629 1108 1672 longitu—

114 1681 177 1719 do,
205 1678 355 1711 latitudo
373 1684 404 1709 et
430 1677 663 1721 profunditas,
717 1678 839 1712 Sciant
863 1687 895 1713 et
920 1677 989 1713 hoc
1010 1681 1108 1721 loco,

116 1730 256 1773 Corpus
282 1729 318 1761 in
346 1728 541 1762 substantia
575 1728 670 1761 aliud
699 1729 914 1772 significare,
946 1732 1043 1765 aliud
1068 1732 1106 1764 in

115 1780 324 1826 quantitate.

113 1844 201 1877 quae
218 1829 324 1864 habet
350 1831 551 1871 materiam,
579 1837 617 1864 ut
641 1832 796 1870 coelum,
825 1834 1017 1873 elementa,
1046 1841 1106 1866 aut

113 1883 220 1916 mixta
254 1894 294 1915 ex
329 1882 522 1914 elementis.
584 1881 653 1914 Sed
686 1882 723 1914 in
755 1884 951 1928 quantitate
977 1897 1105 1929 corpus

113 1934 285 1977 significat
310 1933 595 1976 magnitudinem
622 1934 834 1976 cogitatione
858 1936 1059 1969 distinctam
1087 1948 1103 1968 a

113 1985 270 2020 materia.

406 2053 504 2094 Quid
522 2057 579 2087 est
596 2054 806 2087 Numerus?

377 1778 516 1823 Corpus
537 1779 574 1811 in
599 1780 794 1814 substantia
820 1781 994 1824 significat
1019 1795 1106 1823 rem,
1130 1804 1132 1824 *s
1160 1797 1270 1839 magis
1288 1803 1319 1829 et
1338 1796 1473 1837 minus,
1501 1798 1561 1829 sed
1580 1797 1693 1830 maius
1713 1805 1745 1831 et
1762 1798 1892 1832 minus·

215 2123 395 2157 Numerus
410 2131 462 2157 est
480 2123 673 2157 multitudo
693 2136 733 2156 ex
758 2125 924 2160 unitatib.
949 2126 1106 2167 collecta,

115 2183 169 2210 ut:
201 2176 295 2217 dun,
320 2175 403 2216 tria,
431 2182 595 2220 quatuor.
648 2174 847 2209 Consilium
872 2183 990 2209 autem
1010 2178 1102 2211 anti-

114 2226 259 2272 quitatis
274 2226 462 2268 diligenter
486 2226 784 2259 considerandum
811 2234 878 2268 est,
905 2229 1000 2272 quod
1027 2236 1102 2272 post

114 2277 346 2311 substantiam
367 2278 483 2311 statim
510 2278 728 2311 mentionem
752 2279 834 2312 fecit
858 2291 1104 2320 numerorum,

115 2329 197 2375 quia
226 2340 280 2361 res
306 2328 459 2371 primum
483 2329 717 2362 discernimus
739 2342 778 2362 ac
803 2330 1011 2364 ordinamus
1036 2344 1104 2364 nu-

115 2381 232 2415 meris.
266 2378 318 2412 Ac
337 2379 404 2411 nisi
423 2391 652 2413 numerorum
678 2381 809 2414 noticia
836 2383 1014 2415 mentibus
1037 2380 1105 2415 hu-

116 2432 230 2465 manis
244 2431 350 2464 insita
368 2436 471 2471 esset,
499 2428 688 2464 horribiles
709 2433 874 2466 tenebrae
891 2433 1017 2469 essent.
1056 2433 1105 2468 Ut

115 2490 232 2517 autem
252 2481 347 2516 Deus
364 2494 382 2515 a
399 2481 567 2514 creaturis
583 2482 736 2516 discerni
752 2485 872 2528 possit,
899 2491 937 2518 ut
954 2486 1105 2519 sciamus

117 2546 134 2567 a
161 2533 238 2568 Deo
261 2533 403 2566 initium
427 2544 500 2565 esse
521 2538 736 2567 caeterarum
761 2547 900 2577 rerum,
934 2536 1038 2575 item,
1066 2544 1105 2571 ut

116 2585 298 2619 audientes
315 2597 426 2618 unum
441 2595 513 2617 esse
529 2589 710 2616 aeternum
726 2584 863 2620 Patrem
875 2587 1023 2621 Domini
1039 2600 1104 2621 no-

117 2637 180 2670 stri
197 2635 275 2670 lesu
290 2633 436 2677 Christi,
461 2635 686 2677 seiungamus
701 2647 766 2669 nos
780 2638 824 2670 ab
841 2636 1016 2680 Ethnicis,
1043 2640 1105 2685 qui

117 2688 254 2731 fingunt
275 2686 371 2721 Deos
397 2686 696 2728 innumerabiles,
732 2687 884 2733 denique
908 2697 946 2723 ut
972 2690 1009 2723 in
1033 2697 1105 2724 tota

1168 235 1229 267 lux
1246 236 1424 270 mentibus
1442 238 1545 272 insita
1562 247 1623 274 est.
1662 240 1731 275 Sed
1751 243 1849 278 nulla
1866 245 2069 291 eloquentia
2088 250 2158 282 uti-

1169 286 1302 319 litatem
1321 299 1553 322 numerorum
1574 293 1656 326 satis
1673 305 1848 338 exponere
1864 303 1990 340 potest.

1169 381 1292 421 Quare
1311 383 1431 415 oratio
1449 384 1489 416 in
1504 381 1572 417 hoc
1585 386 1899 428 praedicamento
1914 394 2160 427 recensetur?

1242 447 1314 481 Nos
1331 449 1584 484 collocabimus
1603 454 1797 488 orationem
1817 457 1853 489 in
1873 459 1985 500 sonis,
2003 460 2040 493 in
2059 473 2159 504 prae-

1642 503 1680 536 Id
1707 505 1773 539 erit
1797 509 1904 550 magis
1924 512 2158 555 perspicuum.

1168 550 1236 584 Sed
1256 552 1299 583 ad
1312 563 1500 585 numerum
1519 553 1599 586 ideo
1618 555 1802 589 collocavit
1820 559 2010 604 antiquitas
2027 563 2160 596 oratio-

1167 613 1268 641 nem,
1296 603 1379 647 quia
1398 603 1435 635 in
1461 615 1499 636 ea
1526 612 1608 638 sunt
1631 606 1769 640 diversa
1796 608 1981 644 intervalla
2007 614 2157 652 svllaba-

1166 665 1245 685 rum
1273 660 1304 686 et
1334 654 1554 696 dictionum,
1581 663 1619 690 ut
1647 657 1683 689 in
1711 660 1887 700 numeris,
1920 668 1952 694 et
1976 652 2158 698 mensurae

1167 705 1344 745 diversae,
1358 706 1458 738 aliae
1474 706 1629 752 syllabae
1646 709 1772 751 longae
1791 718 1892 751 sunt,
1918 712 2008 745 aliae
2027 714 2159 748 breves.

1167 754 1235 788 Sed
1253 752 1336 789 huic
1357 756 1477 790 inutili
1499 760 1830 793 commemorationi
1855 763 1939 795 nolo
1966 764 2159 802 immorari.

1165 805 1288 840 Restat
1325 808 1444 841 brevis
1482 812 1773 845 commonefactio
1805 814 1848 845 de
1883 815 2160 858 proprietatibus

1166 859 1383 902 quantitatis.

1289 946 1381 985 Quot
1399 952 1489 981 sunt
1504 950 1762 992 proprietates
1779 953 2036 994 quantitatis?

1269 1010 1367 1046 Tres.
1421 1012 1557 1046 Prima:
1594 1014 1844 1057 Quantitatum
1878 1030 1941 1061 per
1963 1030 2037 1052 sese
2061 1020 2159 1053 nulla

1165 1069 1215 1095 est
1234 1063 1406 1104 efficacia,
1429 1076 1490 1097 seu
1513 1065 1663 1099 effectio.
1718 1065 1814 1101 Haec
1839 1069 2036 1103 admonitio
2062 1071 2160 1104 utilis

1285 1113 1432 1149 Resutat
1467 1116 1560 1148 enim
1592 1118 1880 1160 superstitionem
1913 1133 2055 1160 eorum,
2095 1123 2159 1167 qui

1164 1166 1299 1198 morbis
1317 1166 1450 1199 mederi
1466 1174 1642 1200 conantur
1659 1169 1778 1211 figuris
1796 1170 1898 1203 certis
1914 1172 1956 1204 de
1974 1173 2064 1206 collo
2082 1185 2159 1206 sus-

1164 1217 1293 1261 peusis.
1347 1217 1439 1251 Sunt
1461 1218 1556 1250 enim
1584 1219 1715 1261 figurae
1738 1222 1833 1253 modi
1853 1222 1998 1266 quidam
2017 1236 2077 1256 seu
2094 1236 2159 1268 po-

1164 1269 1251 1301 situs
1269 1269 1497 1313 quantitatis,
1524 1275 1563 1302 ut
1588 1269 1680 1302 iufra
1705 1271 1872 1306 dicemus„
1926 1272 2016 1306 Cum
2041 1282 2158 1308 autem

1163 1320 1264 1352 nulla
1288 1320 1333 1352 sit
1357 1320 1507 1352 efficacia
1534 1321 1772 1363 quantitatum
1794 1330 1826 1356 et
1845 1323 2055 1365 figurarum,
2082 1338 2158 1360 ma-

1134 1415 1135 1438 1
1162 1420 1307 1463 magicis
1324 1420 1463 1455 ritibus,
1501 1420 1549 1455 Ut
1566 1429 1683 1454 autem
1702 1422 1838 1457 effectio
1857 1425 1954 1458 nulla
1972 1433 2023 1459 est
2043 1439 2158 1472 quan-

1133 1479 1135 1484 ’
1163 1473 1323 1513 titatum‚
1352 1472 1400 1505 ita
1425 1484 1489 1504 nec
1515 1472 1674 1506 diversae
1697 1475 1829 1518 species
1856 1477 2068 1520 quantitatis
2101 1479 2157 1512 di-

1133 1518 1134 1537 *
1162 1531 1292 1558 cuntur
1309 1524 1519 1558 contrariae.

1264 1582 1426 1616 Secunda
1452 1579 1664 1627 proprietas:
1711 1583 1982 1627 Quantitatibus
2013 1590 2157 1633 proprie

1160 1634 1380 1667 conveniunt
1404 1634 1611 1676 relationes,
1640 1636 1787 1681 aequale
1805 1643 1840 1670 et
1860 1637 2065 1683 inaequale,
2092 1652 2157 1684 par

1160 1694 1191 1720 et
1214 1686 1346 1729 impar,
1373 1692 1435 1718 etc.

1263 1744 1384 1778 Tertia
1404 1746 1617 1789 proprietas:
1648 1745 1873 1788 Quantitates
1890 1760 1963 1781 non
1977 1750 2155 1795 recipiunt

1494 1914 1562 1954 De
1592 1914 1819 1964 Qualitate.

1425 2004 1547 2046 =Quid
1579 2010 1637 2039 est
1662 2007 1860 2047 Qualitas?

1263 2072 1426 2115 Qualitas
1443 2079 1492 2106 est
1508 2073 1641 2114 forma,
1668 2086 1732 2118 per
1750 2087 1857 2119 quam
1883 2075 2079 2110 substantia
2103 2085 2152 2111 est

1160 2123 1299 2165 efficax,
1328 2136 1408 2164 seu,
1439 2136 1528 2169 quae
1548 2132 1665 2159 movet
1680 2137 1814 2159 sensus.
1869 2125 1922 2159 Ac
1948 2127 2028 2159 vide
2051 2129 2151 2161 ordi-

1157 2188 1239 2208 nem
1271 2176 1309 2208 in
1340 2173 1405 2208 hac
1435 2176 1610 2211 doctrina.
1673 2175 1818 2210 Initium
1858 2184 1907 2210 est
1943 2178 2149 2214 substantia.

1130 2224 1131 2228 ¹
1156 2226 1253 2260 Haec
1269 2234 1388 2271 postea
1409 2239 1559 2260 numero
1584 2227 1818 2266 discernitur,
1846 2234 1879 2260 et
1903 2229 2053 2263 vestitur
2075 2242 2150 2263 ma-

1157 2279 1357 2322 gnitudine.
1414 2278 1537 2316 Nunc,
1572 2291 1652 2312 cum
1680 2280 1723 2312 de
1752 2279 1983 2323 qualitatibus
2008 2281 2149 2323 dicitur,

1131 2341 1132 2348 ¹
1157 2343 1253 2364 arma
1270 2330 1301 2363 ei
1323 2330 1586 2364 attribuuntur:
1614 2342 1696 2362 nam
1725 2330 1941 2363 substantiae
1964 2343 2038 2364 non
2066 2339 2149 2367 sunt

1131 2361 1133 2385 l

1131 2489 1133 2527 t

1158 2382 1307 2416 ociosae.
1367 2381 1473 2415 Nunc
1507 2381 1616 2423 igitur
1646 2387 1876 2414 recensentur
1900 2381 2148 2425 instrumenta,

1157 2446 1220 2478 per
1235 2445 1325 2478 quae
1343 2440 1427 2467 sunt
1444 2433 1597 2465 efficaces
1609 2456 1618 2469 ‚
1645 2438 1763 2475 postea
1782 2432 1825 2465 de
1842 2433 1928 2477 ipsis
1947 2434 2147 2468 actionibus

1158 2486 1299 2519 dicitur.
1315 2483 1367 2518 Ac
1376 2487 1532 2528 profecto
1544 2481 1779 2516 admiratione
1789 2483 1895 2526 digna
1909 2491 1958 2517 est
1972 2485 2146 2528 sapientia

1131 2533 1132 2548 ³
1157 2543 1328 2577 veterum,
1347 2536 1406 2580 qui
1427 2545 1480 2567 res
1498 2533 1534 2565 in
1552 2539 1676 2567 natura
1694 2534 1916 2579 praecipuas,
1944 2537 2045 2580 quasi
2063 2549 2146 2570 evo-

1158 2589 1266 2626 lutas,
1295 2594 1327 2619 et
1345 2586 1382 2618 in
1400 2583 1465 2618 hac
1482 2584 1629 2625 tabella,
1657 2592 1825 2631 tanquam
1850 2587 1887 2620 in
1914 2587 2046 2620 illustri
2067 2588 2145 2621 loco

1158 2639 1298 2684 positas,
1314 2636 1521 2681 spectandas
1536 2644 1811 2680 proposuerunt.
1838 2636 1969 2672 Fontes
1984 2639 2145 2672 omnium

1157 2689 1336 2723 actionum
1353 2688 1390 2720 in
1407 2685 1635 2727 hominibus,
1656 2695 1697 2723 ut
1716 2689 1759 2722 de
1784 2689 1928 2724 caeteris
1951 2689 2145 2724 animanti-

1460 2735 1538 2772 34*
