2379 2948
217 125 265 161 87

222 203 495 252 σθητικώτερον
518 204 557 242 δὲ
580 204 642 241 καὶ
664 200 888 251 νοερώτερον
913 202 955 239 τὸ
984 201 1202 252 λεπτότερον

222 257 283 292 καὶ
302 255 543 304 ψυχρότερον.

324 316 484 350 Breviter
499 322 613 348 autem
639 321 672 346 et
696 311 762 347 hoc
786 314 956 348 monendi
981 322 1060 348 sunt
1084 315 1202 348 iunio-

225 379 289 408 res,
313 368 406 412 quod
433 376 545 399 mores
569 365 786 408 plaerunque
810 365 994 398 imitantur
1012 366 1136 406 crasin,
1165 371 1202 398 ut

224 430 294 462 quo
323 417 468 462 propior
498 421 548 448 est
577 414 683 447 erasis
709 421 936 458 temperatae,
972 427 1013 448 eo
1035 422 1116 449 sunt
1139 416 1201 448 ad-

225 469 353 507 fectus,
380 472 493 509 gestus
509 471 542 498 et
557 476 671 498 mores
688 465 797 508 magis
820 466 950 510 placidi
973 473 1005 499 et
1027 465 1203 506 concinni,

225 525 263 551 ut
280 518 317 550 in
334 516 434 549 Lelio
446 542 455 556 ,
483 515 544 560 qui
563 515 722 559 pingitur
738 516 775 548 in
793 517 951 559 exemplo
972 515 1143 551 Minonis.

328 579 419 614 Cum
439 588 491 614 est
515 593 671 615 excessus
690 583 815 615 rubrae
832 583 932 623 bilis,
961 589 1105 616 naturae
1121 587 1204 615 sunt

224 632 413 664 iracundae
448 638 481 665 et
516 631 725 670 irritabiles,
754 639 787 665 et
810 644 950 666 accensa
976 632 1028 665 ira
1050 632 1118 666 cito
1139 633 1202 665 de-

223 682 362 725 flagrat,
390 689 503 725 gestus
518 689 599 716 sunt
615 682 877 722 concitatiores,
905 683 1001 717 stulti
1028 690 1059 716 et
1077 683 1202 716 turbu-

224 732 311 765 lenti
338 732 506 775 impetus,
541 732 732 776 loquacitas
757 740 789 766 et
812 733 976 773 futilitas,
1011 733 1139 766 ferocia
1165 733 1201 765 in

224 783 441 819 lacessendo,
482 794 544 815 nec
580 788 697 814 tamen
733 783 770 815 in
805 783 1010 817 sustinendo
1046 783 1201 817 firmitas.

225 831 350 874 Qualis
367 839 417 865 est
433 839 558 865 natura
580 832 617 864 in
636 832 791 868 canibus.
845 832 928 866 Ideo
952 836 995 867 ‹le
1013 834 1200 877 Agamem-

224 894 317 914 none
342 882 457 926 inquit
485 879 656 915 Achilles:
698 881 810 922 κυνὸς
839 880 972 929 ὔ,ιι,ιιάῖ’
998 884 1103 929 ἔχων.
1155 883 1203 918 Et

224 932 325 965 multi
344 932 428 965 tales
453 939 535 966 sunt
555 929 806 978 θρασύδειλοι.

327 988 419 1023 Cum
445 997 495 1024 est
528 1003 683 1025 excessus
706 999 801 1026 atrae
827 994 928 1035 bilis,
954 1001 1100 1028 naturae
1123 1000 1204 1028 sunt

222 1040 413 1081 tristiores,
440 1041 654 1085 taciturnae,
686 1043 844 1083 sedulae,
880 1056 1058 1085 morosae,
1088 1045 1205 1088 suspi-

223 1102 341 1132 caces,
368 1091 580 1135 pertinace5‚
609 1092 697 1124 aliae
715 1094 841 1135 magis,
869 1095 958 1128 aliae
972 1095 1102 1129 minus.

324 1156 414 1190 Cum
444 1165 493 1191 est
525 1158 671 1191 infoelix
703 1160 863 1194 confusio
892 1162 1020 1195 rubrae
1051 1168 1084 1195 et
1109 1168 1203 1195 atrae

222 1208 318 1248 bilis,
345 1208 433 1240 fiunt
449 1215 666 1242 monstrosae
683 1216 840 1251 naturae,
868 1212 991 1254 plenae
1006 1213 1203 1256 superbiae,

222 1258 508 1299 malevolentiae,
550 1259 679 1291 veneni
714 1267 747 1293 et
778 1261 962 1302 fraudum,
1007 1260 1203 1301 Thersitae,

221 1308 384 1348 Sinonis,
420 1307 585 1341 Timonis
619 1309 761 1343 similes.
815 1310 1100 1359 ll1cociv199w710c
1123 1325 1201 1357 μω-

221 1355 369 1402 ρόκακοι
379 1383 389 1398 ,
419 1365 451 1391 et
469 1357 748 1404 ἐπιχαιρέκακοι.

320 1424 409 1458 Cum
435 1436 590 1458 excessus
619 1432 668 1459 est
696 1422 923 1470 phlegmatis,
951 1434 1095 1461 naturae
1120 1434 1204 1461 sunt

221 1487 358 1519 segnes,
385 1476 525 1518 fugiunt
545 1477 721 1516 laborem,
749 1484 781 1510 et
808 1478 941 1512 dedunt
958 1490 992 1511 se
1011 1478 1201 1522 voluptati-

220 1527 285 1559 bus
303 1527 477 1570 corporis,
503 1534 622 1560 amant
641 1526 783 1560 delicias
800 1528 869 1561 cibi
888 1536 919 1562 et
939 1536 1053 1572 potus,
1081 1530 1201 1573 quales

219 1577 362 1610 fuerunt
390 1576 578 1619 Margites,
603 1576 885 1621 sardanapalus,
922 1578 1085 1612 Bonosus
1103 1586 1137 1613 et
1154 1580 1200 1612 si-

220 1628 332 1668 miles,
361 1627 573 1660 dissimilimi
591 1627 675 1660 viris
692 1628 864 1669 sortibus,
891 1631 934 1662 de
958 1630 1087 1675 quibus
1114 1631 1199 1663 scri-

220 1676 485 1720 psitHesioduS,
516 1683 554 1710 ut
571 1677 653 1711 citat
670 1690 808 1711 versum
821 1678 1006 1725 Polybius:
1035 1677 1199 1714 αἲακίὸαι

220 1726 366 1774 πολέμῳ
382 1723 597 1773 κεχαρήοτες
612 1726 656 1773 ἠέ
671 1740 711 1771 γε
728 1726 840 1763 δαιτὶ.

320 1792 388 1826 Sed
412 1793 570 1826 omnium
596 1794 788 1838 specierum
817 1806 941 1838 magna
965 1796 1113 1830 varietas
1138 1803 1199 1837 est,

218 1849 257 1875 ut
286 1843 324 1875 in
347 1843 494 1886 singulis
528 1845 735 1887 corporibus
761 1851 1033 1889 temperamenta
1055 1854 1199 1892 propter

218 1893 373 1925 diversas
393 1901 577 1936 parentum
594 1901 755 1935 naturas,
783 1902 815 1929 et
839 1896 993 1929 diversas
1018 1897 1197 1931 stellarum

217 1942 485 1975 commixtiones
499 1943 680 1978 differunt.
732 1945 783 1978 Ac
802 1945 951 1980 Medicis
967 1949 1196 1981 necessariam

217 2003 290 2025 esse
301 1992 616 2026 considerationem
632 1992 756 2027 harum
772 1996 1100 2030 dissimilitudinum
1114 2011 1198 2031 con-

217 2048 294 2076 stat.
347 2042 497 2076 Prodest
515 2050 627 2076 autem
640 2051 675 2078 et
693 2045 729 2077 in
749 2047 927 2079 communi
946 2047 1015 2080 vita
1032 2049 1074 2080 ad
1094 2055 1196 2082 tuen-

217 2093 297 2125 dam
317 2093 567 2133 valetudinem,
594 2095 636 2126 ad
656 2096 825 2137 regendos
842 2109 966 2138 mores,
985 2099 1028 2130 ad
1047 2098 1196 2131 circum-

216 2143 429 2186 spectionem
455 2143 492 2175 in
517 2143 828 2180 familiaritatibus.
889 2145 1050 2181 Omnino
1078 2160 1195 2182 neces-

216 2192 304 2225 saria
333 2193 517 2236 diligentia
542 2200 591 2227 est
615 2194 724 2228 vitare
754 2203 985 2243 monstrosas,
1020 2200 1198 2244 superbaS‚

216 2242 409 2275 malevolas
438 2250 471 2276 et
497 2244 700 2288 perfidiosas
716 2252 869 2279 naturas.

319 2307 503 2342 Praeterea
545 2322 623 2343 cum
667 2311 981 2346 animadvertimus
1017 2313 1055 2346 in
1093 2315 1196 2348 nobis

218 2357 320 2401 ipsi5‚
346 2359 388 2391 ad
409 2371 495 2403 quae
513 2360 601 2393 vicia
619 2362 803 2405 proniores
819 2362 939 2401 simus,
962 2364 1144 2409 vigilantia
1163 2373 1196 2400 et

218 2407 477 2441 adsuefactione
494 2421 550 2443 eas
570 2410 819 2445 inclinationes
842 2413 997 2451 frenare,
1026 2421 1058 2447 et
1082 2415 1196 2449 extin-

217 2468 320 2500 guere
338 2457 551 2493 annitamur.
604 2460 763 2495 Sciamus
781 2462 884 2496 etiam
904 2475 921 2496 a
947 2463 1019 2496 filio
1048 2463 1112 2496 Dei
1135 2478 1195 2508 pe-

216 2508 362 2540 tendum
381 2518 452 2540 esse
469 2509 635 2542 auxilium
648 2534 657 2548 ‚
685 2519 724 2545 ut
742 2512 891 2546 viciosos
908 2513 1057 2557 impetus
1075 2514 1111 2546 in
1130 2527 1194 2547 no-

216 2557 270 2590 bis
286 2557 452 2599 reprimat
463 2564 495 2591 et
509 2559 656 2602 frangat,
675 2561 763 2595 sicut
778 2563 947 2607 scriptum
962 2570 1027 2598 est:
1049 2562 1193 2607 Quanto

215 2606 324 2650 magis
339 2610 722 2690 ΡέῐεξνεεῑθπςοεΙεεῑίε
738 2612 835 2647 dabit
846 2613 1020 2658 Spiritum
1034 2621 1191 2648 sanctum

217 2663 347 2700 petenti
378 2669 435 2690 us.

455 120 661 158 SCRIPTA
693 120 770 158 PH.
796 119 913 158 MEL.
939 118 1006 155 AD
1031 119 1157 158 HIST.
1184 119 1328 158 PROF.
1355 119 1422 154 ET
1448 117 1642 155 PHlLOS.
1671 117 1992 154 SPECTANTIA.

2182 119 2231 154 88

1596 205 1655 238 De
1681 202 1898 248 Spa-itibus.

1357 270 1508 314 Spiritus
1529 277 1579 304 cst
1597 271 1736 303 subtilis
1747 282 1854 314 vapor
1871 282 1911 303 ex
1928 270 2095 313 sanguine
2114 276 2230 303 coctus

1225 355 1228 371 ι
1254 322 1384 355 virtute
1402 321 1528 361 cordis,
1554 333 1591 354 ac
1610 322 1783 362 incensus,
1812 327 1850 354 ut
1870 320 1914 353 sit
1931 320 2026 353 velut
2041 321 2230 359 flammula,

1254 383 1342 416 quae
1367 371 1403 404 in
1420 371 1567 404 diversis
1590 371 1757 404 membris
1783 370 1968 404 dissimiles
1992 368 2096 403 habet
2120 371 2229 403 actio-

1253 433 1326 456 neS.
1380 420 1593 466 Quanquam
1620 422 1714 454 enim
1739 434 1832 456 unus
1854 428 1904 455 est
1928 421 2006 454 sons
2031 420 2230 464 spirituum,

1253 479 1371 505 tamen
1398 471 1485 504 locis
1512 478 1713 513 mutantur,
1747 480 1781 507 et
1805 472 1931 506 mutati
1956 471 2140 505 dissimiles
2169 469 2231 504 ba-

1254 523 1338 555 bent
1353 521 1517 555 actiones.

1355 571 1447 605 Sunt
1462 579 1578 605 autem
1594 572 1724 616 species
1739 573 1838 606 duae.
1879 572 2032 617 Spiritus
2048 572 2163 606 vitalis
2182 578 2232 605 est

1254 622 1432 654 flammula
1457 633 1495 654 ex
1524 623 1711 665 purissimo
1740 623 1908 666 sanguine
1941 623 1979 656 in
2008 624 2112 656 corde
2138 629 2231 660 nata,

1254 673 1404 705 calorem
1426 672 1568 705 vitalem
1586 670 1761 706 devehens
1784 675 1827 706 ad
1846 680 1981 707 coetera
1997 673 2172 713 membra,
2200 679 2233 706 et

1254 723 1457 766 impertiens
1475 723 1523 756 eis
1541 723 1612 755 vim
1628 723 1810 756 exercendi
1827 724 1989 764 actiones,
2015 735 2100 769 quas
2119 724 2233 756 calore

1255 774 1354 807 vitali
1373 773 1539 809 efficiunt.
1593 771 1650 806 Ad
1670 771 1764 807 hunc
1787 786 1888 807 usum
1908 786 2011 818 supra
2033 775 2166 807 dictum
2183 780 2233 806 est

1253 824 1398 857 arterias
1415 836 1487 856 esse
1502 824 1680 865 conditas,
1708 832 1746 858 ut
1763 822 1857 858 hunc
1875 825 2037 869 spiritum
2055 825 2092 857 in
2112 824 2231 857 omnia

1254 875 1411 908 membra
1438 872 1676 908 transveham.

1357 924 1508 968 Spiritus
1532 925 1695 959 animalis
1720 932 1769 959 est
1785 937 1824 958 ex
1844 927 1965 958 eodem
1987 937 2112 968 genere
2128 924 2233 968 spiri-

1255 982 1373 1015 tuum,
1401 976 1462 1020 qui
1477 976 1549 1009 nati
1564 983 1645 1009 sunt
1661 976 1698 1009 in
1716 977 1837 1016 corde,
1863 988 1941 1020 pars
1964 976 2165 1008 transmissa
2189 976 2232 1008 ad

1255 1026 1450 1068 cerebrum,
1478 1026 1539 1059 ubi
1556 1027 1685 1060 virtute
1701 1027 1834 1060 cerebri
1853 1027 1890 1060 fit
1907 1026 2069 1067 lucidior,
2096 1033 2129 1059 et
2146 1037 2232 1058 con-

1256 1076 1399 1108 veniens
1424 1082 1696 1120 temperamento
1720 1077 1870 1118 cerebri,
1903 1085 1937 1111 et
1961 1077 1998 1109 in
2022 1088 2148 1109 nervos
2175 1076 2233 1108 in-

1255 1127 1329 1159 fusa
1363 1126 1458 1160 velut
1482 1127 1623 1165 lumen,
1658 1135 1696 1161 ut
1720 1139 1776 1160 eos
1808 1128 1983 1172 impellat,
2023 1134 2056 1161 et
2079 1127 2233 1161 actiones

1254 1188 1420 1210 sensuum
1444 1184 1474 1210 et
1496 1184 1629 1210 motum
1648 1178 1796 1211 localem
1813 1178 1910 1212 cieat.

1356 1233 1431 1268 Etsi
1451 1236 1544 1268 enim
1562 1236 1622 1268 alii
1639 1237 1838 1279 disputant,
1864 1237 1960 1269 unde
1975 1241 2161 1278 generetur
2176 1232 2233 1268 hic

1253 1285 1418 1329 spiritus,
1452 1293 1569 1319 tamen
1595 1293 1867 1319 consentaneum
1895 1293 1966 1324 est,
2001 1286 2087 1318 oriri
2112 1297 2191 1318 eum
2213 1296 2232 1318 a

1254 1336 1353 1369 vitali
1375 1337 1520 1380 spiritu,
1554 1344 1590 1369 ut
1618 1336 1774 1367 Galenus
1805 1334 1922 1379 inquit
1955 1335 2045 1368 libro
2084 1335 2232 1378 septimo

1254 1387 1296 1416 de
1322 1388 1526 1428 dogmatum
1552 1384 1776 1428 Hippocratis
1800 1392 1833 1417 et
1859 1384 2017 1418 Platonis
2043 1396 2230 1418 consensu:

1257 1434 1365 1470 Οὕτω
1386 1433 1428 1468 τὸ
1451 1433 1611 1480 ψυχικὸν
1633 1438 1779 1479 πνεῦμα
1803 1435 1842 1469 ἐκ
1865 1437 1932 1469 τοῦ
1964 1433 2120 1476 ζωτικοῦ
2143 1447 2232 1470 κατ-

1253 1484 1514 1531 ειργασθέιτος
1551 1483 1607 1519 ἐπὶ
1642 1484 1751 1519 πλέον
1775 1485 1843 1529 ἔχει
1869 1483 1937 1530 τὴν
1963 1484 2118 1532 γένεσιν.
2184 1484 2232 1519 Et

1254 1537 1475 1569 manifestum
1494 1542 1564 1573 est,
1594 1537 1755 1579 spiritum
1778 1537 1850 1568 fieri
1874 1537 2054 1569 meliorem
2077 1537 2114 1569 in
2135 1547 2230 1569 cere-

1255 1588 1336 1626 bro,
1361 1588 1501 1631 quando
1530 1587 1662 1618 bouum
1687 1594 1737 1619 est
1763 1587 1877 1619 cordis
1904 1593 2231 1630 temperamentum,

1253 1643 1285 1670 et
1306 1638 1448 1681 quando
1465 1649 1524 1669 cor
1538 1648 1609 1669 non
1628 1637 1809 1670 turbatum
1829 1643 1879 1670 est
1900 1637 1952 1670 ira
1979 1644 2012 1670 et
2040 1637 2228 1671 moesticia.

1354 1702 1508 1745 Quidam
1527 1703 1741 1736 addiderunt
1767 1703 1906 1736 tertiam
1932 1703 2098 1747 speciem,
2132 1704 2230 1737 vide-

1252 1753 1331 1786 licet
1360 1754 1522 1796 spiritum
1549 1754 1744 1787 naturalem
1771 1753 1808 1785 in
1831 1759 1947 1797 epate,
1974 1754 2035 1798 qui
2061 1754 2110 1787 ibi
2135 1755 2229 1788 sovet

1252 1803 1478 1846 sanguinem,
1506 1811 1538 1837 et
1563 1804 1600 1836 in
1622 1804 1791 1846 sanguine
1816 1801 1948 1837 halitus
1972 1805 2106 1838 excitat.
2158 1804 2228 1838 Sed

1251 1854 1469 1888 commodius
1493 1860 1542 1887 est
1566 1854 1699 1895 dicere,
1736 1854 1878 1887 vitalem
1901 1854 2062 1897 spiritum
2086 1867 2104 1887 a
2123 1855 2227 1888 corde

1250 1905 1354 1938 etiam
1377 1906 1420 1937 ad
1455 1916 1538 1948 epar
1565 1903 1762 1944 transvehi,
1789 1905 1849 1949 qui
1875 1904 2025 1937 calorem
2050 1905 2226 1938 vivificum

1249 1955 1358 1998 epatis
1373 1955 1515 1988 adiuvat
1533 1955 1571 1988 in
1587 1955 1809 1998 generatione
1825 1954 2016 1998 sanguinis,
2051 1953 2114 1989 Est
2132 1955 2226 1988 enim

1249 2018 1309 2038 cor
1333 2006 1410 2038 sons
1429 2006 1533 2041 vitae.

1350 2063 1421 2096 Iam
1439 2065 1591 2107 cogitent
1608 2063 1755 2097 studiosi
1767 2061 1833 2097 boc
1847 2063 2047 2098 mirandum
2058 2063 2120 2097 Dei
2137 2076 2225 2108 opus

1249 2114 1286 2146 in
1311 2111 1464 2147 homine.
1536 2114 1672 2158 Spiritu
1704 2114 1802 2147 vitali
1831 2120 1864 2147 et
1897 2114 2039 2147 animali
2072 2115 2226 2148 actiones

1250 2164 1455 2208 praecipuae
1480 2165 1695 2205 efficiuntur,
1730 2165 1820 2199 vitae
1843 2166 2079 2205 conservatio,
2108 2166 2222 2199 nutri-

1250 2215 1318 2255 tio,
1345 2215 1541 2258 generatio,
1569 2216 1698 2249 deinde
1721 2227 1860 2255 sensus,
1887 2222 2020 2255 motus,
2048 2215 2223 2257 cogitatio,

1248 2265 1402 2298 adfectus
1420 2266 1454 2298 in
1472 2267 1587 2301 corde.
1628 2265 1711 2299 Ideo
1729 2265 1838 2310 aliqui
1856 2265 2036 2305 dixerunt,
2069 2266 2221 2299 animam

1249 2327 1319 2348 esse
1337 2314 1399 2349 hos
1416 2316 1558 2359 spiritus
1575 2328 1635 2350 seu
1647 2316 1843 2348 flammulas
1856 2315 1977 2348 vitales
1994 2323 2025 2350 et
2043 2316 2222 2351 animales.

1249 2365 1405 2400 Galenus
1423 2366 1538 2411 inquit
1568 2367 1611 2400 de
1639 2365 1755 2399 anima
1781 2363 1971 2406 hominis‚-
1990 2363 2054 2399 hos
2078 2365 2220 2410 spiritus

1247 2423 1305 2449 aut
1322 2417 1474 2450 animam
1493 2428 1582 2454 esse,
1609 2422 1670 2449 aut
1687 2415 1928 2449 immediatum
1947 2415 2219 2450 instrumentum

1247 2466 1393 2499 animae.
1447 2466 1551 2508 Quod
1568 2472 1657 2499 certe
1674 2477 1794 2498 verum
1822 2472 1891 2504 est,
1918 2472 1951 2499 et
1973 2477 2033 2498 sua
2058 2466 2134 2498 luce
2159 2478 2219 2500 su-

1247 2524 1369 2559 perant
1399 2517 1481 2548 solis
1507 2523 1539 2549 et
1570 2515 1728 2548 omnium
1761 2516 1939 2548 stellarum
1979 2516 2101 2551 lucem.
2161 2515 2219 2558 Et,

1246 2567 1339 2609 quod
1357 2566 1554 2599 mirabilius
1570 2572 1639 2603 est,
1669 2563 1721 2598 his
1739 2566 1822 2609 ipsis
1845 2565 2025 2609 spiritibus
2047 2566 2083 2598 in
2103 2564 2218 2599 homi-

1247 2616 1350 2648 nihus
1367 2616 1432 2659 piis
1449 2616 1612 2648 miscetur
1628 2616 1700 2659 ipse
1718 2616 1858 2648 divinus
1876 2615 2017 2658 spiritus
2029 2642 2038 2655 ,
2065 2622 2099 2649 et
2113 2616 2216 2650 efficit

1247 2666 1354 2708 magis
1368 2666 1539 2709 fulgentes
1557 2666 1676 2699 divina
1695 2666 1790 2707 luce,
1817 2672 1855 2699 ut
1878 2665 2013 2708 agnitio
2029 2665 2091 2699 Dei
2107 2666 2152 2700 sit
2170 2666 2215 2699 il-
