2379 2948
229 88 299 124 951

231 172 359 206 nostris
385 168 549 205 Ecclesiis
574 171 790 210 docuerunt,
822 167 995 208 xvicelih
1030 166 1213 211 Campani.
1236 165 1241 226 l

1238 232 1241 237 ·
1264 217 1441 256 moribus,
1475 222 1515 249 ut
1538 221 1692 248 caeterae
1715 222 1851 259 gente5‚
1878 220 1995 248 tamen
2019 213 2252 259 Evangelium

229 222 274 257 Et
298 221 412 256 adbuc
437 222 473 255 in
497 220 628 255 nostris
645 220 765 254 castris
781 231 853 253 esse
870 219 1059 261 videntur,
1088 218 1148 262 qni
1167 217 1213 250 si-

229 275 366 308 mulant
407 271 687 306 benevolentiam
730 282 808 314 erga
841 281 924 312 nos,
965 277 1003 304 ut
1036 270 1215 302 inflectant

230 333 370 358 nostros
409 325 451 356 ad
484 323 703 366 recipiendos
734 333 889 363 errores,
930 329 963 355 et
998 320 1215 354 restituenda

230 376 323 408 idola
342 373 594 407 contumeliosa
613 373 649 405 in
665 372 790 406 Deum.

329 433 470 466 Deinde
488 432 590 465 multi
608 432 645 465 in
663 432 829 465 omnibus
848 431 1014 465 civilibus
1029 427 1216 463 discordiis

230 492 373 529 propter
395 481 598 529 ἀναρχίαν,
634 490 780 517 sumunt
806 482 875 516 sibi
898 482 1096 520 licentiam,
1129 491 1216 524 quae

229 536 321 568 nulli
348 535 383 567 in
402 533 598 578 Republica
622 534 813 579 tranquilla
841 539 876 567 et
897 532 1086 566 constituta
1110 530 1217 563 disci-

231 587 329 631 plina
363 586 623 619 concederetur.
685 584 805 629 Quare
836 591 870 618 et
895 584 1000 617 nobis
1023 582 1216 615 multorum

230 637 314 670 mali
353 647 466 670 mores
504 643 652 678 nocent,
692 636 754 681 qui
793 637 922 669 bonam
948 645 1086 667 causam
1116 644 1217 665 scan-

232 688 322 721 dalis
349 688 558 723 deformant.
610 686 706 721 Haec
730 686 919 720 domestica
944 685 1092 717 vulnera
1116 684 1218 716 valde

233 738 431 783 impediunt
451 745 483 771 et
500 749 553 771 res
569 739 678 771 bonas
696 745 727 771 et
745 737 858 771 studia
878 737 1064 769 bonorum.

335 797 457 841 Neque
496 803 612 830 tamen
655 795 852 829 abiicienda
893 800 943 827 est
983 790 1217 838 propugnatio

234 846 430 889 Evangelii,
459 854 490 880 et
505 859 584 880 vera
596 845 750 880 Ecclesia
765 850 928 888 agnoscat
942 855 1020 877 suas
1032 853 1219 876 aerumnas

235 906 267 931 et
293 898 425 931 diaboli
451 897 614 938 insidias,
642 897 702 941 qui
724 903 762 929 ut
785 895 929 938 dissipet
947 893 1162 933 Ecclesiam,
1187 899 1220 926 et

235 948 458 981 contumeliis
489 948 616 981 afficiat
637 946 750 980 Deum
783 953 816 980 et
841 944 972 979 Filium
1005 945 1078 978 eius
1108 944 1218 977 lesum

234 997 436 1039 Christum,
469 999 628 1043 undique
652 1004 833 1042 oppugnat
857 994 1071 1035 Ecclesiam,
1099 995 1220 1028 incitat

236 1048 397 1082 homines
429 1049 610 1093 epicureos
642 1055 674 1082 et
704 1046 904 1094 hypocritas
940 1047 1108 1079 adversus
1132 1058 1219 1085 eam,

235 1101 320 1133 foris
343 1107 374 1133 et
398 1100 433 1132 in
450 1099 532 1143 ipsis
548 1099 723 1132 Ecclesiae
739 1098 869 1132 castris.
922 1096 1023 1130 Hanc
1040 1096 1221 1129 calamita-

235 1158 304 1183 tem
336 1150 443 1183 sensit
470 1150 572 1183 initio
598 1148 753 1183 Ecclesia
778 1149 911 1194 primae
931 1148 1104 1189 familiae,
1140 1159 1220 1180 cum

235 1200 323 1234 Cain
343 1201 551 1234 interficeret
570 1201 725 1234 fratrem.

338 1260 530 1305 Sequentia
554 1261 659 1293 verba
684 1266 848 1304 repetunt
871 1257 1145 1302 descriptionem
1164 1269 1222 1290 ca-

236 1311 400 1344 lamitatis
428 1318 462 1345 et
492 1323 566 1343 eam
599 1317 826 1353 exaggerant,
862 1310 921 1342 sed
944 1316 1061 1343 tamen
1087 1309 1223 1341 addunt

236 1373 356 1394 rursus
371 1361 645 1394 consolationem
662 1362 705 1394 de
721 1361 943 1394 liberatione:
968 1357 1085 1392 Docti
1094 1355 1222 1392 cadent

237 1416 267 1444 et
298 1410 607 1457 explorabunlur,
642 1409 708 1444 sed
729 1422 840 1458 usque
864 1408 919 1443 ad
938 1414 1097 1455 tempus,
1133 1408 1221 1456 quia

239 1467 349 1495 restat
372 1460 480 1496 aliud
502 1466 657 1509 tempus,
685 1462 719 1494 id
746 1469 814 1502 est,
842 1462 905 1495 etsi
929 1459 1023 1494 athei
1047 1461 1223 1505 putabunt

237 1510 334 1546 hunc
357 1514 526 1557 populum
547 1513 614 1546 iam
632 1513 792 1546 funditus
810 1512 1035 1546 interiturum
1053 1523 1143 1551 esse,
1169 1517 1222 1544 ta-

238 1575 317 1596 men
344 1565 454 1597 sciant
477 1564 525 1607 pii
551 1576 585 1596 se
609 1564 822 1597 eluctaturos
841 1574 930 1603 esse,
958 1569 990 1596 et
1006 1560 1070 1594 hac
1091 1573 1150 1605 spe
1167 1561 1222 1593 di-

236 1615 366 1647 micent
392 1626 470 1647 cum
496 1612 667 1647 hostibus.
735 1612 858 1647 Restat
882 1613 974 1645 enim
999 1619 1136 1655 tempus
1160 1613 1222 1644 ad-

237 1672 359 1698 ventus
378 1664 545 1703 Messiae,
574 1676 678 1709 quem
703 1661 767 1697 hac
791 1663 912 1708 politia
938 1660 1053 1696 adhuc
1072 1664 1222 1696 durante

235 1727 402 1759 apparere
421 1716 589 1759 oportuit.

340 1774 531 1819 Sequentes
551 1786 670 1808 versus
688 1774 790 1808 multi
807 1773 933 1807 omissa
950 1784 1093 1817 prorsus
1111 1769 1223 1805 histo—

238 1825 287 1857 ria
305 1823 475 1859 Antiochi
491 1827 533 1859 de
549 1826 623 1859 solo
641 1823 861 1859 Antichristo
878 1824 1092 1867 intelligunt.
1146 1821 1221 1857 Etsi

237 1883 351 1909 autem
381 1888 454 1909 non
479 1877 625 1910 dubium
649 1883 698 1910 est
721 1874 786 1909 hoc
808 1875 1012 1908 vaticinium
1038 1873 1222 1917 complecti

238 1924 412 1959 Ecclesiae
431 1927 661 1967 calamitates,
689 1938 774 1972 quas
793 1927 880 1959 feret
896 1923 951 1959 his
967 1925 1100 1959 ultimis
1118 1937 1221 1956 mun-

239 1977 273 2008 di
302 1977 519 2020 temporibus
545 1984 622 2021 post
640 1977 850 2021 Apostolos,
877 1983 909 2010 et
935 1976 1039 2021 paulo
1063 1982 1142 2008 ante
1166 1987 1221 2008 re—

237 2027 490 2061 surrectionem
532 2035 771 2061 mortuorum:
806 2034 923 2060 tamen
961 2038 1033 2059 non
1072 2027 1219 2059 avellam

239 2075 328 2110 hanc
353 2084 484 2122 partem
510 2078 554 2111 ab
581 2076 726 2111 historia
745 2075 926 2112 Antiochi.
978 2078 1019 2110 In
1042 2077 1110 2109 fine
1127 2077 1219 2109 enim

238 2128 396 2173 loquitur
419 2129 461 2161 de
478 2127 594 2162 Edom
619 2135 651 2162 et
677 2128 820 2167 vicinis,
846 2126 942 2160 Haec
964 2128 1130 2161 videntur
1149 2139 1221 2160 esse

238 2177 415 2212 historica.
482 2178 600 2222 Quare
626 2179 662 2212 in
684 2178 844 2223 sequenti
870 2178 1090 2210 enarratione
1116 2179 1219 2211 verba

238 2231 391 2273 primum
416 2231 458 2262 ad
478 2227 694 2263 Antiochum
714 2228 1075 2268 accommodabimus,
1104 2236 1219 2272 postea

238 2282 339 2312 etiam
359 2282 399 2313 ad
421 2281 564 2324 imperia
584 2281 705 2314 ultima
721 2279 867 2320 mundi,
894 2291 982 2324 quae
1001 2291 1126 2311 nomeu
1146 2278 1219 2311 An-

237 2329 385 2364 tichristi
412 2332 667 2375 complectitur.
710 2330 798 2364 Nam
825 2337 856 2363 et
882 2330 955 2373 ipsa
978 2327 1144 2362 Antiochi
1165 2327 1220 2361 hi-

238 2382 341 2414 storia
364 2383 476 2426 imago
496 2394 534 2416 ac
554 2382 760 2417 vaticinium
779 2390 827 2414 est
843 2382 885 2413 de
901 2378 1134 2414 Antichristo.

341 2448 419 2482 Dixi
451 2458 565 2484 autem
594 2462 718 2494 supra,
752 2447 944 2492 Prophetas
972 2455 1004 2482 et
1031 2447 1219 2492 Apostolos

238 2500 420 2532 vaticinari
443 2502 485 2534 de
507 2502 645 2535 duobus
661 2501 774 2543 regnis
794 2499 1011 2544 oppressuris
1026 2497 1218 2532 Ecclesiam

236 2547 322 2589 Dei,
349 2550 495 2583 alterum
514 2559 561 2585 est
573 2550 868 2589 Malmmeticinn‚
894 2552 986 2595 quod
1004 2557 1121 2593 aperte
1138 2550 1219 2582 reii-

237 2601 282 2633 cit
308 2601 503 2632 doctrinam
523 2601 779 2646 Prophetarum
807 2608 840 2634 et
859 2601 1132 2643 Apostolorum,
1157 2602 1217 2632 de-

238 2651 318 2684 iude
343 2652 456 2695 palam
481 2659 626 2685 conatur
650 2654 764 2685 delere
787 2664 916 2685 nomen
937 2651 1018 2684 Filii
1041 2650 1118 2684 Dei.
1172 2649 1218 2684 Et

814 81 938 117 PHIL.
968 78 1083 116 MEL.
1112 77 1320 116 SCRIPTA
1349 76 1651 114 EXEGETICA.

2176 78 2252 115 952

1266 177 1468 210 quanquam
1502 164 1630 198 retinet
1653 164 1860 208 particulam
1887 163 1990 207 legis,
2024 165 2067 198 de
2088 166 2252 199 civilibus

1265 268 1308 299 de
1331 266 1422 300 Filio
1448 266 1514 300 Dei
1539 278 1681 310 prorsus
1703 266 1828 301 reiicit.
1895 265 2009 308 Negat
2030 277 2100 298 esse
2122 266 2252 301 Filium

1265 317 1354 358 Dei,
1389 325 1509 351 natum
1540 319 1582 350 de
1614 317 1745 351 aeterni
1770 316 1879 360 patris
1903 316 2118 357 substantia,
2151 324 2254 360 negat

1265 380 1336 402 esse
1355 369 1531 402 victimam
1550 381 1613 412 pro
1630 380 1755 412 genere
1772 365 1941 401 humano.
1996 366 2108 401 Tollit
2124 368 2256 408 omnia,

1266 432 1354 464 quae
1369 420 1412 452 de
1427 418 1632 453 remissione
1650 426 1871 463 peccatorum
1885 419 1972 451 etde
1985 418 2052 451 fide
2064 418 2257 461 accipiente

1267 469 1590 503 reconciliationem
1608 477 1752 514 propter
1773 469 2004 502 Mediatorem
2024 467 2256 502 docetEvan-

1266 521 1417 563 gelinm,
1461 527 1598 554 tantum
1638 521 1729 556 ludit
1765 519 2078 564 imaginationibus
2107 517 2257 553 ethnicis

1268 573 1311 605 de
1328 570 1416 604 Deo.

1371 629 1417 663 Ut
1443 638 1556 664 autem
1586 629 1661 674 piae
1683 638 1816 664 mentes
1842 633 2009 665 adversus
2031 627 2096 663 hos
2120 630 2257 663 furores

1268 681 1496 720 muniantur,
1524 682 1676 725 cogitent
1703 679 1787 714 haec
1813 689 2034 727 argumenta,
2061 693 2150 726 quae
2174 687 2258 714 sunt

1269 739 1471 765 certissima.

1375 789 1596 832 Impossibile
1620 797 1670 823 est
1693 790 1889 823 doctrinam
1912 802 1984 823 esse
2005 801 2141 830 veram,
2168 801 2258 835 quae

1269 841 1382 875 reiicit
1408 839 1602 884 Prophetas
1626 847 1658 874 et
1678 840 1886 883 Apostolos,
1913 852 1972 873 seu
1996 853 2084 886 quae
2106 853 2177 873 non
2202 852 2258 874 re-

1270 893 1359 925 tinet
1382 893 1529 925 verbum
1549 891 1612 925 Dei
1630 892 1798 925 traditum
1818 904 1879 935 per
1895 890 2090 935 Prophetas
2107 898 2138 925 et
2156 889 2257 935 Apo-

1271 943 1390 977 stolos.
1434 941 1578 976 Certum
1597 949 1647 975 est
1665 949 1780 975 autern
1794 953 1937 986 prorsus
1955 954 2025 974 non
2043 942 2156 975 audiri
2167 941 2257 975 Pro—

1272 991 1456 1037 phetarum
1476 1000 1508 1026 et
1520 991 1771 1036 Apostolorum
1790 993 1915 1035 scripta
1934 993 1969 1025 iu
1987 999 2056 1026 tota
2074 999 2163 1025 secta
2175 992 2258 1025 Ma-

1272 1042 1417 1077 hometi.
1470 1042 1517 1077 Et
1534 1051 1667 1077 certum
1684 1050 1735 1077 est
1754 1055 1873 1076 recens
1891 1051 2007 1076 natam
2028 1055 2099 1076 esse
2117 1043 2258 1087 opinio-

1272 1107 1351 1128 nem
1371 1092 1644 1128 Mahometicam
1665 1095 1770 1137 longo
1791 1101 1946 1137 tempore
1965 1101 2041 1138 post
2058 1094 2259 1138 Apostolos,

1272 1153 1304 1179 et
1323 1157 1477 1190 pugnare
1494 1157 1568 1178 eam
1584 1157 1661 1178 cum
1672 1143 1858 1189 Prophetis
1877 1153 1908 1178 et
1920 1144 2112 1189 Apostolis:
2140 1143 2259 1187 Quare

1273 1196 1497 1230 manifestum
1535 1203 1586 1229 est
1623 1208 1699 1229 eam
1737 1208 1809 1231 esse
1839 1196 1974 1230 diaboli
2005 1203 2258 1235 commentum,

1272 1249 1478 1281 damnatum
1495 1259 1514 1280 a
1532 1246 1619 1282 Deo.

1375 1304 1603 1340 Execrandae
1626 1313 1659 1340 et
1675 1306 1861 1349 fuglendae
1878 1312 1960 1339 sunt
1976 1317 2098 1339 omnes
2115 1305 2258 1350 religio-

1273 1367 1353 1398 nes,
1381 1368 1470 1401 quae
1497 1356 1660 1398 ignorant
1684 1356 1814 1390 Filium
1841 1355 1925 1397 Dei,
1953 1362 1985 1389 et
2007 1356 2258 1399 promissiones

1273 1409 1316 1440 de
1338 1419 1377 1440 eo
1399 1407 1544 1440 traditas
1567 1419 1628 1451 per
1653 1405 1846 1451 Prophetas
1873 1414 1906 1441 et
1931 1407 2131 1450 Apostolos.
2199 1406 2258 1439 Sic

1274 1458 1368 1490 enim
1393 1458 1468 1491 vult
1490 1458 1629 1500 agnosci
1648 1456 1760 1498 Deus,
1786 1465 1825 1491 ut
1841 1458 1913 1502 ipse
1931 1469 1966 1490 se
1981 1469 2065 1490 voce
2081 1469 2141 1490 sua
2161 1463 2258 1500 pate-

1273 1509 1364 1544 fecit.
1424 1508 1605 1541 Praeterea
1631 1520 1705 1541 non
1732 1515 1845 1551 potest
1867 1509 2040 1541 affirmare
2065 1519 2165 1540 mens
2187 1504 2258 1540 hu-

1274 1571 1396 1597 mana,
1423 1557 1537 1591 Deum
1563 1558 1735 1601 placatum
1761 1570 1852 1596 esse,
1878 1570 1939 1591 seu
1958 1557 2170 1602 propicium,
2199 1569 2259 1591 ex-

1274 1610 1396 1642 audire
1412 1609 1631 1649 invocantes,
1659 1609 1726 1642 nisi
1743 1616 1846 1642 notae
1862 1609 1932 1642 sint
1950 1608 2199 1652 promissiones
2215 1609 2259 1642 de

1274 1659 1367 1693 Filio
1392 1659 1471 1694 Dei.
1529 1658 1641 1692 Porro
1666 1672 1764 1693 mens
1790 1660 1957 1693 dubitans
1983 1660 2026 1693 de
2052 1659 2260 1703 placatione,

1273 1712 1362 1754 sugit
1379 1709 1513 1751 Deum,
1540 1722 1613 1744 non
1630 1717 1786 1755 expectat
1804 1711 1848 1743 ab
1867 1723 1906 1744 eo
1924 1710 2107 1744 auxilium.

1377 1776 1708 1812 FurebantEthnici
1720 1805 1728 1818 ‚
1754 1778 1922 1821 fingentes
1939 1778 2068 1812 multos
2083 1789 2155 1811 esse
2164 1778 2258 1820 deos,

1274 1836 1306 1862 et
1330 1829 1406 1862 aliis
1432 1829 1498 1861 alia
1523 1841 1667 1861 munera
1693 1829 1944 1869 attribuentes,
1972 1828 2046 1862 lovi
2070 1835 2257 1873 tempesta—

1274 1887 1348 1914 tum
1364 1879 1668 1923 gubernationem,
1695 1878 1803 1912 Marti
1820 1879 1922 1920 bella,
1950 1878 2078 1912 Veneri
2095 1891 2257 1923 procrea-

1275 1932 1429 1969 tionem,
1469 1929 1589 1964 Cereri
1616 1937 1769 1973 segetum
1793 1930 2009 1971 custodiam,
2041 1927 2181 1963 Baccho
2202 1930 2256 1963 vi-

1274 1983 1361 2015 tium
1382 1981 1524 2015 tutelam
1536 2006 1545 2019 ‚
1574 1981 1728 2026 denique
1743 1980 1820 2013 aliis
1835 1980 1918 2014 alia.

1376 2039 1470 2074 Haec
1495 2040 1591 2083 vulgi
1616 2041 1845 2073 deliramenta
1869 2051 1913 2072 ne
1936 2045 2011 2072 tum
2035 2038 2177 2084 quidem
2201 2051 2256 2073 sa-

1274 2092 1407 2137 pientes
1432 2092 1645 2136 probabant,
1671 2091 1730 2123 sed
1755 2088 1790 2123 hi
1811 2091 2045 2133 agnoscebant
2060 2102 2167 2123 unam
2184 2102 2256 2124 esse

1272 2150 1448 2176 aeternam
1480 2148 1650 2182 mentem,
1684 2152 1821 2174 causam
1854 2141 1940 2174 boni
1972 2140 2008 2173 in
2038 2148 2181 2180 natura,
2218 2148 2256 2175 ut

1273 2193 1372 2227 Plato
1396 2192 1631 2226 eruditissime
1649 2192 1747 2225 dixit.
1800 2189 1847 2225 Et
1865 2189 1902 2224 hi
1918 2192 2065 2225 usitatos
2082 2192 2196 2225 cultus
2215 2204 2255 2225 eo

1273 2257 1344 2277 non
1365 2244 1624 2287 vituperabant,
1649 2243 1730 2287 quia
1754 2243 1954 2286 cogitabant
1970 2242 2116 2276 diversis
2133 2243 2255 2276 statuis

1273 2303 1302 2328 et
1338 2295 1542 2327 nominibus
1575 2294 1688 2326 varias
1722 2300 1906 2337 potestates
1939 2293 2125 2336 significari
2149 2293 2254 2327 unius

1243 2366 1245 2374 x
1273 2346 1462 2378 innuensae
1481 2350 1644 2383 naturae,
1668 2345 1747 2389 quia
1766 2357 1838 2377 uno
1857 2344 2000 2377 nomine
2016 2350 2049 2377 et
2066 2356 2138 2377 uuo
2153 2344 2253 2386 signo

1243 2403 1245 2407 ’
1271 2395 1458 2429 monstrari
1482 2395 1696 2428 immensitas
1720 2395 1778 2428 illa
1804 2408 1874 2427 non
1897 2401 2026 2439 posset,
2053 2406 2141 2439 quae
2159 2394 2254 2427 dice-

1271 2448 1375 2480 batur
1394 2445 1525 2486 Pallas‚
1549 2453 1721 2490 quatenus
1745 2447 1900 2486 ordinis,
1928 2445 1964 2478 in
1989 2452 2130 2484 natura,
2158 2452 2190 2478 et
2217 2445 2250 2478 in

1271 2495 1423 2530 humana
1448 2502 1565 2529 mente
1583 2496 1836 2539 intelligentiae
1854 2509 1954 2529 causa
1974 2503 2078 2532 esset,
2110 2495 2251 2539 iupiter,

1269 2548 1372 2581 Ceres
1394 2559 1451 2579 seu
1470 2546 1499 2580 Β
1513 2545 1645 2585 icchus,
1673 2555 1845 2592 quatenus
1863 2547 2017 2579 mirabili
2037 2547 2108 2588 lege
2124 2554 2250 2580 terrain

1270 2598 1460 2643 quotannis
1484 2599 1690 2631 foecundam
1719 2600 1854 2631 faceret.
1908 2596 2001 2629 llaec
2026 2597 2087 2629 etsi
2114 2597 2159 2629 ita
2179 2597 2249 2629 dis-

1271 2650 1441 2694 putal)ant
1467 2656 1597 2682 veteres
1620 2656 1844 2692 agnoscentes
1863 2660 1968 2680 unam
1987 2659 2057 2680 esse
2075 2655 2248 2681 aeternam
