2379 2948
148 87 219 124 721
763 86 806 122 V.

146 173 332 208 Romanus
353 178 493 217 pactus,
521 179 562 206 ut
577 172 766 206 dimidium
787 172 931 205 navium
956 171 1137 215 relinque-

145 230 243 258 retur
253 220 444 265 Antiocho,
471 224 637 258 dissecari
656 235 762 257 naves
779 223 892 263 iussit,
921 229 953 256 et
971 222 1135 254 dissectas

144 275 261 309 trabes
295 275 393 308 dedit
428 273 623 309 Antiocho.
686 274 792 307 Tales
825 272 1135 316 interpretationes

142 332 341 371 pugnantes
372 338 450 359 cum
482 326 674 365 sententia,
709 336 813 370 quam
839 321 979 368 phrasis
1010 323 1134 357 usitate

143 377 333 420 significat,
362 377 594 422 repudientur
613 377 650 408 in
668 375 768 409 seriis
794 374 967 418 negociis,
997 381 1030 408 et
1049 386 1134 407 con-

143 428 368 462 suetudinem
388 426 494 462 huius
513 428 589 460 ludi
609 427 739 460 scurris
755 426 1018 471 relinquamus,
1046 438 1133 470 qua-

141 479 185 512 lis
208 480 276 513 suit
298 478 530 524 &ulenspiegeL
590 477 702 521 Saepe
725 484 841 511 autem
870 477 905 509 iu
931 477 1133 510 foederibus

141 537 173 563 et
214 532 438 574 dogmatibus
477 529 564 562 tales
602 526 764 575 στροφαὶ
805 525 1133 571 deprehenduntur.

142 580 262 624 Quare
294 580 438 615 honesta
465 580 659 624 antiquitas
686 581 722 613 in
757 580 910 613 formula
947 579 1130 612 foederum

141 633 267 666 adiecit
292 631 376 666 haec
398 632 520 665 verba:
557 629 647 666 ἄνευ
671 628 784 666 δόλου
815 629 877 665 καὶ
910 629 1070 675 ἀπάτης,
1100 638 1131 663 et

141 696 238 717 nunc
254 684 402 718 dicitur:
432 681 566 717 Omnia
585 683 736 717 fideliter
754 690 786 716 et
803 683 879 716 sine
898 682 1085 716 calumnia.

549 782 722 823 Exempla.

291 841 409 876 Verba
427 843 537 877 activa
556 843 752 888 significant
772 844 1002 881 effectionem,

290 892 387 928 Deus
405 895 507 929 dicit:
537 893 612 938 Ego
631 896 808 928 indurabo
827 907 887 928 cor
905 892 1114 933 Pharaonis,

290 943 386 989 Ergo
411 945 507 980 Deus
531 947 636 980 efficit
660 947 806 991 impiam
839 946 1070 990 pertinaciam
1093 946 1128 977 in

343 995 547 1039 Pharaone,
574 1005 609 1031 et
628 1010 729 1031 causa
748 1005 797 1031 est
816 997 959 1041 peccati.

239 1064 308 1100 Hic
325 1078 425 1100 error
448 1079 487 1100 ex
513 1064 632 1111 phrasi
650 1067 775 1101 oritur.
830 1064 1044 1109 Respoudeo
1064 1064 1132 1106 igi-

135 1123 194 1150 tur
217 1118 259 1150 ad
283 1118 471 1151 maiorem:
509 1117 550 1152 In
577 1119 696 1161 lingua
721 1116 858 1151 Ebraea
886 1116 991 1148 verba
1019 1115 1130 1148 activa

135 1169 239 1202 valde
256 1170 379 1203 crebro
403 1169 672 1213 permissionem
698 1169 916 1212 significant,
944 1174 975 1199 et
998 1177 1131 1211 nequa-

135 1232 242 1264 quam
268 1220 502 1256 effectionem.
563 1219 627 1254 Est
653 1221 762 1264 igitur
784 1220 984 1258 indurabo,
1018 1218 1130 1251 sinam

135 1271 343 1314 durescere,
385 1272 498 1304 sinam
530 1272 614 1305 ferri
641 1284 704 1305 suo
736 1273 867 1315 impetu
897 1268 1132 1309 Pharaonem,

135 1333 214 1354 cum
233 1332 289 1353 me
306 1323 429 1353 audire
447 1323 556 1361 nolit,
582 1323 662 1365 quia
689 1322 787 1356 Deus
813 1319 922 1354 trahit
940 1321 1131 1359 volentem,

135 1383 209 1404 non
233 1378 503 1415 repugnantem„
556 1370 693 1405 Similis
721 1372 859 1415 phrasis
883 1379 950 1405 est:
988 1370 1040 1404 Ne
1068 1382 1132 1403 nos

134 1423 282 1456 inducas
302 1422 341 1455 in
367 1422 621 1463 tentationem,
650 1423 684 1456 id
713 1430 780 1461 est,
810 1434 855 1454 ne
872 1421 966 1454 sinas
991 1432 1055 1453 nos
1074 1421 1131 1453 in-

134 1473 235 1515 duci,
263 1485 308 1507 ne
325 1474 463 1507 deseras
480 1473 653 1507 luctantes
673 1487 751 1508 cum
777 1473 992 1514 tentatione,
1022 1484 1066 1505 ne
1085 1471 1132 1505 si-

134 1536 197 1558 nas
216 1537 280 1559 nos
296 1525 403 1561 vinci.

554 1618 703 1653 Aliud.

288 1687 394 1730 Quod
416 1685 506 1719 nihil
527 1694 595 1727 est,
630 1699 702 1718 non
723 1694 773 1718 est
788 1687 935 1728 dignum
955 1697 1079 1728 poena,

289 1738 477 1772 Peccatum
497 1735 591 1770 nihil
609 1743 670 1777 est,

286 1790 381 1833 Ergo
398 1802 471 1822 non
489 1796 538 1823 est
558 1788 704 1832 dignum
723 1799 847 1831 poena.

236 1859 427 1903 Distinguo
452 1858 634 1891 maiorem.
685 1856 790 1899 Quod
812 1853 902 1888 nibil
926 1862 973 1888 est
993 1854 1129 1896 negati-

134 1924 194 1952 ve,
221 1924 294 1945 non
320 1917 369 1943 est
392 1911 540 1953 dignum
566 1921 698 1953 poena,
727 1908 808 1953 quia
827 1907 875 1939 ibi
900 1903 990 1939 nibil
1011 1913 1129 1947 restat,

133 1970 173 1996 ut
191 1975 302 2008 equus
322 1961 516 1996 Alexandri
536 1968 715 2000 mortuus,
745 1961 812 1992 iam
836 1955 928 1991 nihil
949 1965 997 1990 est
1022 1969 1127 2000 nega-

135 2015 216 2047 tive.
271 2013 340 2048 Sed
367 2011 460 2046 nihil
486 2012 659 2057 privative
687 2018 737 2044 est
761 2009 953 2043 destructio
980 2009 1015 2041 iu
1042 2009 1127 2041 sub-

134 2065 244 2105 iecto,
270 2066 362 2110 quod
390 2065 566 2110 reliquum
587 2070 654 2103 est,
683 2070 721 2096 ut
745 2062 870 2096 ruinae
888 2062 1025 2095 domus.
1068 2060 1126 2093 Sic

136 2121 315 2160 peccatum
340 2124 388 2150 est
414 2113 506 2149 nihil
535 2115 729 2160 privative,
765 2115 800 2146 id
827 2120 896 2153 est,
933 2112 1124 2145 destructio

135 2168 172 2200 in
202 2164 363 2208 bomine,
390 2174 534 2210 propter
557 2178 661 2212 quam
686 2166 882 2199 subiectum
908 2164 1075 2196 abiicitur
1093 2171 1123 2197 et

135 2220 336 2252 damnatur.
391 2217 437 2251 Ut
454 2218 580 2261 igitur,
608 2230 686 2251 cum
706 2228 845 2251 caecum
868 2215 1037 2254 dicimus,
1068 2215 1124 2247 in-

134 2269 327 2312 telligimus
346 2269 478 2302 animal
501 2270 663 2303 orbatum
690 2269 788 2309 visu,
817 2267 875 2301 Sic
900 2279 977 2300 cum
1002 2279 1123 2311 pecca-

133 2329 246 2354 torem
275 2320 447 2363 dicimus,
480 2320 712 2363 intelligimus
745 2331 951 2365 personam,
983 2319 1019 2350 in
1055 2330 1122 2363 qua

134 2379 185 2406 est
208 2372 417 2411 destructio,
452 2378 594 2415 propter
618 2384 722 2417 quam
742 2371 1017 2405 destructionem
1045 2381 1124 2414 per-

136 2434 220 2457 sona
252 2423 385 2456 abiecta
418 2429 487 2463 est,
531 2423 633 2466 punit
663 2424 755 2457 enim
786 2424 882 2458 Deus
915 2422 1123 2460 subiectum,

137 2476 230 2520 quod
251 2481 281 2508 et
304 2474 368 2507 suit
387 2485 488 2507 causa
507 2474 774 2516 destructionis,
801 2483 831 2509 et
851 2481 899 2509 est
924 2486 977 2507 res
1002 2479 1125 2506 conta-

137 2526 280 2559 minata.
334 2525 430 2559 Haec
455 2525 605 2565 solutio,
634 2526 696 2558 etsi
722 2526 757 2559 in
779 2539 814 2560 re
840 2538 964 2569 magna
985 2525 1126 2558 videtur

137 2576 258 2614 exilis,
292 2577 497 2621 praesertim
523 2576 746 2617 iunioribus,
775 2584 890 2611 tamen
919 2577 1126 2621 grandiores

139 2627 341 2670 intelligunt
360 2640 477 2661 veram
495 2639 581 2669 esse,
609 2634 639 2661 et
660 2639 732 2661 esse
751 2629 1125 2663 commonesactionem

139 2679 181 2712 de
199 2680 304 2712 rebus
321 2679 467 2722 magnis.

193 2732 367 2762 Memmi.
399 2733 500 2763 Omen.
528 2731 609 2762 Von.
640 2731 732 2763 Xlll.

857 83 1181 121 EROTEMATA
1215 82 1555 122 DIALECTICES.

2109 89 2182 124 722

1291 168 1379 204 Cum
1403 178 1516 204 autem
1544 172 1756 216 ambiguitas
1773 183 1813 205 ex
1832 173 1937 207 rebus
1963 175 2095 213 oritur,
2124 183 2181 216 ut,

1187 233 1266 254 cum
1293 232 1402 264 genus
1434 223 1598 265 ponitur,
1633 223 1762 257 omissa
1785 223 2014 258 distinctione
2048 227 2178 270 specie-

1188 284 1282 306 rum:
1310 274 1479 305 sumenda
1497 280 1543 306 est
1563 274 1744 309 distinctio
1762 287 1801 308 ex
1818 287 1855 308 ea
1874 282 1984 317 parte,
2013 278 2055 309 ad
2073 289 2178 320 quam

1188 322 1429 356 controversia
1455 324 1624 367 pertinet,
1661 332 1699 359 ut
1728 326 1841 369 posito
1873 338 2018 370 genere,
2054 328 2177 360 viden-

1187 375 1272 407 dum
1300 380 1370 414 est,
1407 374 1451 406 de
1478 386 1548 418 qua
1573 377 1686 418 specie
1712 378 1854 420 proprie
1881 379 2031 412 dicatur.
2086 378 2175 412 Nam

1187 424 1438 458 universaliter
1453 425 1544 458 dicta
1564 426 1606 458 de
1623 427 1737 470 specie
1754 436 1833 461 sunt
1852 430 2013 471 certiora,
2043 438 2073 464 et
2094 444 2179 463 con-

1187 473 1335 509 trahunt
1358 476 1537 518 generales
1565 477 1769 511 sententias.
1826 478 1907 513 ldeo
1934 480 2178 515 iurisconsulti

1187 528 1326 560 dicunt:
1357 526 1397 559 ln
1424 533 1496 560 toto
1521 527 1597 561 iure
1622 528 1741 571 generi
1766 540 1826 572 per
1856 531 2005 574 speciem
2032 534 2178 574 deroga-

1186 586 1265 619 tur,
1295 584 1327 610 et
1352 577 1440 610 illud
1467 578 1689 622 potissimum
1715 576 1882 621 habetur,
1911 583 2004 626 quod
2031 585 2072 616 ad
2100 596 2177 627 spc-

1186 631 1273 662 ciem
1292 629 1464 663 directum
1484 636 1544 662 est.

1580 719 1783 758 Exemplum.

1339 782 1468 816 Nullus
1495 789 1655 827 peccator
1680 784 1867 817 exauditur
1895 797 1912 818 a
1937 784 2033 826 Deo,
2061 793 2099 820 ut
2121 786 2178 820 lom

1392 832 1475 869 hau.
1499 834 1532 869 9.
1558 834 1703 868 dicitur:
1748 834 1952 870 Peccatores
1975 849 2047 870 non
2074 850 2177 870 exau-

1393 887 1442 918 dit
1459 884 1565 924 Deus,

1340 935 1477 969 Omnes
1495 935 1654 969 homiues
1673 937 1708 969 in
1727 935 1791 970 hac
1802 938 1943 971 sordida
1960 947 2084 973 natura
2095 948 2177 974 sunt

1394 995 1603 1031 peccatores,

1340 1037 1435 1081 Ergo
1454 1039 1544 1071 nulli
1566 1037 1728 1072 homines
1743 1041 1992 1074 exaudiuntur.

1288 1090 1590 1134 Respondendum
1621 1098 1671 1123 est
1702 1103 1763 1135 per
1787 1092 2071 1126 distinctionem:
2110 1095 2177 1127 Di-

1187 1142 1326 1185 stinguo
1345 1142 1524 1182 maiorem,
1550 1142 1608 1174 alii
1628 1149 1707 1175 sunt
1724 1150 1922 1186 peccatores
1939 1152 2078 1188 agentes
2095 1158 2177 1189 poe-

1187 1194 1394 1231 nitentiam,
1422 1193 1481 1225 alii
1502 1205 1572 1225 non
1593 1200 1734 1236 agentes
1753 1194 2021 1238 poenitentiam.
2058 1196 2177 1230 Maior

1188 1257 1267 1278 vera
1297 1251 1366 1284 est,
1394 1244 1421 1277 si
1445 1244 1666 1287 intelligatur
1687 1246 1729 1277 de
1754 1257 1826 1278 non
1845 1247 2028 1288 agentibus
2054 1249 2178 1292 poeni-

1188 1296 1350 1329 tentiam:
1386 1296 1443 1328 sed
1471 1295 1555 1328 salsa
1582 1302 1650 1336 est,
1677 1297 1704 1328 si
1731 1296 1952 1339 intelligatur
1976 1299 2018 1330 de
2043 1300 2178 1342 agenti-

1187 1348 1252 1381 bus
1278 1346 1532 1391 poenitentiam
1559 1358 1619 1377 seu
1647 1347 1826 1378 conversis
1853 1348 1895 1379 ad
1924 1347 2059 1389 Deum,
2086 1358 2117 1383 et
2139 1363 2178 1383 ex

1186 1399 1271 1430 salsa
1290 1398 1423 1429 maiore
1440 1396 1600 1440 sequitur
1617 1396 1702 1429 falsa
1729 1397 1922 1432 conclusio.
1980 1397 2120 1433 Deinde
2146 1409 2179 1435 et

1187 1449 1306 1481 minor
1330 1447 1581 1490 distinguenda
1607 1454 1672 1480 est:
1702 1445 1840 1481 Omnes
1865 1445 2029 1482 homines
2054 1451 2090 1484 in
2115 1449 2178 1485 hac

1187 1500 1330 1533 sordida
1357 1506 1483 1532 natura
1509 1505 1589 1531 sunt
1615 1505 1831 1542 peccatores,
1862 1501 1920 1533 scd
1947 1501 2180 1545 dissimiliter,

1187 1552 1246 1584 alii
1272 1557 1353 1584 sunt
1379 1550 1454 1583 sine
1483 1550 1718 1593 poenitentia,
1765 1548 1801 1583 lii
1827 1563 1899 1584 non
1925 1554 2177 1595 exaudiuntur3

1187 1603 1247 1636 alii
1274 1610 1355 1635 sunt
1381 1602 1540 1634 conversi
1559 1603 1599 1634 ad
1616 1600 1743 1635 Deum.
1780 1602 1870 1634 Nam
1891 1610 1923 1635 et
1940 1603 1977 1636 in
2001 1607 2179 1638 conversis

1188 1652 1333 1687 haerent
1354 1651 1468 1685 adhuc
1493 1653 1576 1683 vitia
1602 1662 1659 1684 seu
1687 1652 1785 1695 pravi
1807 1653 1969 1695 affectus,
1996 1666 2055 1689 seu
2078 1657 2178 1689 flam-

1186 1715 1262 1735 mae
1280 1703 1532 1746 cupiditatum,
1560 1702 1689 1747 quibus
1713 1710 1829 1736 tamen
1848 1714 2063 1748 repugnant,
2091 1720 2179 1752 quae

1187 1760 1359 1787 vocantur
1377 1761 1557 1797 praecepta
1579 1753 1753 1794 venialia,
1780 1755 1838 1788 sed
1859 1767 1930 1788 non
1958 1757 2063 1790 simul
2081 1760 2176 1792 adest

1186 1805 1405 1850 propositum
1433 1804 1683 1849 delinquendi,
1719 1812 1750 1838 et
1777 1803 1842 1839 hos
1868 1807 1975 1851 recipi
2002 1820 2019 1840 a
2043 1807 2118 1843 Deo
2145 1818 2175 1844 et

1184 1856 1342 1889 exaudiri
1361 1863 1493 1889 certum
1514 1863 1586 1899 est,
1615 1863 1652 1889 ut
1670 1857 1849 1890 affirmant
1865 1855 1950 1891 llaec
1969 1860 2078 1893 dicta:
2114 1860 2175 1895 Iu-

1183 1908 1318 1942 stisicati
1340 1907 1417 1948 fide,
1445 1919 1564 1951 pacem
1584 1905 1763 1942 habemus.
1804 1907 1909 1942 item:
1939 1909 2083 1952 Quanto
2103 1925 2175 1946 ma-

1182 1961 1232 2002 gis
1257 1966 1355 2003 pater
1377 1958 1535 1992 coelestis
1554 1959 1650 1992 dabit
1666 1958 1840 2003 Spiritum
1868 1968 2026 1994 sanctum
2052 1970 2174 2005 peten-

1184 2012 1277 2044 tibus
1295 2018 1356 2044 etc.
1384 2009 1486 2042 Hanc
1502 2010 1699 2042 doctrinam
1717 2010 1877 2043 solvendi
1898 2024 1958 2055 per
1975 2013 2173 2049 distinctio-

1182 2075 1261 2095 nem
1288 2061 1419 2105 spargit
1443 2060 1652 2094 Aristoteles
1678 2061 1713 2094 in
1735 2062 1862 2095 multas
1888 2063 2060 2106 fallacias,
2089 2079 2173 2111 quas

1181 2114 1228 2146 sic
1245 2113 1394 2152 vocavit,
1423 2112 1503 2157 quia
1521 2124 1666 2145 monere
1684 2113 1809 2154 voluit,
1840 2114 1947 2147 multa
1967 2127 2039 2148 esse
2055 2119 2171 2150 ambi-

1180 2177 1328 2208 guorum
1360 2175 1507 2207 genera,
1543 2165 1609 2196 alia
1637 2171 1718 2198 sunt
1747 2165 1783 2197 in
1808 2177 1877 2198 una
1902 2178 2005 2204 voce,
2040 2167 2106 2200 alia
2134 2169 2170 2201 in

1180 2215 1456 2260 compositione,
1501 2223 1537 2248 ut
1574 2216 1664 2248 infra
1709 2216 1863 2255 dicetur,
1907 2223 1939 2249 et
1974 2218 2168 2261 plurimum

1179 2269 1381 2313 captionum
1406 2266 1521 2300 oritur
1547 2279 1584 2299 ex
1614 2267 1798 2309 ambiguis.

1392 2356 1448 2387 Ex
1476 2364 1548 2387 non
1575 2349 1795 2398 sufficiente
1823 2364 1953 2388 causa.

1276 2421 1387 2466 Saepe
1405 2428 1592 2455 struuntur
1610 2420 1757 2452 insidiae
1776 2424 1954 2464 praetextu
1972 2435 2167 2465 causarum,

1179 2486 1267 2520 quae
1288 2481 1405 2507 tamen
1431 2486 1467 2506 re
1490 2473 1561 2516 ipsa
1588 2483 1657 2504 nou
1686 2478 1768 2504 sunt
1791 2484 1933 2514 causae,
1961 2481 2020 2508 aut
2039 2476 2166 2509 recita-

1179 2526 1275 2560 tione
1302 2536 1484 2557 causarum
1513 2535 1585 2555 non
1612 2522 1882 2565 sufficientium,
1910 2532 1969 2559 aut
1994 2526 2073 2559 ali-is
2090 2539 2167 2560 mo-

1180 2578 1254 2611 dis,
1282 2577 1317 2609 in
1339 2576 1468 2620 quibus
1490 2585 1612 2607 causae
1632 2585 1703 2605 non
1729 2582 1820 2607 recte
1844 2579 2167 2614 accommodantur.

1181 2628 1325 2662 Talium
1349 2626 1552 2670 captionum
1579 2625 1772 2658 solutiones
1794 2626 1881 2660 fiunt
1901 2639 1962 2671 per
1981 2629 2168 2663 inficiatio-

1181 2691 1278 2719 nem,
1311 2684 1368 2710 aut
1395 2676 1671 2710 distinctionem.
1725 2674 1772 2711 Et
1789 2678 1996 2713 Aristoteles
2016 2681 2088 2713 vias
2113 2681 2167 2714 in-

1614 2727 1661 2761 46
