2379 2948
139 91 213 127 985
447 89 509 125 Vl.

237 175 428 221 Postquam
454 173 539 210 haec
562 174 728 210 historica
753 178 797 210 de
821 177 928 211 totius
945 174 1123 210 Ecclesiae

134 227 312 266 doctriua,
349 227 530 271 periculis,
568 228 840 261 liberationibus
870 235 903 262 et
935 228 977 260 de
1009 228 1122 261 causis

132 291 328 324 poenarum
344 286 376 313 et
394 279 643 312 liberationum
663 279 973 319 consideravimus,
992 279 1121 312 deinde

131 331 328 364 videndum
346 337 413 370 est,
441 330 503 374 qui
518 329 587 362 sint
603 329 757 372 insignes
777 337 808 363 et
831 330 965 373 proprii
990 330 1058 362 loci
1084 330 1120 363 in

131 382 291 426 quolibet
310 379 496 425 Propheta.
540 379 586 412 Hi
608 387 677 413 tres
697 380 765 413 loci
792 381 948 424 insignes
975 387 1057 414 sunt
1082 381 1120 414 in

131 432 185 466 Ha
213 444 309 476 gaeo.
808 471 811 473 ,

188 444 210 477 g
233 483 392 524 Primus,
429 480 562 516 Concio
598 482 641 514 de
676 481 830 515 iuvanda
868 483 1120 524 aedificatione,

130 535 193 569 ubi
210 535 371 568 adfirmat
388 532 502 566 Deum
519 533 724 566 benefacere
743 530 817 574 his,
847 534 907 578 qui
927 534 985 578 pio
1002 535 1119 568 studio

129 586 255 620 iuvant
273 592 305 618 et
321 592 464 619 tuentur
487 583 725 617 ministerium
744 582 949 628 Evangelii,
978 593 1011 620 et
1037 593 1119 619 sunt

129 637 277 671 benefici
301 647 379 678 erga
404 635 479 678 pios
501 636 662 668 doctores
693 643 726 669 et
758 635 918 669 Pastores
943 635 1119 670 Ecclesia-

129 701 226 729 rum,
260 693 469 720 conservant
491 684 628 719 scholas
659 694 691 719 et
722 689 953 721 necessariam
986 689 1119 722 doctri-

129 752 211 773 nam
232 737 417 782 propagari
439 744 575 772 curant.
630 736 725 770 Haec
747 739 869 771 concio
896 739 1048 783 pertinet
1075 740 1117 772 ad

127 791 260 824 dictum
277 789 340 820 filii
365 787 448 821 Dei:
478 788 515 821 Si
540 788 619 833 quis
643 789 778 822 dederit
797 791 850 822 vel
869 797 990 833 potum
1008 802 1119 834 aquae

125 840 189 875 uni
206 852 246 873 ex
263 840 419 872 minimis
437 852 595 872 meorum
614 841 977 884 propterdoctrinam,
1002 840 1117 875 Amen

125 891 206 926 dico
231 891 353 930 vobis,
387 892 582 923 mercedem
607 888 760 925 habebit.
815 891 866 926 Ita
891 891 986 925 Deus
1010 894 1118 925 bene-

123 942 206 976 fecit
235 942 363 975 viduae
386 940 601 986 Sareptanae
627 955 716 987 quae
733 942 848 976 Eliam
878 941 1032 987 hospitio
1059 956 1116 976 ex-

124 993 235 1037 cepit,
264 1000 298 1026 et
322 992 542 1026 Suuaiuitidi
568 991 726 1038 hospitae
751 992 894 1028 Elisaei.
954 994 1003 1028 lta
1023 994 1117 1028 lere-

122 1045 211 1078 mias
231 1044 406 1089 promittit
424 1044 703 1077 incolumitatem
727 1057 790 1078 suo
808 1046 919 1078 amico
939 1044 1117 1079 Abdeme-

122 1093 213 1129 lech.
263 1095 315 1129 Ita
332 1102 453 1129 nostro
475 1101 633 1141 tempore
651 1095 748 1138 pium
767 1096 963 1140 principem
982 1095 1115 1129 Ducem

122 1146 299 1181 Saxoniae
323 1143 520 1179 Iohannem
544 1145 767 1179 Fridericum
792 1148 944 1180 servavit
976 1147 1116 1179 incolu-

121 1209 214 1230 mem
234 1197 271 1229 in
295 1198 367 1229 acie
395 1204 428 1230 et
456 1197 492 1229 in
517 1197 739 1241 captivitate,
767 1205 800 1231 et
818 1205 938 1242 postea
964 1198 1116 1232 restituit

122 1260 206 1282 suae
222 1248 362 1291 coniugi
383 1254 415 1280 et
440 1248 532 1283 filiis.

224 1298 326 1331 Hanc
343 1298 551 1331 concionem
578 1311 680 1332 nosse
706 1299 875 1343 populum
901 1300 1003 1332 valde
1028 1300 1116 1333 utile

119 1356 190 1391 est,
216 1356 256 1383 ut
272 1349 381 1382 animi
402 1349 588 1383 flectantur
611 1351 654 1382 ad
673 1351 846 1383 tuendum
867 1351 1116 1391 ministerium,

120 1407 153 1434 et
178 1401 222 1434 ad
246 1400 400 1433 iuvanda
423 1400 639 1434 necessariae
657 1401 840 1433 doctrinae
856 1401 984 1436 studia.
1038 1400 1114 1434 Etsi

119 1458 237 1486 autem
254 1451 367 1484 videri
388 1457 501 1495 potest
520 1449 605 1484 haec
632 1451 908 1485 accommodatio
933 1452 1114 1485 concionis

119 1503 159 1535 in
184 1500 251 1535 hoc
266 1499 463 1545 Propheta,
491 1503 534 1535 ad
552 1509 688 1535 nostras
709 1501 884 1535 Ecclesias
909 1510 941 1536 et
966 1501 1114 1544 scholas,

120 1553 269 1593 rustica,
296 1560 329 1586 et
354 1552 503 1598 requirit
528 1553 657 1598 aliquis
682 1554 872 1586 sublimem
897 1555 1113 1598 allegoriam,

119 1612 238 1640 tamen
258 1601 343 1637 haec
369 1604 487 1637 nativa
507 1601 706 1647 Prophetae
725 1605 899 1638 sententia
924 1612 993 1646 est,
1021 1613 1053 1640 et
1070 1607 1112 1639 de

119 1667 157 1690 re
175 1654 326 1689 maxima
345 1655 587 1690 concionatur.
640 1653 703 1689 Est
727 1656 820 1688 enim
839 1656 1033 1690 necessaria
1058 1669 1113 1690 res

118 1706 340 1741 conservatio
377 1705 567 1740 ministerii
602 1713 636 1739 et
672 1707 890 1750 studiorum,
926 1714 957 1741 et
995 1715 1111 1741 tamen

118 1757 241 1803 paucis
262 1769 366 1790 curae
390 1764 459 1797 est,
487 1757 548 1789 alii
574 1757 724 1801 superbe
749 1764 783 1791 et
808 1759 1007 1792 centaurice
1025 1772 1112 1792 con-

118 1815 295 1848 temnunt,
323 1815 384 1842 aut
401 1809 505 1841 etiam
523 1809 677 1842 oderunt
693 1815 724 1841 et
742 1809 977 1842 ministerium
989 1809 1110 1843 Evan-

118 1860 201 1904 gelii
217 1866 248 1893 et
268 1860 383 1892 studia
403 1859 606 1897 doctrinae,
635 1860 672 1892 in
691 1859 769 1893 aliis
788 1861 951 1899 avaricia,
979 1861 1016 1894 in
1032 1862 1110 1895 aliis

117 1910 279 1956 profusio
306 1910 342 1942 in
371 1911 564 1944 domestico
592 1911 677 1944 luxu
703 1911 851 1955 impedit
876 1909 965 1945 hanc
989 1924 1110 1946 neces-

118 1962 245 1996 sariam
272 1961 552 1997 beneficentiam.
612 1961 677 1996 His
709 1962 804 1995 vitiis
843 1975 931 2007 quae
963 1964 1107 2008 quidem

118 2025 191 2046 non
216 2019 299 2046 sunt
323 2024 402 2047 rara
426 2025 489 2046 nee
514 2014 681 2057 obscura,
715 2026 796 2046 vere
820 2021 853 2047 et
888 2011 1109 2048 horribiliter

118 2063 281 2097 irascitur
304 2062 411 2099 Deus.
465 2063 535 2098 Sed
557 2077 634 2098 rara
659 2071 692 2098 et
720 2065 892 2097 excellens
918 2066 1029 2099 virtus
1059 2073 1107 2099 est

119 2115 349 2148 beneficentia
374 2115 412 2148 in
439 2113 506 2149 hoc
522 2127 660 2159 genere.
713 2113 760 2149 Et
784 2128 907 2159 magna
936 2117 1106 2160 sapientia

119 2172 154 2199 et
186 2165 296 2209 gloria
331 2174 399 2206 est,
434 2167 632 2211 intelligere
659 2174 693 2201 et
716 2165 846 2200 habere
872 2167 1039 2208 virtutes,
1067 2181 1106 2201 ex

119 2217 249 2262 quibus
264 2216 323 2249 illa
341 2217 464 2252 oritur.
521 2218 567 2253 Ut
584 2219 621 2251 in
637 2216 889 2253 Abdemelech.
944 2218 1106 2252 Primum

119 2269 155 2301 in
173 2280 213 2301 eo
232 2267 316 2300 fides
333 2268 443 2307 lucet,
471 2281 559 2314 quae
579 2270 776 2303 doctrinam
796 2269 964 2303 Ieremiae
985 2272 1106 2305 statuit

117 2331 237 2353 veram
257 2330 347 2357 esse,
372 2325 404 2352 et
420 2319 581 2354 dissentit
599 2321 643 2354 ab
668 2319 863 2366 hypocritis
887 2322 1107 2356 adversanti-

117 2371 203 2409 bUS,
238 2370 369 2403 deinde
401 2383 480 2403 cum
510 2371 668 2406 defendit
701 2371 904 2413 Ieremiam‚
949 2374 1106 2407 ostendit

116 2422 385 2456 confessionem.
438 2420 553 2455 Simul
578 2423 684 2457 etiam
716 2424 753 2456 in
778 2436 817 2457 eo
844 2424 1015 2458 fortitudo
1043 2432 1105 2465 est,

117 2479 150 2507 et
178 2472 306 2507 fiducia
333 2472 454 2505 auxilii
487 2472 619 2511 divini,
656 2475 719 2508 scit
745 2487 880 2518 regem,
915 2476 1103 2520 principes,

118 2525 313 2558 sacerdotes
338 2524 427 2556 velle
449 2523 603 2566 extingui
621 2523 823 2568 Ieremiam‚
851 2536 882 2560 et
900 2538 934 2560 se
955 2527 992 2560 in
1011 2527 1104 2571 peri-

118 2576 197 2609 culo
212 2577 305 2614 sore,
334 2575 363 2608 si
379 2575 410 2608 ei
429 2587 529 2618 opem
548 2575 646 2609 ferat.
699 2575 769 2609 Sed
792 2575 859 2611 hoc
878 2578 1036 2622 periculo
1059 2580 1104 2613 ab

117 2626 180 2660 illo
205 2626 419 2660 neccessario
445 2626 560 2659 officio
584 2638 657 2659 non
674 2627 881 2663 deterretur.
935 2627 1104 2674 Expectat

565 89 935 127 ARGUMENTUM
959 89 1261 126 CONCIONUM
1289 89 1593 128 PROPHETAE
1620 91 1862 131 HAGGAEI.
2095 96 2169 130 986

1176 188 1274 210 suam
1291 177 1535 212 fortitudinem
1545 177 1721 215 Ecclesiae
1736 181 1957 225 profuturam
1974 192 2057 216 esse.
2100 180 2166 216 His

1176 227 1307 260 divinis
1326 229 1480 263 motibus
1497 233 1620 265 ardere
1638 240 1776 276 pectora
1789 257 1798 271 ‚
1827 239 1860 266 et
1884 233 2001 266 vivere
2026 233 2063 265 in
2078 230 2165 273 Deo,

1176 279 1280 321 longe
1306 279 1419 312 maius
1449 282 1583 314 bonum
1615 289 1682 322 est,
1713 296 1818 329 quam
1844 284 2022 317 somniare
2054 284 2165 316 bellas

1174 329 1373 372 allegorias.
1436 330 1519 365 ldeo
1551 329 1616 366 hac
1641 335 1830 374 sententia,
1867 347 1971 380 quam
2007 334 2164 373 recitavi,

1175 392 1378 426 quanquam
1405 383 1536 416 rustica
1559 384 1719 426 videtur,
1747 393 1934 420 contentus
1956 397 2045 419 snm.
2099 383 2166 418 At-

1174 444 1242 475 que
1266 432 1401 465 utinam
1428 430 1520 467 hanc
1540 435 1805 469 beneficentiam
1825 437 1927 471 multi
1945 443 2104 470 amarent
2132 442 2166 470 et

1175 489 1400 527 praestarent.

1277 558 1461 593 Secundus
1484 560 1581 593 locus
1606 567 1656 595 est
1680 563 1803 596 concio
1829 564 1871 596 de
1895 565 2050 597 adventu
2066 563 2164 597 Mes-

1175 611 1255 644 siae.
1309 608 1439 644 Adhuc
1454 612 1560 644 semel
1579 619 1609 645 et
1630 615 1860 647 commovebo
1881 615 2016 648 coelum
2043 622 2075 648 et
2094 622 2165 648 ter-

1174 674 1268 701 ram,
1296 669 1329 696 et
1357 662 1474 695 veniet
1492 662 1710 697 desideratus
1736 665 1912 707 gentibus.
1966 665 2078 698 Totus
2106 663 2164 698 hic

1174 714 1262 746 ordo
1286 720 1433 747 naturae
1450 714 1613 748 conditus
1630 721 1679 748 est
1697 727 1714 748 a
1731 715 1822 754 Deo,
1851 723 1891 749 ut
1908 722 2052 749 testetur
2069 713 2165 749 hunc

1173 765 1347 797 mundum
1365 777 1438 797 non
1457 777 1538 798 casu
1558 777 1597 798 ex
1615 766 1739 799 atomis
1757 766 1985 807 confluxisse,
2012 767 2070 799 sed
2086 778 2166 799 vere

1174 822 1326 848 mentem
1346 813 1672 852 architectatricem.
1727 817 1851 851 Postea
1876 830 1959 851 vero
1984 816 2080 851 Deus
2101 818 2165 850 ad-

1173 867 1225 901 dit
1252 867 1364 900 multa
1388 878 1495 910 opera
1513 874 1607 901 extra
1627 866 1722 902 hunc
1738 869 1919 907 ordinem,
1947 875 1986 902 ut
2003 869 2165 902 ostendat

1173 929 1208 950 se
1232 918 1337 950 aliam
1362 918 1547 952 essentiam
1564 931 1655 961 esse,
1684 932 1701 952 a
1727 921 1832 953 rebus
1851 920 2020 960 conditis,
2046 926 2078 952 et
2102 931 2165 963 po-

1173 969 1361 1003 tentiorem
1388 981 1424 1003 se
1446 981 1536 1010 esse,
1570 983 1609 1003 ac
1636 983 1736 1015 posse
1760 979 1854 1005 extra
1881 969 1976 1005 hunc
2000 971 2162 1004 ordinem

1172 1032 1311 1053 servare
1328 1027 1361 1054 et
1379 1021 1562 1054 restituere
1577 1019 1758 1064 homines,
1786 1030 1825 1056 ut
1841 1022 2029 1068 aliquoties
2054 1034 2164 1054 revo-

1172 1071 1263 1105 cavit
1286 1069 1449 1105 homiues
1475 1080 1550 1115 post
1575 1081 1723 1107 mortem
1750 1074 1787 1106 in
1808 1071 1899 1107 hanc
1917 1074 2038 1107 vitam.
2092 1072 2164 1108 Sed

1172 1123 1291 1155 omnia
1315 1123 1483 1156 miracula
1510 1131 1651 1167 superat
1674 1125 1852 1170 copulatio
1876 1125 2019 1157 divinae
2043 1131 2076 1158 et
2094 1121 2163 1157 hu-

1171 1185 1295 1206 manae
1313 1179 1459 1206 naturae
1477 1174 1512 1206 in
1531 1173 1686 1210 Christo.
1741 1175 1823 1209 Ideo
1841 1176 1976 1221 iuquit:
2005 1174 2162 1208 Movebo

1171 1224 1320 1265 coelum,
1347 1225 1523 1265 videlicet,
1552 1227 1633 1271 quia
1654 1226 1766 1260 Filius
1784 1228 1851 1261 Dei
1870 1233 2020 1260 assumet
2036 1224 2163 1259 huma-

1171 1286 1253 1308 nam
1272 1281 1456 1317 naturam,
1484 1283 1515 1309 et
1535 1279 1684 1311 movebo
1705 1286 1855 1316 terram,
1883 1276 2039 1311 humana
2058 1284 2162 1311 natu-

1170 1338 1206 1359 ra
1225 1326 1450 1370 copulabitur
1466 1327 1628 1368 divinae,
1655 1335 1687 1361 et
1704 1327 1761 1360 bic
1778 1328 1871 1361 filius
1888 1340 1927 1360 ex
1945 1328 2080 1369 virgine
2098 1340 2162 1361 na-

1171 1384 1308 1417 scetur,
1335 1383 1367 1410 et
1386 1377 1528 1419 colliget
1545 1384 1723 1411 aeternam
1741 1376 1947 1412 Ecclesiam.
1988 1377 2057 1411 Hic
2075 1391 2162 1412 con—

1168 1427 1383 1466 sideremus,
1411 1440 1516 1473 quam
1537 1428 1636 1462 Deus
1663 1430 1842 1471 concedit,
1871 1437 1904 1464 et
1933 1430 2012 1474 quis
2035 1429 2079 1463 sit
2105 1427 2163 1463 hic

1168 1477 1283 1519 filius,
1311 1484 1344 1511 et
1372 1491 1462 1523 quae
1479 1479 1612 1513 fuerint
1631 1492 1754 1514 causae
1779 1479 1885 1514 huius
1908 1481 2061 1514 mirandi
2086 1481 2162 1514 foe-

1168 1529 1272 1563 deris.
1324 1528 1520 1563 Hominem
1546 1532 1720 1565 sustinere
1744 1544 1895 1576 poenam
1930 1532 2160 1575 congruebat,

1169 1587 1202 1615 et
1225 1587 1264 1614 ut
1288 1587 1375 1614 esset
1399 1582 1554 1625 precium
1587 1583 1835 1628 aequivalens,
1867 1596 1905 1617 ac
1938 1591 1975 1617 ut
2005 1584 2162 1631 perferre

1167 1629 1258 1665 hanc
1286 1643 1434 1675 poenam
1462 1639 1596 1676 posset,
1632 1641 1663 1667 et
1688 1635 1827 1668 vincere
1853 1641 2022 1675 mortem,
2058 1635 2161 1669 resti-

1167 1689 1264 1716 tuere
1280 1683 1385 1716 nobis
1402 1684 1509 1716 vitam
1528 1690 1560 1717 et
1577 1685 1741 1728 colligere
1758 1692 1936 1719 aeternam
1952 1684 2158 1727 Ecclesiam,

1167 1732 1223 1767 hic
1241 1740 1406 1767 aeternus
1423 1733 1547 1774 Filius,
1567 1737 1628 1780 qui
1644 1738 1851 1780 deprecator
1868 1744 1939 1770 erat
1964 1748 2026 1780 pro
2044 1736 2159 1775 nobis,

1167 1783 1359 1818 humanam
1391 1793 1555 1819 naturam
1583 1788 1757 1823 assumsit.
1819 1786 1897 1822 Etsi
1932 1785 1998 1820 hae
2032 1799 2156 1821 causae

1166 1837 1305 1880 penitus
1329 1837 1479 1881 perspici
1505 1850 1579 1870 non
1606 1847 1769 1882 possunt,
1797 1847 1830 1873 et
1857 1840 1892 1872 in
1922 1840 1979 1872 illa
2004 1839 2158 1871 aeterni-

1165 1894 1234 1921 tate
1255 1888 1400 1932 propius
1427 1888 1660 1931 aspicientur,
1695 1897 1812 1923 tamen
1836 1888 1944 1924 huius
1968 1889 2158 1933 sapientiae

1164 1938 1264 1971 initia
1287 1939 1325 1971 in
1349 1936 1413 1972 hac
1429 1939 1499 1971 vita
1526 1940 1671 1981 cogitari
1689 1953 1827 1975 necesse
1845 1949 1913 1981 est,
1942 1948 1981 1974 ut
1999 1940 2156 1974 admira-

1165 1990 1213 2023 tio
1241 1995 1273 2023 et
1295 1989 1508 2023 desiderium
1529 1991 1672 2024 divinae
1697 1993 1964 2026 consuetudinis
1987 1992 2158 2025 accenda-

1163 2048 1237 2081 tur,
1273 2048 1306 2074 et
1340 2047 1379 2075 ut
1412 2041 1502 2084 grati
1538 2039 1623 2076 haec
1658 2043 1829 2078 immensa
1864 2043 2033 2078 beneficia
2067 2043 2156 2076 cele-

1164 2092 1317 2127 bremuS.

1265 2167 1408 2202 Tertius
1425 2170 1523 2203 locus
1549 2178 1596 2204 est
1622 2171 1665 2204 de
1690 2179 1848 2216 tempore
1866 2173 2038 2204 adventus
2056 2169 2154 2205 Mes-

1162 2220 1242 2254 siae.
1295 2218 1391 2253 Deus
1407 2220 1558 2254 affirmat
1578 2234 1614 2255 se
1635 2220 1702 2256 hoc
1726 2223 1894 2267 templum
1920 2222 2053 2255 maiore
2076 2222 2154 2264 glo-

1160 2273 1211 2305 ria
1244 2279 1453 2305 ornaturum
1491 2284 1585 2314 esse,
1635 2286 1739 2318 quam
1778 2281 1909 2318 quanta
1950 2273 2017 2307 fuit
2055 2273 2153 2317 prio-

1160 2323 1208 2356 ris
1240 2323 1362 2367 templi
1399 2323 1525 2366 gloria:
1579 2325 1804 2357 manifestum
1831 2331 1880 2358 est
1903 2330 2040 2362 autem,
2078 2336 2153 2358 non

1159 2374 1229 2407 dici
1256 2375 1299 2407 de
1324 2375 1524 2418 opulentia,
1552 2382 1585 2408 et
1605 2376 1648 2408 de
1671 2375 1784 2408 aureis
1801 2387 1840 2408 ac
1854 2375 2027 2418 argenteis
2044 2387 2152 2408 orna-

1160 2426 1299 2459 mentis.
1359 2425 1456 2459 Haec
1488 2432 1588 2459 antea
1624 2426 1867 2472 splendidiora
1892 2427 2055 2460 fuerunt:
2091 2428 2151 2460 sed

1160 2475 1251 2510 hanc
1283 2477 1460 2517 nominat,
1504 2477 1599 2520 quod
1628 2475 1775 2510 Blessias
1806 2477 1844 2510 in
1875 2475 1942 2511 hoc
1976 2477 2150 2521 templum

1159 2535 1331 2562 venturus
1357 2534 1463 2567 esset,
1492 2526 1543 2559 ibi
1568 2539 1603 2559 se
1628 2534 1833 2562 ostensurus
1855 2528 1989 2577 populo
2016 2535 2049 2562 et
2075 2529 2151 2562 edi-

1158 2586 1259 2614 turus
1294 2590 1414 2611 vocem
1441 2577 1647 2621 Evangelii,
1684 2586 1717 2612 et
1751 2580 1970 2619 testimonia,
2004 2586 2044 2613 ut
2069 2592 2150 2613 cum

1157 2642 1196 2663 ex
1221 2629 1353 2672 templo
1377 2629 1638 2662 nummularios
1661 2630 1780 2672 eiicit‚
1817 2638 1848 2665 et
1877 2631 1961 2665 facit
1986 2630 2054 2664 alia
2082 2631 2150 2663 mi-

118 2677 222 2712 etiam
238 2676 341 2712 aDeo
357 2677 528 2711 auxilium
545 2683 579 2711 et
595 2678 852 2719 defensionem,
881 2686 914 2714 et
931 2680 995 2714 scit
1012 2678 1104 2715 hauc
1126 2686 1130 2718 l
1156 2682 1267 2716 randa
1290 2680 1378 2714 facta
1392 2707 1401 2722 ‚
1434 2686 1468 2715 et
1491 2679 1529 2713 in
1555 2681 1703 2726 septimo
1729 2682 1841 2728 capite
1868 2681 2039 2717 Iohannis
2066 2681 2151 2716 scri-
