2379 2948
249 104 344 141 1075

249 187 370 234 nysius
393 193 564 232 tyrannus
587 190 706 228 pater,
730 189 763 216 et
779 181 957 228 Tyberius
981 189 1014 217 et
1037 183 1141 216 multi
1159 193 1234 216 sce-

249 238 350 273 lerati
381 237 417 269 in
452 235 586 278 magnis
619 233 859 277 voluptatibus
891 233 1070 274 vixerunt,
1105 240 1137 266 et
1163 233 1237 266 sine

251 288 419 323 violentia
444 285 574 319 mortui
597 291 690 318 sunt.
752 284 844 317 Cum
869 284 975 327 igitur
998 296 1061 317 nec
1084 283 1238 328 praemia

251 340 327 373 dari
346 337 464 374 iustis,
492 348 555 369 nec
572 347 703 379 poenae
721 341 858 369 tantum
876 335 1024 368 iniustos
1041 335 1240 378 opprimere

253 391 458 427 videantur,
491 387 550 420 sed
584 386 716 430 pariter
747 386 865 429 vagari
892 397 1020 429 poenas
1045 397 1106 429 per
1130 385 1240 417 malos

254 447 287 474 et
317 441 429 472 bonos
458 439 640 481 adpareat,
675 448 773 469 caeca
804 438 893 469 ratio
928 434 1114 469 hominum
1146 435 1241 468 tollit

253 488 533 535 providentiam,
561 495 593 520 et
620 494 774 520 removet
791 487 905 520 Deum
930 499 948 520 a
975 486 1241 530 gubernatione,
1267 495 1269 505 ¹
1294 494 1375 538 gem
1401 495 1572 529 doctrina·

1268 574 1269 582 ,
1295 552 1367 583 est,
1397 551 1574 588 peccatum
1600 547 1694 590 quod
1719 546 1755 578 in
1778 543 1843 578 hac
1863 546 2112 589 depravatione
2133 552 2279 579 naturae

255 540 468 583 imaginatur
501 550 581 571 casu
619 538 738 571 omnia
770 538 872 578 ferri,
919 538 1031 581 pingit
1062 537 1241 570 fortunam

256 603 411 630 caecam,
444 590 598 634 denique
622 587 820 622 horrendos
842 589 979 621 furores
1005 588 1177 628 cumulat,
1206 593 1243 620 ut

256 642 451 675 multorum
470 640 725 683 Epicureorum
751 651 927 672 sermones
950 639 1108 683 quotidie
1125 645 1241 671 osten-

257 693 358 726 dunh

258 749 389 776 nantur
416 741 533 785 impii:
562 752 641 774 cum
668 741 751 774 iusti
777 751 877 784 saepe
904 747 1045 783 propter
1068 739 1242 772 iusticiam

259 800 408 836 augeant
432 791 498 824 sibi
524 791 698 831 miserias,
725 802 812 835 quae
835 791 987 823 stulticia
1010 796 1060 823 est
1084 797 1174 822 recte
1193 790 1244 822 fa-

260 843 359 877 cere?

261 901 328 933 sta,
361 890 541 931 Christus,
575 891 724 929 Paulus,
759 899 792 924 et
816 891 965 930 similes,
993 904 1071 923 cum
1096 891 1164 923 sibi
1187 902 1245 923 ac-

261 949 400 977 cersunt
432 942 586 985 pericula
618 949 710 975 recte
741 942 910 974 docendo.
980 940 1119 975 Diceret
1151 941 1244 974 enim

261 1005 321 1027 eos
348 993 489 1026 suavius
513 992 666 1025 victuros
690 1004 781 1032 esse,
816 993 843 1026 si
867 999 1038 1030 tacerent,
1075 1000 1106 1026 et
1129 993 1245 1036 potius

260 1045 422 1077 foverent
452 1055 528 1091 eum
553 1051 700 1083 statum,
733 1055 802 1087 quo
828 1043 1093 1077 delectabantur
1116 1043 1244 1087 princi-

261 1106 342 1139 pes,
369 1100 408 1127 ut
425 1094 571 1127 faciebat
589 1093 699 1128 Solon
716 1105 788 1126 non
805 1106 987 1137 opponens
1003 1106 1038 1126 se
1054 1093 1246 1133 Pisistrato,

261 1152 321 1178 aut
345 1144 575 1184 Hortensius,
599 1144 770 1177 Lucullus
795 1151 828 1177 et
849 1145 929 1185 alii,
958 1157 1031 1177 non
1056 1146 1246 1177 adversan-

262 1202 311 1229 tes
328 1195 446 1241 Syllae
459 1222 468 1235 ,
496 1206 697 1239 quanquam
715 1195 797 1228 satis
812 1196 1001 1229 crudeliter
1018 1195 1229 1228 dominanti.

364 1270 453 1305 Cum
478 1278 593 1304 autem
619 1283 757 1314 semper
779 1272 881 1305 multi
905 1267 1068 1304 homines
1086 1271 1249 1304 deficiant

263 1334 282 1355 a
298 1321 372 1355 Deo
389 1328 572 1365 propterea
593 1322 688 1366 quod
706 1322 828 1355 vident
843 1322 952 1356 iustos
967 1322 1104 1356 duriter
1120 1322 1247 1366 premi:

263 1371 321 1405 hic
343 1372 502 1405 Psalmus
535 1372 731 1407 doctrinam
761 1373 888 1413 tradit,
926 1373 964 1405 in
995 1384 1064 1417 qua
1093 1373 1247 1416 primum

264 1423 433 1466 praecipit
457 1429 495 1455 ut
510 1421 585 1454 Deo
608 1422 828 1460 obediamus,
856 1435 919 1455 nec
944 1422 1069 1455 offensi
1094 1423 1154 1455 illa
1171 1434 1248 1466 spe-

265 1473 335 1512 cie,
363 1474 456 1517 quod
477 1472 636 1505 miseriae
653 1472 721 1506 sint
738 1485 959 1514 communes,
985 1473 1197 1507 deficiamus.

367 1547 505 1582 Deinde
522 1549 620 1581 addit
637 1549 927 1587 consolationem,
954 1549 990 1581 in
1008 1561 1074 1593 qua
1092 1555 1141 1582 est
1159 1561 1249 1581 asse-

266 1599 399 1633 veratio
432 1600 474 1631 de
505 1599 736 1642 providentia.
804 1597 978 1632 Adfirmat
1011 1605 1102 1631 certe
1132 1600 1248 1632 Deum

267 1662 388 1683 curare
411 1647 623 1689 Ecclesiam,
658 1656 690 1682 et
715 1649 840 1692 punire
860 1649 997 1692 impios.
1053 1647 1099 1681 Et
1122 1647 1189 1682 hoc
1214 1650 1249 1683 fit

266 1700 474 1744 dupliciter,
507 1700 542 1733 id
574 1707 642 1739 est,
673 1706 747 1732 tum
782 1700 817 1732 in
850 1697 916 1733 hac
944 1700 1032 1739 vita,
1067 1707 1142 1732 tum
1172 1707 1250 1744 post

267 1748 357 1783 hanc
379 1751 498 1783 vitam.
550 1750 725 1793 Regulare
748 1757 798 1783 est
817 1751 982 1784 atrociter
1000 1750 1171 1783 violantes
1187 1763 1249 1794 po·-

267 1802 399 1834 liticam
425 1801 618 1839 iusticiam,
653 1801 825 1834 divinitus
849 1802 924 1844 rapi
948 1802 991 1834 ad
1018 1802 1188 1844 supplicia
1214 1802 1249 1833 in

267 1849 332 1885 hac
361 1852 449 1891 vita,
484 1859 522 1885 ut
553 1852 600 1884 ait
633 1849 811 1884 Christus:
850 1851 1064 1896 Quicunque
1093 1852 1250 1894 gladium

268 1902 457 1946 acceperit,
492 1901 608 1944 gladio
631 1902 778 1945 peribit,
812 1909 851 1936 ut
873 1901 980 1942 Cain,
1012 1901 1113 1942 Saul,
1138 1909 1170 1936 et
1195 1903 1250 1935 in-

269 1952 507 1985 numerabiles
537 1952 679 1997 tyranni
708 1959 741 1986 et
768 1949 964 1985 homicidae
990 1953 1191 1996 plectuntur
1214 1959 1249 1986 in

269 2000 334 2036 hac
352 2003 433 2037 vita.
489 2001 538 2035 lta
555 2003 712 2045 regulare
727 2009 777 2035 est
792 2001 1013 2046 blasphemos
1029 2010 1148 2036 contra
1166 2017 1250 2037 con-

270 2053 452 2086 scientiam
484 2059 643 2095 agentes,
677 2053 837 2096 periuros
866 2060 899 2087 et
927 2055 1079 2097 pollutos
1110 2055 1250 2088 incestis

269 2103 481 2136 libidinibus
505 2103 542 2135 in
562 2101 625 2136 hac
644 2103 713 2137 vita
728 2104 870 2146 puniri,
896 2111 934 2137 ut
952 2104 1124 2146 Sodoma,
1152 2104 1249 2138 Tbe—

268 2155 350 2194 bae,
378 2151 558 2193 Athenae,
585 2162 618 2188 et
642 2154 772 2187 multae
793 2161 886 2187 totae
908 2162 1024 2197 gentes
1048 2164 1188 2200 propter
1207 2157 1250 2188 li-

269 2205 409 2237 bidines
432 2205 562 2237 deletae
586 2211 678 2238 sunt.
732 2203 825 2237 Haec
846 2205 965 2248 regula
985 2218 1064 2239 vera
1079 2215 1110 2240 et
1127 2207 1251 2239 sormi-

270 2256 385 2288 danda
405 2261 472 2293 est,
501 2255 635 2288 etiamsi
653 2255 787 2299 aliquid
804 2255 982 2289 interdum
998 2264 1133 2300 praeter
1149 2269 1250 2300 regu—

270 2306 339 2338 lam
367 2305 420 2338 fn:
456 2312 494 2338 ut
524 2306 659 2339 etiamsi
692 2303 817 2350 hyeme
842 2306 1020 2339 interdum
1043 2308 1153 2351 aliqui
1177 2308 1250 2341 dies

270 2355 374 2388 calidi
398 2363 479 2389 sunt
503 2356 633 2388 similes
650 2356 806 2396 aestivis,
834 2364 950 2390 tamen
968 2358 1085 2400 regula
1105 2370 1184 2391 vera
1202 2366 1250 2392 est

269 2403 429 2450 hyemem
445 2406 610 2452 frigidam
627 2418 711 2440 esse.
754 2406 805 2440 De
822 2408 951 2441 iudicio
970 2421 1050 2441 vero
1069 2416 1144 2452 post
1161 2407 1251 2442 hanc

269 2456 375 2488 vitam
394 2463 498 2490 notae
513 2464 593 2490 sunt
609 2469 786 2500 expressae
802 2458 1000 2499 conciones,
1028 2457 1151 2493 Esaiae
1167 2460 1250 2492 ulti-

270 2517 328 2537 mo
354 2514 385 2539 et
401 2505 570 2540 Matthaei
597 2508 759 2541 vicesimo
785 2509 930 2553 quinto,
958 2517 990 2543 et
1014 2510 1107 2545 alibi.
1161 2508 1249 2543 Cum

271 2555 378 2597 igitur
401 2558 629 2591 certissimum
653 2559 713 2599 sit,
740 2559 854 2592 Deum
880 2560 1005 2602 punire
1023 2572 1250 2603 perseveran—

269 2613 318 2639 tes
350 2606 386 2638 in
416 2606 610 2650 impietate,
643 2610 828 2642 execrandi
861 2617 940 2643 sunt
971 2609 1156 2654 Epicurei,
1190 2612 1250 2656 qui

266 2656 397 2690 tollunt
409 2657 676 2700 providentiam,
702 2667 734 2694 et
747 2668 883 2695 nostrae
894 2667 1026 2694 mentes
1040 2662 1252 2695 confirman-

834 99 960 136 PHIL.
988 98 1103 135 MEL.
1130 99 1337 135 SCRIPTA
1364 97 1666 136 EXEGEthA.

416 690 567 725 Refflffla
593 702 675 723 vem
702 689 923 734 Pl'OVidelstia
947 689 1075 721 deinde
1100 689 1242 722 ΥἎῙῙΟΕῙ·
1269 700 1271 719 ²
1296 697 1487 730 mundities
1511 697 1547 729 in
1570 696 1692 734 nobis,
1720 698 1904 736 securitas,
1933 698 2103 740 neglectio
2124 696 2210 738 Dei,
2238 697 2280 730 fi-

411 841 586 884 Epicureo
611 842 710 875 stulti
729 841 893 874 videntur
913 840 1095 881 Ieremias,
1121 840 1243 884 Bapti-
1270 842 1273 868 ἶ

2175 100 2273 135 1076

1290 182 1355 215 dae
1385 189 1484 222 sunt,
1519 189 1558 217 ut
1583 182 1694 216 sciant
1717 180 1832 216 Deum
1856 194 1937 216 vere
1959 195 2080 218 curare
2106 184 2275 227 humana,

1291 240 1323 266 et
1341 239 1379 266 ut
1397 239 1489 266 recte
1506 233 1687 266 faciamus.

1393 291 1462 325 Sed
1486 303 1607 325 rursus
1632 291 1769 336 quaerit
1793 289 1949 325 humana
1972 292 2078 325 ratio:
2108 305 2170 327 cur
2192 295 2275 329 iusti

1292 349 1362 376 tam
1385 350 1468 376 sunt
1491 343 1718 376 aerumnosi?
1750 349 1789 376 ut
1813 341 1922 383 Abel,
1956 342 2138 385 Ieremias,
2172 342 2276 378 Chri-

1292 393 1388 426 stus?
1448 392 1544 426 Haec
1570 400 1619 427 est
1643 405 1766 426 arcana
1790 393 1960 437 sapientia
1986 391 2178 427 Ecclesiae:
2213 406 2277 428 nec

1293 441 1517 488 philosophia
1540 444 1611 477 ulla
1637 451 1808 478 monstrat
1824 455 1963 482 causam,
1992 445 2052 477 sed
2070 445 2141 478 sola
2157 442 2278 478 Evan-

1624 495 1742 528 Prima
1766 502 1881 528 autem
1906 501 1939 528 et
1964 496 2151 539 praecipua
2177 506 2278 528 causa

1295 594 1410 629 adhuc
1434 593 1561 629 haeret.
1613 595 1790 629 Premitur
1813 608 1892 639 ergo
1911 594 2086 637 Ecclesia,
2115 603 2152 629 ut
2169 608 2279 640 agno-

1296 653 1366 679 scat
1392 646 1479 679 iram
1498 644 1564 678 Dei
1589 647 1753 679 adversus
1777 654 1955 690 peccatum
1968 674 1976 687 ‚
2004 653 2037 680 et
2053 655 2092 681 ut
2110 644 2195 680 haec
2211 647 2279 680 im-

1297 748 1398 780 ducia
1429 755 1569 781 nostrae
1590 747 1799 791 sapientiae,
1834 754 1866 781 et
1890 748 1978 781 aliae
2001 756 2156 781 errantes
2180 748 2279 791 cupi-

1298 799 1423 832 ditates
1460 798 1661 837 frenentur,
1704 804 1737 830 et
1775 798 1893 841 aliquo
1922 800 2027 831 modo
2061 800 2280 831 minuantur.

1300 848 1382 881 Ideo
1416 849 1531 893 inquit
1554 848 1684 881 Paulus
1709 847 1814 882 Rom.
1840 848 1892 883 7.:
1927 848 2076 893 Propter
2102 856 2280 893 peccatum

1299 911 1426 943 corpus
1455 906 1615 933 nostrum
1644 899 1749 932 morti
1778 899 1989 933 destinatum
2013 907 2073 934 est.
2140 900 2282 933 Deinde

1272 973 1273 978 ,
1299 956 1516 983 concurrunt
1541 950 1629 982 aliae
1652 950 1783 983 multae
1807 962 1948 991 causae,
1980 962 2068 995 quae
2091 951 2284 984 recitantur

1300 1001 1336 1033 in
1354 1001 1549 1044 copiosiore
1565 1001 1724 1034 doctrina
1743 1001 1785 1033 de
1800 1012 1909 1034 cruce.

1401 1057 1479 1093 Etsi
1495 1066 1609 1092 autem
1625 1066 1658 1092 et
1675 1057 1829 1092 Ecclesia
1848 1059 2044 1103 adfligitur,
2071 1066 2187 1093 tamen
2204 1060 2285 1104 plu-

1300 1110 1430 1143 rimum
1454 1110 1597 1143 interest
1620 1110 1713 1143 inter
1733 1107 1904 1143 lonathan
1921 1118 1952 1143 et
1972 1110 2126 1146 Saulem.
2179 1109 2284 1144 lona-

1301 1159 1381 1195 thae
1407 1161 1503 1194 adest
1521 1161 1637 1201 Deus,
1666 1167 1697 1194 et
1722 1167 1892 1194 sustentat
1916 1172 1994 1193 eum
2012 1161 2115 1194 etiam
2135 1162 2171 1194 in
2188 1173 2286 1194 mor-

1302 1219 1354 1253 te,
1389 1218 1424 1245 et
1447 1212 1507 1245 dat
1531 1211 1685 1256 praemia
1710 1217 1788 1255 post
1811 1208 1901 1244 lianc
1922 1211 2040 1246 vitam.
2093 1210 2168 1245 Imo
2191 1218 2224 1245 et
2247 1211 2285 1244 in

1302 1260 1367 1296 hac
1388 1262 1458 1296 vita
1483 1269 1642 1295 servatur
1659 1262 1718 1294 ille
1734 1268 1853 1295 coetus
1869 1273 1971 1307 quem
1991 1262 2161 1306 probabat
2179 1262 2287 1295 lona-

1302 1311 1398 1350 thas,
1426 1320 1459 1347 et
1475 1324 1577 1346 causa
1594 1313 1856 1354 comprobatur.
1911 1312 1995 1346 Saul
2012 1324 2095 1346 vero
2113 1313 2188 1346 sine
2201 1324 2286 1345 con-

1302 1363 1475 1396 solatione
1498 1363 1732 1406 extinguitur,
1759 1369 1793 1396 et
1814 1362 1885 1395 ruit
1907 1363 1943 1395 in
1964 1370 2122 1396 aeternas
2141 1374 2287 1407 poenas:

1303 1421 1335 1447 et
1358 1421 1477 1447 coetus
1500 1425 1604 1458 quem
1629 1414 1819 1457 probabat,
1846 1420 1963 1458 postea
1984 1425 2124 1458 quoque
2141 1413 2288 1454 deletur,

1303 1471 1336 1498 et
1352 1476 1453 1498 causa
1469 1465 1668 1498 damnatur.

1405 1523 1543 1556 Multae
1573 1529 1654 1556 sunt
1684 1523 1787 1556 etiam
1813 1522 2032 1566 singulorum
2056 1523 2195 1566 piorum
2220 1522 2288 1555 mi-

1303 1575 1434 1607 randae
1461 1574 1685 1606 liberationes
1710 1573 1746 1605 in
1773 1570 1837 1606 hac
1861 1574 1950 1614 vita,
1979 1580 2017 1606 ut
2043 1570 2188 1617 loseph,
2214 1571 2288 1607 Da-

1304 1624 1414 1664 vidis,
1448 1622 1616 1657 Danielis.
1687 1623 1819 1656 Melius
1849 1630 1899 1657 est
1928 1624 2035 1667 igitur
2059 1624 2170 1667 iusto,
2205 1623 2288 1669 quia

1304 1687 1440 1718 semper
1463 1672 1569 1707 habet
1594 1681 1726 1708 certum
1753 1674 1986 1718 praesidium,
2012 1675 2144 1708 scilicet
2161 1673 2288 1714 Deum,

1304 1725 1364 1771 qui
1396 1726 1508 1763 adest,
1543 1731 1713 1758 sustentat
1746 1725 1945 1763 adflictum,
1979 1726 2114 1768 mitigat
2142 1726 2287 1758 adversa

1304 1784 1337 1810 et
1354 1787 1455 1820 saepe
1473 1787 1614 1819 prorsus
1628 1776 1766 1809 liberat.
1819 1774 1965 1819 Semper
1979 1784 2094 1810 autem
2111 1777 2170 1809 dat
2187 1787 2288 1820 prae-

1304 1827 1373 1860 mia
1396 1834 1552 1867 aeterna,
1580 1833 1613 1860 et
1636 1838 1773 1860 causam
1792 1827 2015 1870 comprobat,
2041 1833 2074 1861 et
2088 1833 2202 1859 servat
2219 1824 2288 1859 Ec-

1304 1878 1428 1911 clesiae
1452 1888 1588 1921 corpus.
1647 1875 1800 1910 Econtra
1825 1889 1907 1910 vero
1930 1875 2126 1921 blasphemi
2151 1876 2287 1909 etiamsi

1304 1929 1512 1974 aliquandiu
1530 1928 1675 1966 florent,
1702 1934 1820 1961 tamen
1835 1935 2040 1962 evertuntur
2055 1934 2085 1961 et
2103 1927 2276 1960 delentur.

1405 1994 1501 2028 Haec
1525 2001 1573 2028 est
1598 2005 1733 2027 summa
1758 1992 1863 2028 huius
1886 1992 2037 2034 Psalmi,
2074 1994 2109 2026 in
2136 2005 2206 2038 quo
2231 2004 2287 2026 ars

1305 2046 1396 2079 vitae
1427 2052 1494 2085 est,
1535 2057 1624 2090 quae
1654 2057 1789 2088 semper
1817 2044 1919 2077 nobis
1946 2044 1990 2077 sit
2018 2045 2055 2076 in
2087 2051 2284 2088 conspectu.

1304 2094 1513 2140 Philosophi
1531 2096 1680 2129 multum
1698 2095 1896 2138 disputant,
1922 2107 2000 2127 cum
2019 2102 2087 2128 tam
2106 2095 2201 2128 varia
2217 2095 2287 2129 sint

1304 2148 1341 2180 in
1365 2148 1462 2180 omni
1488 2147 1558 2180 vita
1582 2154 1615 2180 et
1639 2146 1803 2178 omnibus
1827 2146 1980 2188 negociis
2001 2146 2173 2189 pericula,
2200 2146 2284 2190 quid

1304 2199 1478 2240 agendum
1509 2197 1576 2230 sit?
1627 2195 1831 2240 Respondet
1853 2196 2026 2230 Psalmus:
2069 2194 2286 2240 Obtempera

1304 2248 1476 2282 mandatis
1491 2247 1577 2287 Dei,
1608 2247 1719 2280 exitus
1736 2259 1817 2279 vero
1835 2248 1878 2280 ab
1894 2248 1969 2291 ipso
1986 2248 2173 2290 gubernari
2189 2247 2286 2287 scias,

1304 2307 1337 2333 et
1357 2305 1495 2342 expecta
1513 2309 1688 2331 successus
1712 2304 1744 2331 et
1768 2298 1885 2331 felices
1908 2298 2018 2331 exitus
2039 2310 2057 2331 a
2075 2296 2163 2332 Deo.
2214 2296 2285 2330 Nec

1304 2351 1464 2392 frangare
1483 2349 1620 2388 animo,
1647 2349 1782 2381 etiamsi
1800 2348 1918 2391 magni
1934 2349 2070 2381 labores
2085 2347 2285 2391 perferendi

1304 2407 1404 2439 sunt,
1432 2400 1513 2445 quia
1536 2399 1647 2432 aderit
1672 2399 1737 2432 tibi
1755 2398 1868 2438 Deus,
1895 2406 1933 2433 ut
1958 2406 1990 2432 et
2007 2399 2136 2432 Paulus
2151 2398 2282 2444 inquit:

1276 2458 1278 2468 '
1303 2451 1420 2485 Labor
1438 2457 1549 2483 vester
1567 2462 1638 2483 non
1656 2451 1720 2484 erit
1738 2450 1853 2483 inanis
1871 2450 1906 2482 in
1924 2449 2091 2484 Domino.

1405 2509 1612 2544 Ridiculum
1629 2510 1767 2542 videtur
1783 2510 1877 2553 quod
1893 2507 2022 2541 Paulus
2039 2508 2206 2541 discnrrit
2223 2520 2285 2552 per

1276 2597 1277 2608 ἵ
1303 2560 1424 2594 Asiam
1460 2568 1491 2594 et
1520 2560 1697 2603 Europam
1730 2560 1939 2592 collecturus
1970 2558 2043 2592 Deo
2073 2556 2282 2591 Ecclesiam:

1303 2612 1430 2644 frustra
1455 2611 1548 2644 enim
1571 2611 1711 2644 videtur
1730 2610 1951 2642 laboraturus
1966 2609 2003 2641 in
2021 2609 2200 2642 mutandis
2215 2620 2282 2652 pu-

1303 2662 1403 2695 blicis
1426 2661 1712 2707 persuasionibus
1734 2667 1767 2694 et
1784 2660 1964 2703 religione.
2016 2659 2062 2694 Et
2080 2657 2162 2693 haec
2179 2659 2282 2692 novi-
