2379 2948
221 138 294 172 203

535 221 594 254 De
618 215 871 262 providentia.

328 297 401 330 Iam
424 302 462 329 ut
493 293 600 336 magis
632 291 894 330 consideretur,
929 301 1110 334 quousque
1134 286 1202 321 bu-

227 360 349 383 mauae
366 352 506 383 mentes,
533 354 593 375 sua
611 341 764 374 naturali
785 341 860 373 luce
876 340 1038 384 progredi
1059 339 1203 383 possint,

230 401 299 433 inno
319 405 354 430 ut
373 394 508 427 miseria
525 393 627 425 etiam
647 392 858 434 deploretur,
885 392 980 435 quod
997 396 1117 422 contra
1138 401 1202 420 na-

229 449 373 483 turalem
394 442 558 476 noticiam
577 454 594 475 a
611 441 686 474 Deo
704 442 843 474 insitam
861 441 1049 480 mentibus,
1077 438 1203 483 Cyclo-

229 510 288 542 pes
320 503 350 528 ct
382 493 547 537 Epicurei
579 493 736 525 furenter
774 491 901 524 tollant
937 489 1206 534 providentiam,

229 547 398 593 quaedam
428 543 622 576 adiicienda
654 549 745 575 sunt.
796 541 970 575 Usitatum
1001 547 1051 572 est
1081 549 1204 571 vocare

227 594 505 642 providentiam,
539 600 569 625 et
593 593 848 635 cognitionem,
877 602 944 635 qua
970 589 1064 622 Deus
1087 588 1204 621 omnia

230 646 337 681 cernit
366 652 397 677 et
415 643 600 688 prospicit,
626 650 657 675 et
683 641 990 684 gubernationem,
1018 652 1084 683 qua
1103 645 1205 671 natu-

228 709 301 732 ram
320 695 518 728 universam
538 700 668 730 servat,
697 692 729 725 id
757 699 824 731 est,
851 691 1010 723 ordinem
1036 696 1206 725 motuum,

231 748 322 780 vices
339 754 537 788 temporum
549 768 557 781 ‚
584 742 854 775 foecunditatem
871 748 983 774 terrae
999 747 1031 773 et
1047 739 1208 772 animan-

231 799 339 835 tium,
367 803 400 828 et
417 802 513 827 curat
536 800 567 825 et
585 799 697 825 servat
722 803 829 835 genus
852 789 1065 830 humanum,
1091 795 1208 822 custo-

231 849 284 882 dit
305 847 479 890 politicam
502 844 719 882 societatem,
747 842 912 885 imperia,
939 841 1080 878 iudicia,
1107 839 1207 872 iusti-

232 899 338 935 ciam,
371 895 472 939 punit
500 893 627 926 atrocia
662 893 789 925 scelera
819 891 1009 935 pugnantia
1032 902 1110 923 cum
1135 890 1209 931 lege

232 956 396 986 naturae,
422 946 459 977 in
481 955 548 989 qua
567 944 782 977 voluntatem
807 954 903 975 suam
924 941 1026 974 nobis
1047 940 1210 979 ostendit,

233 1006 265 1032 et
296 998 437 1031 tandein
470 995 596 1027 iniuste
623 1004 806 1038 oppressos
835 993 971 1026 liberat.
1039 990 1135 1023 Haec
1160 997 1209 1022 est

230 1049 400 1093 quaedam
417 1045 541 1078 deDeo
558 1044 642 1086 legis
659 1044 797 1082 noticia,
823 1055 911 1087 quae
927 1040 1207 1074 adfirmatl)eum

232 1112 303 1131 non
322 1109 391 1129 esse
410 1097 580 1132 ociosum,
608 1096 665 1126 sed
689 1101 830 1137 paterna
858 1093 995 1137 στοργῇ
1020 1102 1127 1132 genus
1144 1088 1211 1122 bu-

233 1160 376 1181 manuni
398 1147 525 1182 fovere,
554 1144 678 1188 punire
697 1143 825 1175 atrocia
845 1143 984 1181 scelera,
1013 1147 1045 1173 et
1062 1141 1210 1172 liberare

231 1199 443 1231 innocentes.
497 1194 590 1226 Haec
613 1206 685 1227 non
709 1204 844 1237 semper
864 1193 984 1224 eodem
1008 1192 1111 1223 modo
1137 1190 1210 1222 fieri

232 1254 435 1281 cernuntur.
488 1245 667 1278 Interdum
694 1244 786 1276 enim
805 1254 881 1274 cum
902 1249 995 1274 totae
1014 1248 1131 1284 gentes
1150 1242 1210 1273 de-

233 1300 351 1332 lentur
369 1296 518 1335 morbis,
552 1295 714 1333 diluviis,
742 1292 933 1332 incendiis,
960 1298 1019 1326 aut
1038 1291 1210 1324 bellorum

233 1349 409 1386 cladibuS,
432 1352 578 1390 pereunt
597 1345 701 1377 simul
716 1344 799 1376 boni
828 1350 858 1376 et
882 1342 984 1380 mali,
1011 1353 1112 1384 saepe
1132 1353 1210 1373 cru-

234 1398 403 1432 delissimi
430 1396 571 1440 tyranni
596 1395 738 1437 impune
758 1399 958 1435 grassantur
977 1392 1013 1423 in
1032 1393 1152 1430 bonos,
1180 1398 1212 1424 et

233 1449 315 1482 boni
336 1448 499 1479 videntur
525 1445 651 1477 deserti
677 1456 694 1476 a
716 1442 790 1474 Deo
814 1453 852 1473 ac
873 1440 1037 1484 proiecti,
1064 1446 1103 1472 ut
1125 1439 1212 1471 Dio-

233 1499 326 1544 nysii
359 1495 568 1539 superioris,
600 1493 736 1538 Syllae,
771 1491 908 1524 Tiberii
935 1490 1046 1522 exitus
1069 1489 1213 1522 fuerunt

232 1547 430 1586 incruenti,
467 1557 545 1578 cum
585 1551 701 1577 tamen
743 1541 872 1575 multos
911 1540 1040 1573 iniuste
1069 1539 1212 1572 interfe-

234 1601 372 1633 cissent.

336 1664 423 1698 Cum
442 1670 555 1696 autem
574 1660 730 1694 iusticiae
747 1659 832 1692 ordo
856 1658 917 1698 sit,
945 1664 982 1690 ut
1005 1656 1109 1689 bonis
1125 1656 1214 1688 bene

236 1716 297 1754 sit,
327 1722 358 1747 et
385 1714 484 1746 malis
509 1714 619 1752 male,
653 1711 733 1755 quia
760 1710 793 1741 id
822 1721 893 1741 non
918 1719 1054 1750 semper
1077 1706 1151 1739 fieri
1177 1706 1212 1738 in

234 1765 299 1799 hac
327 1765 394 1796 vita
414 1764 585 1802 cernitur,
614 1760 780 1804 Epicurei
798 1759 911 1791 Deum
939 1758 1095 1790 furenter
1115 1769 1133 1789 a
1152 1768 1214 1799 gu-

234 1816 442 1850 bernatione
473 1818 717 1850 removerunt,
757 1817 790 1843 et
819 1809 1067 1847 adfirmarunt,
1106 1813 1213 1840 totam

236 1874 396 1899 naturam
416 1876 532 1897 rerum
549 1875 628 1896 casu
643 1861 723 1894 ferri
736 1888 744 1898 ,
770 1871 833 1892 nec
852 1859 957 1892 aliam
979 1869 1118 1890 causam
1144 1868 1215 1889 esse

235 1918 409 1949 bonorum
428 1915 645 1947 etmalorum
665 1917 851 1944 eventuum
872 1907 1120 1947 humanorum,
1149 1907 1213 1939 nisi

237 1973 296 1999 aut
331 1965 532 2004 materiam,
580 1969 638 1995 aut
672 1962 888 1994 voluntatem
918 1956 1124 1999 homiuum,
1158 1964 1216 1991 aut

240 2027 369 2049 casum.

340 2073 547 2116 Priusquam
564 2077 676 2103 autem
696 2081 856 2102 recenseo
880 2074 1102 2110 argumenta,
1130 2078 1217 2110 quae

239 2124 447 2159 confirmant
474 2121 750 2166 providentiam,
790 2119 943 2152 recitabo
969 2117 1054 2162 quid
1085 2123 1217 2149 veteres

239 2172 485 2218 responderint
515 2173 558 2205 de
582 2170 646 2204 hac
672 2169 918 2214 inaequalitate
950 2167 1088 2207 iudicii,
1121 2167 1216 2211 quod

240 2223 413 2269 Dionysio
431 2222 606 2267 parcitur,
632 2232 705 2253 nou
738 2220 892 2264 parcitur
909 2218 1070 2263 Cambysi
1094 2216 1217 2261 optimi

240 2275 349 2320 patris
367 2274 452 2309 filio.
505 2271 673 2306 Isocrates
691 2270 818 2315 inquit,
843 2269 998 2312 regulam
1021 2280 1092 2301 non
1110 2267 1217 2300 everti

240 2326 359 2370 paucis
377 2330 410 2357 et
424 2323 512 2357 raris
531 2321 716 2366 exemplis,
740 2327 779 2353 ut
793 2319 868 2352 fieri
895 2325 1025 2362 potest,
1047 2324 1087 2351 ut
1108 2317 1217 2361 aliqui

241 2374 364 2409 aestivi
383 2374 456 2407 dies
472 2373 542 2407 sint
560 2372 746 2416 gelidiores
770 2368 942 2404 hibernis.
994 2367 1138 2401 Interim
1163 2379 1217 2400 re-

242 2426 322 2469 gula
339 2426 463 2458 tamen·
476 2436 549 2457 non
574 2423 711 2456 deletur
734 2427 897 2454 aestatem
920 2418 1121 2452 calidiorem
1147 2428 1218 2450 esse

241 2474 379 2521 hyeme.
431 2473 488 2507 Fit
503 2481 618 2507 autem
638 2471 851 2517 plurimum,
876 2476 916 2503 ut
935 2468 1065 2502 atrocia
1091 2467 1217 2500 scelera

243 2526 455 2559 comitentur
473 2524 508 2555 in
532 2521 596 2556 hac
612 2523 682 2556 vita
699 2529 832 2555 atroces
849 2530 992 2565 poenae.
1045 2517 1137 2551 Huic
1154 2517 1219 2560 igi-

242 2583 301 2610 tur
317 2573 456 2617 regulae
474 2573 740 2606 adsentiendum
764 2579 831 2611 est,
858 2583 921 2603 nec
947 2575 1089 2613 propter
1110 2578 1219 2611 pauca

240 2625 397 2669 exempla
416 2623 605 2667 impunitas
621 2623 788 2667 speranda
805 2628 866 2657 est.
918 2619 1011 2653 Haec
1037 2618 1219 2652 lsocratica

241 2674 423 2721 responsio
441 2673 617 2718 sapienter
638 2672 786 2717 cogitata
807 2679 875 2714 est,
901 2677 933 2705 et
957 2670 1063 2714 digna
1087 2680 1219 2702 memo-
1241 2699 1247 2709 ,

447 132 655 171 SCRIPTA
683 132 757 167 1³11.
784 128 897 165 MEL.
925 127 991 163 AD
1017 127 1143 164 HlST.
1171 125 1315 164 PROF.
1339 124 1405 161 ET
1432 122 1622 164 PHILOS.
1654 122 1974 163 SPECTANTIA.

2153 126 2228 162 204

1255 212 1317 245 ria.
1371 208 1490 245 Altera
1506 211 1688 256 responsio
1715 217 1781 252 est,
1807 209 1898 245 banc
1916 213 2025 256 ipsam
2048 211 2230 245 dissimili-

1257 262 1414 296 tudinem
1438 261 1575 304 signum
1602 273 1674 295 esse
1699 261 1992 305 immortalitatis,
2024 262 2060 295 in
2084 274 2150 307 qua
2175 263 2230 295 iu-

1255 319 1346 346 stum
1364 312 1551 344 discrimen
1571 319 1674 346 restet
1690 313 1864 345 bonorum
1880 317 1912 344 et
1929 313 2116 346 malorum.
2150 311 2230 345 Non

1256 369 1307 395 est
1323 362 1415 394 enim
1435 369 1727 400 consentaneum,
1752 362 1920 405 optimam
1940 369 2072 405 partem
2096 362 2231 405 generis

1256 410 1403 445 humani
1429 412 1472 444 ad
1502 413 1689 455 perniciem
1713 412 1891 445 conditam
1914 423 1997 447 esse.
2052 411 2133 445 Ideo
2153 424 2232 446 cum

1256 474 1355 505 saepe
1370 463 1510 507 tyranni
1527 463 1692 495 iniustam
1710 462 1949 495 crudelitatem
1966 462 2002 494 in
2015 462 2126 495 bonos
2137 474 2233 495 exer—

1257 519 1375 552 ceant,
1402 519 1530 545 restare
1556 513 1694 546 videtur
1716 513 1806 545 alius
1831 519 1971 556 portus,
1999 513 2035 545 in
2055 524 2125 557 quo
2148 512 2235 546 boni

1258 563 1492 606 acquiescant.
1546 562 1639 596 Haec
1657 565 1828 595 concinne
1843 563 2029 603 dicuntur,
2052 563 2111 596 sed
2130 574 2234 606 supe-

1258 614 1332 644 rior
1350 613 1530 655 responsio
1549 613 1746 646 evidentius
1771 613 1899 645 refutat
1915 610 2126 656 Epicureos,
2153 613 2235 657 quia

1259 663 1470 706 experientia
1500 663 1594 695 testis
1632 669 1701 703 est,
1738 663 1943 705 regulariter
1975 669 2008 696 et
2030 663 2235 707 plerumque

1260 713 1389 745 atrocia
1417 713 1562 752 scelera,
1596 723 1724 756 poenas
1750 713 1929 753 comitari,
1957 713 2091 746 etiarnsi
2119 713 2237 757 aliqua

1260 775 1338 795 rara
1363 763 1519 806 exempla
1550 763 1800 802 inveniuntur,
1833 774 1905 795 non
1940 763 2167 806 congruentia
2193 763 2237 796 ad

1262 811 1350 846 lianc
1368 814 1534 855 regulam.
1591 812 1709 857 ltaque
1730 810 1813 845 baec
1837 813 1911 856 ipsa
1926 813 2157 856 experientia,
2184 819 2238 846 te·-

1262 863 1468 897 stimonium
1498 871 1547 896 est
1569 863 1822 907 providentiae.
1873 861 1983 896 Curat
2005 863 2100 895 Deus
2129 873 2238 904 genus

1262 911 1475 954 humanum,
1510 914 1591 958 quia
1625 914 1831 957 plerumque
1863 913 1955 957 rapit
1986 914 2029 945 ad
2059 911 2240 957 supplicia,

1263 965 1443 997 turbantes
1461 965 1569 996 atroci
1589 964 1716 997 scelere
1734 964 1897 996 ordinem
1918 963 2020 997 vitae.

1364 1021 1414 1054 Ita
1440 1022 1514 1055 vult
1538 1034 1602 1055 nos
1626 1022 1753 1055 sentire
1778 1035 1843 1055 vox
1873 1022 2014 1063 divina,
2041 1034 2119 1055 cum
2136 1022 2238 1056 dicit:

1264 1071 1488 1116 Quicumque
1512 1073 1666 1114 gladium
1684 1073 1898 1116 acceperint,
1924 1073 2038 1116 gladio
2064 1073 2240 1117 peribunt.

1265 1122 1394 1155 Rideat
1413 1122 1494 1155 licet
1512 1121 1706 1165 Epicurus,
1731 1130 1846 1155 tamen
1871 1135 1951 1156 vera
1977 1129 2026 1156 est
2050 1120 2135 1156 baec
2161 1134 2241 1155 sen-

1265 1173 1392 1212 tentia,
1419 1185 1524 1216 quam
1551 1172 1693 1216 quidem
1718 1173 1821 1205 etiam
1848 1173 1920 1212 illi,
1947 1173 2007 1217 qui
2032 1173 2243 1216 ignorabant

1265 1223 1445 1255 coelestem
1481 1222 1696 1260 doctrinam,
1739 1234 1840 1266 saepe
1866 1223 2028 1260 tradunt,
2064 1223 2135 1254 sive
2160 1222 2242 1266 quia

1266 1273 1419 1305 saniores
1438 1273 1525 1306 moti
1542 1272 1752 1316 experientia
1777 1279 1943 1316 perpetua
1967 1284 2042 1305 eam
2069 1273 2243 1316 adproba-

1265 1329 1367 1362 runt,
1402 1323 1474 1355 sive
1497 1323 1579 1367 quia
1606 1334 1624 1354 a
1651 1322 1772 1365 primis
1793 1322 1997 1363 parentibus
2021 1329 2159 1365 accepta
2182 1328 2244 1363 est,

1265 1373 1326 1417 qui
1345 1385 1464 1405 vocem
1480 1373 1636 1405 divinam
1660 1370 1882 1406 audiverunt.
1935 1369 2029 1404 Hinc
2053 1377 2135 1405 sunt
2159 1369 2243 1405 haec

1265 1433 1344 1454 vere
1362 1422 1468 1454 dicta:

1401 1480 1562 1521 Aspiciunt
1581 1483 1673 1511 oculis
1690 1483 1790 1521 superi
1811 1483 1948 1511 mortalia
1969 1483 2066 1513 iustis.

1268 1528 1370 1562 Item:
1396 1532 1449 1562 Ad
1465 1543 1605 1570 generum
1622 1532 1744 1569 Cereris,
1763 1534 1826 1561 sine
1842 1533 1928 1561 caede
1944 1539 1972 1562 et
1989 1534 2131 1572 sanguine
2144 1537 2243 1574 pauci.

1395 1581 1586 1612 Descendunt
1602 1594 1683 1622 reges
1694 1606 1702 1621 ‚
1730 1590 1756 1612 et
1773 1585 1848 1612 sicca
1865 1589 1959 1612 morte
1981 1586 2109 1623 tyranni.

1368 1643 1529 1678 Recitavi
1552 1651 1667 1677 autem
1691 1655 1795 1688 supra
1819 1651 2041 1686 argumenta,
2068 1657 2157 1689 quae
2182 1647 2245 1678 de-

1270 1701 1465 1728 monstrant
1495 1707 1566 1727 esse
1590 1694 1715 1728 Deum.
1783 1693 1921 1727 Horum
1948 1695 2115 1739 pleraque
2141 1696 2245 1729 etiam

1268 1745 1467 1779 testimonia
1485 1752 1565 1777 sunt
1583 1746 1626 1777 de
1645 1745 1887 1788 providentia,
1913 1751 1946 1778 et
1963 1746 2156 1779 ostendunt
2169 1745 2245 1780 Deo

1268 1807 1370 1829 curae
1385 1807 1456 1828 esse
1472 1792 1638 1828 humana.

1368 1853 1527 1887 Primum
1550 1854 1638 1886 ordo
1669 1860 1828 1886 motuum
1864 1860 1898 1887 et
1927 1853 2019 1886 vices
2047 1860 2245 1898 temporum

1273 1904 1416 1938 utilitati
1440 1904 1672 1937 animantium
1698 1904 1876 1943 serviunt,
1899 1910 1938 1937 ut
1954 1904 2045 1936 vices
2060 1904 2196 1938 dierum
2212 1912 2247 1940 et

1270 1955 1437 1994 noctium,
1455 1954 1657 1987 discrimina
1678 1960 1875 1996 temporum
1901 1954 2067 1987 arationis
2092 1962 2125 1988 et
2155 1967 2246 1988 mes-

1269 2005 1325 2040 sis.
1378 2003 1453 2037 lmo
1469 2005 1496 2037 si
1514 2003 1718 2047 diligentius
1743 2004 1975 2047 aspiceremus
1990 2005 2145 2045 coelum,
2172 2017 2246 2039 ma-

1270 2056 1321 2099 gis
1343 2055 1578 2088 indicaremus
1604 2053 1748 2087 utilitati
1773 2066 1891 2087 rerum
1921 2055 2138 2088 nascentium
2163 2067 2247 2099 pro-

1270 2112 1425 2150 spectum
1441 2116 1532 2145 esse,
1559 2105 1640 2150 quia
1664 2116 1742 2137 cum
1762 2116 1849 2148 opus
1866 2111 1916 2138 est
1935 2103 2125 2146 imbribus,
2149 2104 2247 2151 Hya-

1270 2158 1350 2196 des,
1389 2155 1565 2196 Pleiades,
1607 2152 1744 2195 Orion,
1786 2155 1951 2188 oriuntur
1979 2161 2039 2188 aut
2070 2155 2246 2191 occidunt.

1269 2204 1423 2240 Econtra
1457 2218 1536 2240 cum
1563 2217 1651 2249 opus
1680 2211 1730 2238 est
1761 2204 1932 2244 siccitate,
1971 2203 2033 2238 Sol
2049 2206 2181 2240 accedit
2202 2208 2247 2240 ad

1269 2258 1428 2291 Leonem
1463 2263 1496 2290 et
1529 2255 1682 2296 Sirium,
1729 2254 1792 2299 qui
1830 2260 1959 2298 augent
1997 2255 2185 2290 siccitatem
2214 2264 2248 2291 et

1270 2314 1423 2347 aestum,
1456 2306 1723 2340 convenientem
1750 2304 1865 2340 messi.
1923 2302 1971 2338 Et
1991 2317 2150 2349 magnam
2173 2307 2245 2340 vim

1270 2358 1308 2391 in
1338 2357 1517 2391 mutandis
1546 2354 1809 2399 tempestatibus
1842 2352 1973 2388 babent
1997 2361 2049 2389 tot
2073 2356 2248 2392 curricula

1271 2408 1415 2448 Lunae,
1443 2418 1531 2452 quae
1548 2418 1619 2439 uno
1642 2417 1736 2438 anno
1752 2405 1997 2441 conficiuntur.

1371 2464 1461 2499 Cum
1478 2471 1593 2498 autem
1607 2463 1829 2497 manifestum
1846 2464 1890 2497 sit
1904 2461 1986 2496 haec
2001 2463 2161 2499 ordinata
2177 2477 2249 2501 esse

1271 2522 1413 2560 propter
1427 2513 1611 2548 hominum
1629 2514 1835 2554 utilitatem,
1861 2515 2032 2547 fateamur
2056 2515 2163 2548 vitam
2181 2514 2247 2549 ho-

1270 2567 1407 2599 minum
1423 2564 1498 2598 Deo
1516 2576 1618 2597 curae
1632 2575 1716 2600 esse.
1760 2560 1958 2607 Xenophon
1974 2562 2039 2597 hoc
2061 2576 2248 2609 argumen-

1243 2626 1245 2631 ·
1271 2623 1345 2649 tum
1371 2615 1542 2656 recitans,
1574 2615 1712 2659 inquit,
1740 2614 1855 2647 Deum
1878 2623 1949 2646 esse
1974 2611 2175 2660 φιλόζωον,
2211 2618 2247 2650 id

1274 2673 1343 2706 est,
1371 2672 1546 2701 amantem
1567 2664 1822 2706 animantium,
1843 2663 1927 2709 quia
1952 2664 2142 2700 instituerit
2159 2673 2247 2700 tem-
