2379 2948
136 82 211 119 529
755 83 801 119 V.

136 169 254 213 prium
275 180 367 209 esse,
396 177 428 204 et
445 170 594 204 sustinet
611 169 815 204 accidentia.
851 167 927 202 Hac
945 167 1135 214 qualicun-

138 232 207 265 que
236 221 477 266 descriptione
506 222 665 255 contenti
699 221 827 261 simus,
864 227 899 254 et
930 219 1135 262 cogitemus,

139 284 229 317 quae
259 272 303 305 sit
335 273 514 307 imbecilla
546 273 637 306 acies
662 269 837 305 humanae
862 270 1010 311 mentis,
1045 283 1135 316 quae

139 323 241 368 quasi
258 324 344 357 foris
358 331 390 358 et
404 324 526 368 procul
545 335 600 356 res
617 322 752 367 aspicit,
781 334 845 355 nec
863 322 958 355 intus
976 333 1032 355 eas
1049 334 1135 354 con-

140 374 344 419 templatur.
378 374 424 409 Et
441 374 654 412 accidentia,
681 373 907 418 quantitates,
935 374 1136 418 qualitates,

140 425 362 469 effectiones‚
406 426 584 470 passiones
629 425 912 465 consideremus,
962 432 1135 470 quantum
1161 439 1163 479 Ι
1190 446 1353 486 coelum,

139 478 367 518 conceditur,
395 484 429 510 et
447 477 525 509 Deo
545 476 674 519 gratias
699 487 861 518 agamus,
890 477 986 521 quod
1015 476 1135 521 aliquo

140 531 246 561 modo
274 535 306 562 et
333 540 405 561 sese
434 534 466 560 et
501 535 664 560 naturam
693 539 811 559 rerum
839 527 943 560 nobis
967 528 1135 568 ostendit,

138 587 170 613 et
194 580 328 625 aliquas
354 578 501 612 noticias
530 585 638 612 certas
667 578 833 620 tradidit,
870 586 901 612 et
926 586 1136 623 appetamus

138 631 430 664 consuetudinem
456 630 660 670 coelestem,
692 630 729 662 in
753 643 822 675 qua
847 630 978 665 noticia
1003 629 1070 665 Dei
1105 643 1121 664 e

138 683 287 716 aliarum
305 693 423 715 rerum
443 681 511 715 erit
530 681 717 718 illustrior.

206 800 392 841 Quomodo
419 797 611 847 differunt
636 802 784 845 primae
809 805 847 834 et
870 800 1063 835 secundae

504 850 767 887 substantiae?

239 937 450 972 Aristoteles
478 945 578 972 vocat
606 938 737 983 primas
762 938 976 972 substantias
1000 939 1135 972 indivi-

137 991 229 1030 dua,
266 988 362 1023 hunc
389 987 591 1031 bominem,
625 987 721 1023 hunc
753 1002 894 1035 equum.
953 989 1135 1024 Secundas

139 1041 351 1076 substantias
369 1047 468 1074 vocat
486 1042 618 1085 species
635 1048 668 1074 et
686 1053 832 1085 genera,
860 1043 954 1085 quod
977 1054 1017 1075 eo
1045 1042 1132 1075 reci-

138 1095 288 1127 tandum
315 1099 384 1133 est,
413 1092 495 1136 quia
514 1092 648 1125 dictum
668 1092 901 1125 memorabile
918 1093 1032 1127 addit:
1061 1091 1135 1126 De-

139 1144 281 1178 structis
299 1144 424 1190 primis
442 1144 669 1185 substantiis,
699 1141 791 1176 nihil
808 1144 984 1188 reliquum
1003 1151 1070 1186 est,
1099 1145 1134 1178 id

140 1203 211 1237 est,
239 1208 302 1229 nec
328 1195 522 1228 accidentia
547 1196 683 1241 reliqua
708 1202 810 1236 sunt,
838 1196 921 1240 quia
949 1203 1032 1230 suut
1055 1203 1135 1229 tan-

139 1254 215 1280 tum
234 1247 270 1279 in
290 1247 506 1287 individuis,
536 1259 599 1279 nec
621 1247 795 1280 secundae
819 1247 1054 1285 substantiae,
1083 1248 1136 1280 vi-

139 1298 267 1331 delicet
296 1310 422 1340 genera
445 1305 478 1331 et
501 1299 652 1341 species,
682 1310 743 1330 seu
761 1298 871 1338 ideae,
898 1305 979 1332 sunt
1000 1299 1137 1343 aliquid

139 1357 234 1383 extra
253 1348 546 1382 intellectionem,

243 1472 345 1511 Quae
367 1473 455 1503 sunt
479 1469 754 1514 appellationes
768 1468 1035 1504 substantiae?

244 1553 452 1588 Aristoteles
485 1554 521 1586 in
556 1549 623 1587 boc
653 1555 939 1599 praedicamento
970 1568 1055 1590 usus
1089 1563 1140 1590 est

141 1606 287 1640 nomine
317 1602 448 1648 οὐσία,
479 1607 572 1650 quod
600 1607 743 1650 proprie
770 1614 820 1641 est
846 1608 1014 1644 essentia.
1068 1607 1138 1641 Po-

140 1665 211 1692 stea
231 1658 336 1690 etiarn
353 1657 458 1690 multi
475 1657 689 1699 generaliter
707 1664 860 1692 utuntur
877 1659 1024 1692 nomine
1045 1655 1139 1693 ὖπό-
1165 1681 1166 1687 1

142 1719 286 1747 στασις,
320 1709 363 1741 ad
389 1708 489 1740 cuius
520 1708 794 1741 similitudinem
819 1709 941 1743 Latini
974 1711 1139 1744 dixerunt

141 1760 387 1795 substantiam.
427 1757 474 1792 Et
488 1755 747 1804 ὑφιστάμενον
767 1768 939 1795 vocarunt
956 1762 1140 1807 quiddam,

140 1813 237 1858 quod
264 1810 446 1849 subsistit,
483 1810 516 1843 id
543 1817 611 1850 est,
648 1823 720 1845 non
752 1818 890 1844 tantum
925 1814 1139 1857 cogitatione

141 1864 321 1908 pingitur,
348 1873 412 1894 nec
430 1868 468 1894 ut
485 1862 647 1894 accidens
666 1862 702 1894 in
723 1863 792 1895 alio
811 1860 945 1903 haeret,
975 1877 1038 1898 nec
1058 1877 1138 1897 eva-

141 1914 253 1948 nescit
285 1914 321 1946 in
355 1913 444 1953 alio,
479 1920 540 1945 aut
566 1925 645 1946 cum
674 1914 762 1952 alio,
800 1915 861 1947 sed
888 1927 1007 1949 revera
1032 1914 1140 1950 habet

140 1965 326 2010 proprium
342 1975 426 1998 esse.
481 1962 629 1997 Discant
647 1972 765 1998 autem
782 1965 942 1999 iuniores
954 1992 962 2006 ‚
992 1968 1138 2012 quando

142 2016 301 2051 Ecclesia
325 2013 380 2049 his
404 2016 588 2049 vocabulis
614 2027 675 2049 usa
705 2017 761 2051 sit.
822 2015 976 2051 Nomine
1011 2016 1140 2057 οὐσίας

143 2068 257 2102 utitur
274 2080 338 2112 pro
357 2067 506 2100 essentia
519 2094 527 2107 ‚
552 2067 643 2101 sicut
663 2065 720 2100 bic
739 2080 882 2113 quoque
897 2070 1038 2104 dicitur.
1068 2070 1138 2105 Sed

143 2118 351 2165 hypostasin
368 2125 399 2151 et
415 2130 602 2162 personam
630 2125 729 2152 vocat
755 2119 1002 2162 individuum,
1031 2122 1139 2155 iutel-

143 2170 275 2213 Egens,
301 2169 658 2211 incommunicabile,
685 2177 723 2204 ut
741 2183 819 2204 cum
841 2172 946 2214 dicit,
976 2180 1045 2207 tres
1068 2185 1140 2207 esse

146 2219 350 2267 hypostases
365 2232 423 2254 seu
442 2232 610 2266 personas
629 2221 840 2257 divinitatis.

196 2735 373 2769 MELANTH.
404 2737 506 2769 Oeen.
538 2737 619 2768 VoL.
642 2736 735 2770 XJIl.

855 80 1180 118 EROTEMATA
1208 80 1549 121 DIALECTICES.

2107 94 2183 130 530

1356 172 1492 205 Recita
1510 171 1679 207 ordinem
1699 172 2013 212 substantiarum.

1586 238 1792 276 Substantia

1319 298 2069 374 Corporgmaefffflorporea

1161 428 1163 432 ,
1189 395 1366 439 Simplex:
1485 396 1616 429 Mixta:
1760 379 2185 438 lm

1416 459 1456 479 ex
1474 445 1673 482 Elementis
1784 450 1891 490 Deus.
2032 453 2175 499 Angeli,

1190 498 1334 539 Stellae,
1440 499 1648 542 composita,
2021 507 2184 539 Animae.

1189 548 1388 585 Elementa,

1313 599 1763 620 ‘xlm

1242 624 1398 658 perfecte
1417 625 1544 663 mixta,
1628 627 1816 670 lmpefecte
1836 628 1961 662 mixta:

1618 675 1799 721 Fulmina,
1819 678 1987 724 vapores.

1195 724 1583 743 ω

1189 745 1374 789 Animata,
1428 747 1645 780 lnanimata:

1396 798 1515 842 Lapis,
1532 809 1702 842 gemmae,

1474 850 1630 885 metalla.

1189 923 1373 956 Sentiens:
1435 927 1516 956 lNon
1533 923 1705 957 sentiens:

1190 971 1359 1014 Animal,
1464 981 1504 1008 ut
1522 975 1677 1018 plantae.

1187 1046 1398 1082 Rationale:
1454 1049 1686 1082 irrationale:

1214 1097 1334 1132 Homo
1346 1127 1354 1140 ,
1487 1099 1624 1145 Equus.

1215 1148 1330 1184 Plato.

1304 1233 1364 1268 Ad
1383 1233 1473 1280 quid
1485 1235 1637 1280 prodest
1655 1246 1762 1270 nosse
1778 1235 1876 1271 hunc
1891 1237 2086 1274 ordinem?

1294 1301 1457 1336 Primum
1474 1300 1541 1336 hoc
1559 1303 1677 1347 ipsum
1703 1304 1792 1337 utile
1818 1313 1885 1346 est,
1914 1306 2035 1340 videre
2062 1307 2189 1340 seriem

1189 1353 1469 1385 substantiarum
1503 1354 1540 1385 in
1574 1352 1638 1385 hac
1671 1360 1744 1386 tota
1784 1356 2016 1391 universitate
2058 1370 2191 1399 rerum,

1164 1416 1165 1422 ¹
1191 1414 1296 1448 quam
1327 1410 1445 1436 mente
1470 1403 1776 1446 circumferentes,
1811 1406 2048 1441 discernimus
2073 1407 2190 1441 Deum

1191 1468 1209 1488 a
1225 1455 1332 1488 rebus
1349 1454 1492 1495 creatis,
1519 1462 1553 1489 et
1579 1468 1657 1488 cum
1685 1458 1817 1500 species
1845 1465 1978 1492 creatas
2002 1472 2190 1493 enumera-

1192 1518 1291 1548 mus,
1326 1506 1437 1550 magis
1458 1507 1729 1552 acquiescimus,
1764 1509 1865 1553 quasi
1893 1510 1997 1543 finem
2024 1519 2058 1545 et
2081 1518 2191 1545 metas

1192 1565 1341 1592 naturae
1364 1558 1565 1599 intuentes,
1597 1559 1792 1592 multarum
1828 1561 1933 1594 etiam
1957 1573 2059 1595 usum
2084 1563 2191 1596 simul

1192 1610 1471 1643 consideramus.
1534 1609 1676 1644 Genera
1707 1611 1813 1644 etiam
1849 1612 1885 1645 in
1918 1614 2191 1647 definitionibus

1192 1668 1386 1694 sumuntur
1402 1674 1441 1694 ex
1461 1659 1525 1694 bac
1552 1662 1693 1696 tabella.
1748 1661 1815 1707 Et,
1843 1664 1872 1696 si
1897 1665 2084 1708 explicatio
2110 1665 2191 1698 lon-

1191 1713 1269 1755 gior
1289 1712 1558 1753 institueretur,
1589 1714 1783 1747 multarum
1808 1715 2006 1758 specierum
2031 1717 2190 1759 integrae

1191 1764 1418 1798 definitiones
1435 1765 1676 1805 adderentur,
1702 1771 1758 1798 ut:

1543 1846 1628 1884 Quid
1650 1849 1699 1878 est
1722 1847 1813 1879 Deus
1821 1846 1838 1878 *ξ

1295 1908 1394 1943 Deus
1412 1916 1460 1943 est
1480 1910 1629 1943 essentia
1648 1910 1871 1954 incorporea,
1892 1910 2105 1955 intelligens,
2123 1913 2191 1948 im-

1192 1972 1332 1994 mensae
1350 1961 1547 2005 potentiae,
1575 1961 1770 2005 sapientiae
1797 1968 1830 1995 et
1854 1962 2045 2005 bonitatis,
2075 1976 2192 2006 verax,

1191 2012 1368 2053 benefica,
1397 2013 1507 2053 iusta,
1534 2019 1647 2053 casta,
1682 2012 1885 2054 liberrima,
1916 2026 2019 2048 causa
2044 2016 2191 2050 univer-

1193 2076 1249 2097 sae
1267 2071 1415 2097 naturae
1431 2070 1463 2097 et
1481 2064 1639 2102 ordinis,
1668 2075 1705 2097 ac
1723 2064 1810 2098 boni
1831 2065 1869 2097 in
1895 2073 2020 2099 natura
2034 2093 2042 2106 ‚
2069 2068 2190 2112 requi-

1193 2127 1273 2148 rens
1300 2115 1337 2148 in
1361 2127 1489 2159 genere
1518 2112 1677 2148 humano
1702 2116 1865 2148 ordinem
1889 2117 2069 2150 actionum
2103 2130 2189 2151 con-

1192 2173 1377 2211 gruentem
1402 2168 1446 2200 ad
1471 2168 1635 2200 ordinem
1660 2167 1696 2199 in
1721 2179 1782 2200 sua
1809 2174 1943 2208 mente,
1977 2175 2009 2201 et
2036 2170 2189 2212 puniens

1193 2217 1300 2252 huius
1323 2219 1462 2252 ordinis
1488 2219 1731 2254 violationem.
1785 2217 1888 2251 Hanc
1912 2219 2188 2263 descriptionem

1194 2277 1330 2304 mentes
1347 2268 1545 2309 humanae,
1574 2270 1679 2303 etiam
1699 2276 1793 2303 extra
1813 2267 2026 2311 Ecclesiam,
2054 2279 2086 2304 et
2110 2272 2188 2305 sine

1193 2322 1366 2366 singulari
1383 2321 1627 2362 revolutione,
1652 2321 1795 2354 discunt
1810 2332 1850 2352 ex
1869 2321 2188 2356 demonstrationi-

1193 2375 1279 2415 bus,
1307 2380 1340 2407 et
1358 2374 1516 2407 membra
1533 2372 1720 2417 praecipua
1738 2378 1820 2405 sunt
1832 2371 1869 2403 in
1886 2369 1951 2405 hac
1970 2373 2111 2408 tabella.
2139 2373 2188 2409 Et

1194 2437 1397 2471 quanquam
1414 2437 1496 2458 vera
1515 2423 1705 2466 descriptio
1720 2429 1788 2462 est,
1815 2429 1933 2456 tamen
1949 2425 2111 2458 nondum
2137 2433 2188 2459 est

1194 2478 1343 2521 integra.
1398 2476 1544 2510 Necesse
1563 2481 1612 2507 est
1635 2473 1730 2507 enim
1753 2474 1795 2506 de
1813 2474 1893 2508 Deo
1918 2475 2068 2518 sentire,
2096 2477 2187 2511 sicut

1194 2541 1230 2562 se
1255 2528 1421 2562 illustrib.
1440 2525 1653 2560 testimoniis
1677 2525 1850 2568 patefecit.
1905 2524 1988 2559 ldeo
2007 2527 2044 2559 in
2062 2527 2186 2562 Eccle-

1194 2581 1245 2614 sia
1264 2581 1306 2612 ad
1328 2579 1445 2623 priora
1471 2577 1630 2610 membra
1656 2577 1785 2610 diserte
1811 2578 1994 2611 adduntur
2017 2591 2187 2623 persona-

1195 2643 1274 2664 rum
1294 2630 1457 2663 nomina:
1482 2628 1580 2662 Deus
1597 2635 1648 2662 est
1663 2629 1812 2662 essentia
1832 2629 2053 2673 incorporea,
2080 2631 2186 2664 intel-

1195 2683 1325 2726 ligens,
1353 2681 1545 2715 immensae
1561 2680 1759 2725 potentiae,
1785 2680 1978 2726 sapientiae
1995 2688 2028 2715 et
2045 2682 2188 2716 bonita-

1659 2730 1708 2765 34
