2379 2948
171 81 243 115 361
746 77 810 113 Ill.

170 163 306 197 lefactis
321 163 393 196 iam
423 164 542 197 nervis
571 170 603 197 et
627 163 783 196 excitatis
807 162 1010 206 spiritibus,
1034 161 1071 192 in
1098 160 1166 192 fine

168 215 206 247 tit
229 214 455 258 languidior,
491 214 676 255 videlicet,
714 213 932 256 consumptis
964 211 1034 245 iam
1060 211 1165 254 spiri-
1191 224 1194 229 ·

170 265 279 301 tibus.

277 357 380 391 Unde
407 357 571 390 sumitur
598 358 768 388 motuum
792 352 1065 388 contrarietas?

267 432 298 463 A
317 429 479 465 terminis
497 429 539 461 ad
558 439 660 472 quos,
714 427 805 461 'Nam
824 425 862 460 hi
887 435 1003 462 motus
1022 436 1163 462 contra-

166 481 210 514 rii
229 488 330 520 sunt,
359 480 419 525 qui
435 486 519 512 sunt
542 480 586 511 ad
611 480 782 512 terminos
813 480 1010 513 contrarios
1038 480 1161 525 acqui-

165 533 314 572 rendos,
338 538 377 564 ut
397 537 511 563 motus
531 529 594 574 qui
612 537 662 563 est
688 532 731 563 ad
756 530 991 569 caliditatem,
1020 539 1160 564 contra-

162 583 237 616 rius
263 589 314 615 est
337 580 467 620 motui,
502 580 564 624 qui
591 587 640 613 est
666 582 710 613 ad
742 580 984 623 frigiditatem.

162 633 264 673 sotis,
288 631 350 676 qui
375 638 425 664 est
449 642 588 663 sursum
613 644 631 664 a
649 630 868 676 Capricorno
901 634 943 665 ad
971 631 1159 671 Cancrum,

161 683 360 716 contrarius
385 689 436 715 est
463 682 595 722 motui,
630 683 691 727 qui
717 689 767 716 est
791 684 955 716 deorsum
983 695 1001 716 a
1019 681 1157 717 Cancro

162 735 205 767 ad
222 732 497 777 Capricornum.

233 843 379 875 Suntne
409 852 506 875 unus
535 846 680 883 motus,
712 843 818 876 Actio
847 846 885 875 et
913 841 1071 876 Passio?

259 915 339 951 Etsi
356 916 474 950 ociosa
497 918 676 951 subtilitas
696 929 768 951 esse
790 918 950 959 videtur,
978 929 1156 962 quaerere,

155 978 202 1003 an
217 980 330 1002 unum
349 968 520 1013 quiddam
539 969 610 1002 sint
628 969 718 1002 actio
742 976 775 1002 et
794 969 927 1013 passio,
957 975 1073 1002 tamen
1091 969 1157 1002 ali-

154 1019 241 1066 quid
266 1018 435 1053 conducit
458 1021 502 1052 ad
526 1020 798 1060 declarandum,
833 1020 919 1065 quid
947 1020 991 1053 sit
1023 1026 1152 1057 metm.

157 1071 199 1105 ln
218 1070 463 1105 verberatione
481 1070 581 1103 faciei
601 1083 672 1104 una
697 1083 752 1104 res
781 1078 848 1110 est,
875 1071 1028 1115 receptio
1055 1073 1154 1114 ictus,

157 1134 217 1156 seu
243 1122 318 1166 ipse
341 1133 464 1156 sensus
487 1122 597 1166 partis
622 1133 825 1166 percussae,
860 1128 891 1155 et
918 1124 1008 1157 actio
1030 1135 1154 1167 percu-

156 1173 286 1207 tientis.
348 1173 419 1206 Sed
453 1173 626 1206 differunt
658 1174 819 1207 terminis
847 1181 880 1207 et
908 1175 1153 1209 relationibus,

156 1223 281 1262 Actio,
309 1235 371 1256 seu
400 1224 578 1268 percussio
605 1224 718 1258 activa
742 1226 858 1259 oritur
880 1226 924 1258 ab
949 1233 1091 1268 agente,
1119 1233 1152 1259 et

155 1274 287 1307 desinit
312 1275 350 1306 in
368 1275 572 1319 recipiente.
626 1273 782 1310 Econtra
809 1276 924 1320 passio
950 1277 1074 1309 relatio
1102 1283 1153 1310 est

153 1324 322 1369 patientis
340 1325 384 1358 ad
408 1337 532 1369 agens,
561 1326 620 1358 sed
639 1332 757 1359 tamen
782 1338 874 1360 unus
898 1333 932 1360 et
951 1326 1044 1359 idem
1063 1327 1152 1360 ictus

151 1383 214 1411 est.
272 1374 324 1409 Ita
356 1376 393 1408 in
432 1375 722 1414 alterationibus,
772 1384 811 1410 ut
845 1378 882 1409 in
923 1378 1151 1410 calefactione

151 1438 280 1472 aquae,
309 1428 430 1459 eadem
451 1427 611 1460 caliditas
631 1434 701 1467 est,
731 1428 830 1461 cuius
847 1435 959 1472 partes
980 1429 1150 1471 paulatim

151 1479 189 1510 in
208 1489 334 1522 aquam
361 1478 662 1517 introducuntur,
691 1479 751 1511 sed
778 1485 895 1512 tamen
924 1479 1040 1512 oritur
1064 1477 1150 1512 haec
1175 1506 1178 1514 .

1012 1529 1061 1564 lta
1079 1531 1148 1563 dis-
1176 1528 1177 1547 l

149 1529 263 1561 forma
282 1529 325 1561 ab
342 1535 485 1571 agente,
510 1535 544 1562 et
561 1541 579 1562 a
602 1528 759 1573 patiente
776 1530 955 1573 recipitur.

149 1580 270 1613 serunt
298 1581 389 1612 actio
423 1586 456 1612 et
488 1580 600 1623 passio
633 1580 795 1612 terminis
828 1593 867 1613 ac
898 1581 1146 1616 relationibus.

149 1631 217 1663 Sed
244 1631 355 1663 forma
382 1642 471 1675 quae
495 1631 778 1671 transfunditur,
807 1633 927 1664 eadem
952 1638 1020 1672 est,
1049 1633 1149 1665 cuius

149 1681 336 1726 acquisitio
354 1693 415 1714 seu
437 1682 629 1714 transfusio
648 1682 761 1725 reipsa
780 1689 831 1715 est
851 1690 978 1717 motus.

252 1738 461 1773 Aristoteles
492 1740 528 1772 in
560 1737 625 1772 bac
653 1740 894 1784 disputatione
927 1742 1049 1775 recitat
1080 1740 1147 1775 hoc

147 1791 301 1824 dictum:
341 1789 388 1824 Ut
412 1792 533 1824 eadem
562 1792 616 1822 via
645 1798 695 1824 est
715 1803 734 1823 a
754 1789 890 1824 Thebis
909 1793 952 1824 ad
972 1790 1144 1831 Athenas,
1172 1825 1173 1830 ,

146 1849 179 1874 et
207 1843 250 1874 ab
274 1839 428 1874 Athenis
451 1843 494 1874 ad
516 1838 678 1881 Thebas,
707 1842 753 1875 ita
782 1849 918 1875 motum
938 1855 1050 1876 unum
1072 1855 1146 1876 esse

146 1893 281 1937 inquit,
313 1892 486 1924 actionem
521 1898 554 1924 et
589 1892 802 1935 passionem.
856 1892 924 1926 Sed
951 1900 1070 1926 tamen
1089 1906 1144 1926 re—

146 1943 264 1985 gulam
282 1943 399 1983 addit,
425 1943 525 1975 cuius
553 1954 636 1975 usus
662 1943 732 1975 late
751 1950 860 1987 patet:
898 1942 939 1976 In
960 1941 1033 1984 his,
1056 1957 1145 1989 quae

146 2000 227 2027 sunt
246 1995 366 2026 eadem
384 1994 496 2037 reipsa
510 2021 518 2034 ,
545 2000 664 2026 tamen
689 1994 796 2027 simul
815 1994 933 2039 aliqua
951 1995 1073 2029 insunt
1089 1996 1144 2028 di-

146 2055 244 2077 versa
256 2069 265 2083 ,
294 2051 328 2078 et
344 2045 449 2078 multi
465 2051 644 2088 respectus
659 2045 860 2078 variantur.
885 2043 1020 2078 Eadem
1040 2045 1142 2079 Luna

145 2096 308 2138 superior
324 2101 373 2128 est
391 2096 491 2135 a'e're,
521 2102 553 2128 et
582 2095 732 2129 inferior
758 2095 853 2131 Sole.
914 2095 1012 2130 ldem
1040 2104 1143 2140 potus

144 2147 261 2179 bonus
278 2152 328 2179 est
346 2147 437 2189 parti
456 2146 662 2180 torrefactae
681 2147 719 2179 in
737 2158 898 2190 corpore,
915 2155 948 2182 et
960 2147 1074 2181 malus
1091 2155 1142 2182 est

143 2196 209 2230 toti
233 2197 385 2240 corpori.
441 2196 539 2230 Idem
567 2208 697 2231 nervus
728 2205 779 2232 est
806 2210 982 2242 organum
1018 2211 1141 2233 sensus

145 2253 177 2281 et
198 2253 316 2279 motus
334 2247 465 2280 localis.

244 2304 322 2337 Hoc
342 2304 452 2346 igitur
469 2306 602 2339 dictum
622 2306 666 2340 sit
689 2307 907 2345 admonitio,
938 2315 976 2341 ut
1001 2321 1081 2341 cum
1102 2309 1138 2342 in

143 2368 215 2390 una
233 2367 270 2388 re
292 2355 527 2388 inveniuntur
549 2356 664 2401 aliqua
689 2358 846 2397 diversa,
881 2366 920 2392 ut
948 2360 985 2392 fit
1007 2360 1136 2404 saepis-

141 2407 246 2447 sime,
281 2406 470 2450 prudentia
500 2405 712 2441 adhibeatur
736 2409 774 2441 in
800 2410 1071 2453 distinguendo,
1103 2419 1136 2444 et

141 2468 263 2491 causae
282 2456 495 2490 diversitatis
514 2457 634 2489 dextre
661 2467 887 2502 quaerantur.
943 2460 990 2494 Ut
1010 2461 1046 2494 in
1065 2474 1135 2495 una

141 2515 175 2541 et
197 2509 319 2541 eadem
344 2508 464 2541 anima
496 2504 653 2540 hominis
681 2517 762 2542 sunt
795 2511 947 2544 noticiae
975 2513 1075 2555 legis,
1103 2520 1136 2545 et

140 2559 315 2592 iudicium
333 2558 535 2603 adprobans
552 2558 664 2600 legem
680 2557 765 2599 Dei,
793 2568 825 2594 et
843 2568 960 2596 tamen
989 2571 1072 2597 sunt
1096 2564 1134 2596 in

141 2621 179 2643 ea
195 2609 299 2644 multi
318 2610 474 2644 adfectus
490 2615 727 2654 repugnantes
745 2609 827 2653 legi.

865 75 1022 110 INITIA
1050 72 1345 109 DOCTRINAE
1374 75 1627 113 PHYSICAE.

1038 581 1160 615 'Motus
1187 577 1188 585 ἵ

2143 87 2214 120 562

1191 167 1195 222 I
1537 162 1635 203 Quid
1663 169 1719 199 est
1749 167 1889 207 Quies?

1189 232 1194 300 ἐ
1323 233 1433 276 Quies
1450 244 1498 270 est
1517 238 1668 280 privatio
1686 248 1800 276 motus
1820 244 1855 276 in
1873 258 1932 283 eo,
1961 248 2055 290 quod
2074 249 2206 280 moxeri

1190 332 1193 339 x
1410 284 1657 338 Qppouuutur
1688 293 1782 326 enim
1816 295 2006 338 privative,
2049 298 2147 342 qui-„s
2173 308 2204 332 et

1190 344 1193 382 ζ
1219 343 1345 368 motus.
1400 335 1532 370 *hoium
1551 346 1601 372 est
1618 348 1732 374 autem
1751 356 1789 376 ex
1806 346 1984 380 dialectica
1998 375 2006 387 ,
2035 349 2204 391 privatio-

1189 385 1192 430 ξ
1217 398 1297 418 nem
1324 398 1395 419 nou
1426 387 1633 430 simpliciter
1655 395 2116 441 negationem..significare‚
2143 403 2203 432 sed

1215 448 1352 481 semper
1386 437 1580 479 significare
1606 441 1643 472 in
1673 444 1829 478 subiecto
1856 448 1974 492 aliquo
2007 451 2202 484 absentiam

1187 488 1287 535 Jrei,
1323 490 1365 521 ad
1396 501 1501 533 quam
1535 491 1774 534 recipiendam
1809 497 2001 532 subiectum
2034 501 2201 535 idoneum

1187 544 1189 564 t
1214 545 1281 579 est,
1310 547 1369 573 aut
1387 540 1491 574 eti-em
1509 548 1633 574 natura
1653 543 1862 579 inclinatum
1889 556 1958 588 est,
1994 559 2031 584 ut
2053 553 2199 586 coecitas

1214 590 1250 621 in
1269 592 1370 624 oculo
1395 598 1444 623 est
1461 593 1646 634 adpetente
1669 594 1795 630 visum.

1184 675 1186 689 A
1315 641 1506 686 Postquam
1524 643 1792 690 autemPhysici
1810 645 1894 681 haec
1912 652 2114 687 tenuissima
2132 657 2201 688 ini-

1186 696 1188 731 j
1212 692 1260 725 tia
1287 693 1329 725 de
1355 701 1454 725 motu
1478 694 1730 736 recitaverunt,
1757 697 1933 743 incipiunt
1960 704 2001 735 de
2024 705 2199 738 alteratio-

1213 743 1318 775 nibus
1340 750 1373 776 et
1396 744 1507 776 causis
1530 745 1800 790 alteratiouum,
1836 749 1901 784 hoc
1924 761 1993 789 est,
2023 756 2064 787 de
2088 758 2202 789 varie-

1185 803 1187 847 }
1214 800 1281 827 tate
1313 795 1541 838 qualitatum,
1584 797 1714 832 deinde
1746 801 1787 833 dc
1815 803 2048 837 mixtionibus
2075 808 2200 847 dicere,

1183 856 1187 902 1
1211 846 1306 877 unde
1349 853 1547 890 sequuntur
1587 851 1832 891 generationes
1873 861 1905 886 et
1943 858 2199 900 corruptiones.

1211 894 1280 929 Sed
1299 896 1502 943 priusquam
1524 900 1565 932 ad
1587 912 1661 932 eam
1680 902 1877 936 doctrinam
1904 906 1946 938 de
1966 906 2200 942 §junonibus

1182 958 1185 996 Ι
1209 947 1406 990 acceditur,
1434 951 1476 981 de
1498 948 1551 983 his
1570 952 1847 995 proprietatibus
1872 968 2059 1000 corporum
2079 960 2200 992 dicen—

1181 997 1186 1008 ⁶
1210 999 1294 1033 dum
1313 1007 1380 1040 est,
1407 1001 1449 1033 de
1468 1000 1608 1042 Finito,
1636 1004 1679 1035 de
1692 1002 1788 1037 Loco
1807 1012 1839 1038 et
1856 1005 2045 1051 Tempore.

1489 1104 1587 1144 Quid
1613 1109 1669 1138 est
1697 1104 1920 1153 Infinitum?

1310 1179 1368 1212 Sic
1387 1179 1511 1212 definit
1536 1178 1719 1213 Infinitum
1746 1181 1971 1217 Aristoteles:
2016 1186 2195 1221 infinitum

1206 1236 1272 1268 est,
1300 1230 1400 1262 cuius
1419 1231 1650 1273 quantitatem
1670 1232 1924 1275 accipientibus
1941 1249 2076 1280 semper
2096 1247 2195 1272 restat

1204 1280 1340 1324 aliquid
1374 1280 1631 1323 accipiendum.
1697 1281 1887 1324 Quoddam
1912 1294 2026 1319 antem
2054 1298 2197 1323 vocatur

1206 1329 1389 1364 Infinitum
1411 1331 1446 1362 in
1467 1338 1562 1372 actu,
1589 1332 1772 1371 videlicet,
1800 1336 1862 1367 ubi
1886 1344 1964 1369 actu
1991 1338 2094 1371 simul
2112 1350 2194 1373 sunt

1204 1381 1364 1414 infinitae
1389 1389 1515 1424 partes.
1577 1381 1800 1426 Impossibile
1824 1393 1873 1419 est
1898 1394 2014 1420 autem
2041 1390 2194 1432 aliquam

1176 1430 1179 1454 ἴ
1203 1444 1276 1464 csse
1293 1432 1524 1477 quantitatem
1549 1432 1723 1466 infinitam
1748 1436 1784 1468 in
1809 1444 1896 1470 actu.

1306 1482 1358 1516 Ac
1383 1484 1425 1515 de
1454 1484 1699 1527 magnitudine
1725 1487 1915 1521 traduntur
1939 1487 2004 1522 hae
2029 1493 2193 1528 rationes.

1175 1548 1176 1551 ¹
1201 1530 1300 1566 Nihil
1326 1534 1553 1567 terminatum
1577 1543 1608 1568 ct
1632 1536 1788 1569 clausum
1813 1540 2013 1581 superficie,
2042 1555 2101 1576 seu
2120 1557 2193 1577 cer-

1174 1592 1176 1616 4
1202 1591 1272 1618 tam
1294 1585 1438 1628 figuram
1460 1583 1613 1624 habens,
1640 1587 1820 1621 infinitum
1840 1597 1887 1622 est
1907 1591 1943 1623 in
1960 1599 2048 1626 actu.
2100 1592 2192 1627 Om-

1202 1636 1260 1668 nia
1281 1643 1396 1669 autem
1416 1649 1564 1680 corpora
1589 1645 1671 1671 sunt
1689 1640 1875 1674 terminata
1901 1644 2103 1686 superficie,
2132 1658 2190 1679 seu

1201 1687 1336 1720 inclusa
1358 1688 1495 1730 liguris,
1523 1695 1604 1721 sunt
1624 1689 1730 1731 igitur
1748 1691 1856 1724 finita.

1302 1736 1408 1777 Item,
1436 1739 1572 1771 coelum
1593 1746 1643 1772 est
1659 1740 1818 1779 finitum,
1846 1750 1882 1775 ut
1910 1752 2024 1777 motus
2040 1746 2189 1780 circula-

1172 1796 1173 1806 *
1200 1788 1246 1820 ris
1267 1789 1452 1822 manifeste
1469 1790 1633 1824 ostendit.
1688 1788 1821 1824 Omnia
1842 1792 1949 1835 igitur
1967 1807 2113 1840 corpora
2134 1799 2188 1830 in-

1171 1859 1174 1873 «
1199 1846 1250 1871 tra
1271 1839 1407 1872 coelum
1425 1840 1524 1872 finita
1546 1846 1637 1873 sunt.

1170 1886 1174 1946 ἑ
1301 1889 1411 1922 Aliud
1443 1890 1573 1923 dicitur
1606 1889 1787 1925 lnfinitum
1817 1896 1992 1937 potentia,
2035 1895 2100 1930 hoc
2127 1907 2187 1938 est,

1170 1949 1172 1958 ¹
1198 1939 1298 1973 cuius
1324 1947 1458 1983 parteS,
1492 1953 1564 1973 non
1588 1942 1731 1985 quidem
1757 1944 1862 1977 simul
1888 1953 1970 1980 sunt
2000 1955 2093 1989 actu,
2128 1957 2186 1982 sed

1195 1991 1348 2023 subinde
1377 1993 1614 2024 succedentes-
1675 1992 1733 2026 Sic
1758 2001 1893 2038 tempus
1920 1999 2090 2041 cogitetur
2115 2013 2186 2034 csse

1196 2041 1396 2082 infinitum,
1424 2054 1503 2075 cum
1521 2043 1661 2076 duratio
1681 2056 1799 2078 rerum
1819 2047 1885 2080 erit
1903 2048 1978 2082 sine
1993 2050 2070 2081 fine.

1296 2091 1368 2126 Nec
1384 2105 1553 2126 numerus
1574 2094 1704 2127 dicitur
1722 2096 1882 2131 infinitus
1908 2098 1944 2131 in
1970 2107 2064 2140 actu,
2102 2103 2184 2146 quia

1194 2143 1222 2175 si
1239 2150 1289 2177 est
1307 2144 1560 2184 numerabilis,
1594 2145 1715 2179 finitus
1739 2155 1799 2181 est.
1852 2148 1920 2182 Sed
1946 2152 2101 2194 potentia
2129 2154 2184 2186 di-

1193 2194 1286 2227 citur
1300 2194 1418 2240 aliqua
1438 2196 1632 2229 multitudo
1649 2208 1722 2230 esse
1740 2198 1890 2239 infinita,
1916 2202 2183 2237 succedentibus

1192 2245 1345 2278 subinde
1367 2246 1578 2281 unitatibus.
1633 2245 1677 2280 Et
1694 2245 1764 2281 huc
1784 2251 1932 2292 pertinet
1958 2252 2104 2294 puerilis
2120 2258 2184 2288 adu

1191 2296 1361 2337 monitio,
1386 2297 1423 2329 in
1439 2298 1686 2340 magnitudine
1703 2300 1860 2342 duplices
1878 2312 1950 2334 esse
1973 2310 2099 2345 partes,
2128 2308 2182 2341 vi-

1191 2347 1317 2381 delicet
1360 2345 1522 2393 physicas
1559 2360 1619 2381 seu
1664 2350 1908 2383 substantiales
1949 2355 2181 2397 quantitatem

1191 2395 1380 2439 habentes,
1407 2406 1445 2431 nt
1473 2399 1609 2431 arboris
1637 2407 1751 2443 partes
1780 2401 1911 2434 multae
1937 2410 1967 2435 et
1987 2416 2133 2447 magnae
2150 2418 2181 2443 et

1189 2461 1317 2492 parvae
1343 2450 1454 2482 secari
1481 2456 1645 2493 possunt,
1684 2451 1742 2482 sed
1775 2458 1892 2484 tamen
1926 2466 1990 2487 nec
2012 2465 2090 2490 actu
2117 2472 2181 2494 nec

1188 2500 1345 2544 potentia
1371 2500 1548 2538 infinitae,
1573 2500 1653 2543 quia
1672 2501 1816 2534 tandem
1841 2502 1930 2537 fiunt
1953 2513 2068 2548 partes
2092 2511 2181 2544 adeo

1188 2551 1360 2591 minutae,
1387 2557 1425 2583 ut
1443 2550 1656 2582 dissolvatur
1673 2552 1882 2586 substantia.
1933 2555 2056 2592 Sciant
2074 2560 2184 2603 igitur

1186 2601 1365 2639 iuniores,
1400 2612 1583 2645 nunquam
1605 2601 1674 2634 dici
1699 2609 1777 2637 actu
1799 2605 1854 2637 vel
1878 2608 2037 2649 potentia
2061 2610 2182 2644 infini-

1188 2660 1237 2687 tas
1255 2658 1370 2695 partes
1387 2648 1560 2695 physicas,
