2379 2948
220 139 292 175 579

249 227 352 265 Quae
373 227 462 257 sunt
484 225 612 266 partes
627 215 894 261 propositionis
911 209 1177 259 cateyoricae?

324 289 412 322 Tres
436 294 516 320 sunt
541 290 668 327 partes:
707 280 929 319 Subiectum,
957 278 1201 312 praedicatum

223 349 256 375 ct
280 340 424 383 Copula.
479 335 682 369 Subiectum
715 338 766 364 cst
790 331 825 363 in
851 329 1088 363 Grammatica
1118 340 1202 360 con-

224 391 412 426 structione
431 386 528 430 prior
545 382 805 421 nominativus,
834 383 875 413 de
899 393 967 425 quo
993 380 1089 413 aliud
1116 378 1203 410 dici-

223 450 295 481 tur,
325 436 557 472 Grammatici
582 440 708 467 vocant
732 432 964 476 suppositum.
1018 429 1203 463 Praedica-

221 500 294 526 tum
315 496 365 523 est
385 486 574 530 descriptio
598 495 747 529 sequens
773 482 953 526 copulam,
981 492 1040 513 scu
1059 486 1107 512 est
1126 491 1203 510 ver·
1228 508 1229 515 ,

222 544 305 574 bum
324 538 463 572 nomini
481 537 704 572 attributum,
721 535 814 578 qnod
828 531 1059 565 Grammatici
1078 535 1203 561 vocant
1227 544 1230 568 4

498 587 633 631 Copula
666 592 715 618 cst
756 584 900 616 verbum
933 582 1202 618 substantivum,
1228 607 1230 614 ,

223 643 316 688 quod
345 648 395 674 est
420 650 528 672 nexus
554 649 613 670 seu
638 635 837 672 vinculum,
866 646 937 677 quo
965 631 1203 675 praedicatum
1229 651 1230 663 2

222 591 434 636 appositum.

224 693 379 726 subiecto
405 690 591 731 allegatur,
630 694 684 718 ut:
719 684 814 717 Deus
839 691 887 716 est
914 683 1044 721 iustus,
1080 681 1139 713 sed
1166 680 1203 711 in

224 743 340 776 verbis
356 742 446 773 inest
461 739 584 782 copula
603 749 664 780 per
679 747 769 774 sese,
796 741 849 767 ut:
878 732 972 766 Deus
989 743 1067 763 vere
1085 730 1205 762 irasci-

225 802 282 828 tur
307 792 465 836 peccatis,
520 788 564 822 [t
589 794 703 819 antem
729 795 925 818 sermonem
949 781 1161 815 Dialecticus
1187 792 1204 812 a

226 842 464 877 Grammatica
497 839 639 881 accipit,
680 837 726 868 ita
761 836 870 867 discat
902 834 1005 875 inde,
1042 843 1131 877 quae
1163 831 1206 864 sit

225 894 336 927 oratio
356 904 428 923 non
448 890 584 929 vitiosa,
613 887 696 931 quid
716 897 845 918 nomen
861 885 916 924 sit,
943 884 1028 928 quid
1047 883 1206 917 verbum.

224 944 332 978 Recte
349 948 462 974 antem
477 952 554 973 cum
574 936 813 971 Grammatica
832 935 1013 977 congruit,
1041 934 1135 978 quod
1152 933 1207 965 di-

226 995 335 1033 citur,
358 991 561 1026 Subiectum
587 1000 659 1021 esse
681 998 829 1024 nomen,
864 986 945 1030 quia
973 990 1111 1028 oportet
1133 995 1206 1016 rem

226 1052 285 1078 aut
304 1054 487 1087 personam
507 1041 583 1073 loco
610 1038 743 1072 subecti
765 1036 860 1080 poni.
895 1035 1098 1068 Praedicata
1124 1045 1207 1066 vero
1232 1065 1233 1068 ,

225 1102 306 1129 sunt
329 1101 389 1127 aut
419 1092 542 1131 verba,
575 1096 613 1123 ut
638 1087 868 1122 Grammatici
899 1086 1113 1130 loquuntur,
1148 1090 1207 1117 aut

225 1145 370 1178 nomina
399 1142 588 1180 adiectiva,
623 1146 683 1172 aut
706 1137 941 1176 substantiva,
975 1148 1062 1180 quae
1084 1136 1120 1167 in
1147 1136 1207 1167 de-

226 1194 478 1239 scriptionibus
497 1198 557 1225 aut
576 1201 701 1232 genera
721 1195 780 1221 aut
797 1187 928 1231 species
947 1186 1029 1230 poni
1050 1191 1208 1230 possunt,
1233 1223 1234 1226 Ἰ

225 1253 278 1280 ut:
308 1244 465 1288 Iuppiter
481 1248 531 1275 est
545 1241 642 1274 stella
656 1267 664 1280 ‚
693 1246 755 1274 etc.
810 1237 880 1270 Nec
898 1237 1081 1281 pueriliter
1104 1236 1208 1269 intel-

227 1398 392 1430 dicatum.
434 1394 500 1427 Sed
520 1393 563 1425 sit
581 1390 773 1434 propositio
789 1389 901 1422 oratio
917 1388 1067 1430 integra,
1095 1387 1210 1427 unica,

228 1446 364 1481 etiamsi
381 1445 537 1477 subiecto
557 1449 615 1475 aut
635 1441 851 1485 praedicato,
881 1439 917 1470 id
936 1445 1005 1477 est,
1031 1437 1207 1481 principa-

228 1499 322 1530 libus
337 1495 504 1528 membris
520 1494 696 1525 addantur
713 1489 963 1532 descriptiones
981 1488 1119 1532 aliquae
1131 1513 1140 1531 ‚
1170 1495 1210 1521 ut

229 1560 309 1580 vere
327 1545 519 1591 propositio
539 1551 602 1576 cst:

605 1603 752 1633 Didio-isse
770 1602 894 1630 fideliter
908 1607 983 1629 artes

432 1656 556 1685 Emollit
573 1666 668 1683 mores
679 1678 686 1691 ‚
713 1664 767 1682 nec
782 1654 851 1681 sinit
868 1663 928 1680 esse
944 1652 1037 1679 feros.

329 1715 392 1746 Illa
410 1711 606 1745 admonitio
625 1707 818 1742 necessaria
836 1714 896 1739 est.
940 1705 1139 1748 Diligenter
1155 1715 1209 1737 as-

231 1766 375 1799 suefiant
394 1764 583 1798 discentes,
613 1768 651 1793 ut
668 1759 908 1797 considerent,
937 1767 1026 1800 quae
1052 1756 1209 1788 membra

230 1816 371 1860 proprie
390 1813 535 1847 subiecti
567 1812 681 1844 locum
707 1815 868 1848 teneant,
896 1819 983 1852 quae
1008 1806 1212 1850 praedicati,

230 1865 295 1899 hoc
328 1873 393 1903 est,
435 1870 526 1896 recte
559 1863 694 1895 discant
728 1858 1002 1892 Grammaticam
1036 1857 1237 1902 syntaxin„

230 1926 268 1951 ut
286 1914 357 1949 hic:

367 1968 521 1997 Laudibus
536 1967 668 2003 arguitur
683 1967 745 1993 vini
763 1965 884 1992 vinosus
898 1962 1057 1991 Homerus.

233 2025 396 2060 Svntaxis
415 2022 498 2056 haec
516 2029 581 2054 est:
609 2019 784 2052 Homerus
801 2019 980 2061 arguitur,
1008 2019 1044 2051 id
1062 2025 1123 2057 est,
1149 2018 1211 2050 de-

232 2074 465 2120 prehenditur
495 2073 660 2110 vinosus,
701 2070 782 2114 quia
807 2081 907 2112 saepe
931 2069 1049 2101 laudet
1074 2069 1211 2101 vinum.
1236 2077 1237 2083 ¹

235 2127 387 2159 Vinosus
405 2123 596 2168 praedicati
615 2131 694 2165 pars
711 2126 778 2160 est,
805 2131 877 2151 non
898 2119 1056 2152 subiecti.
1110 2117 1211 2151 Hanc

233 2177 510 2210 admonitionem
524 2171 752 2206 necessariam
771 2181 841 2202 esse
853 2170 889 2201 in
907 2168 1119 2212 gravissimis
1137 2181 1212 2202 ma-

231 2228 328 2261 teriis
347 2227 450 2260 etiam
469 2224 622 2268 exempla
635 2222 805 2267 quaedam
824 2226 941 2264 postea
955 2221 1210 2254 monstrabunt.

236 2328 324 2366 Quae
346 2329 393 2357 est
416 2324 558 2356 secunda
581 2321 698 2354 divisio
724 2319 957 2362 propositionis
986 2318 1211 2360 cotteym-icae?

334 2386 620 2430 Propositionum
637 2384 704 2416 alia
729 2389 779 2415 est
802 2381 1030 2421 affirmativa,
1055 2381 1124 2414 alia
1148 2393 1211 2413 ne—
1235 2387 1237 2391 ’

236 2438 360 2480 gativa.
413 2436 632 2469 Affirmativa
662 2441 732 2473 est,
765 2444 853 2477 quae
879 2438 1051 2465 asseverat
1075 2432 1211 2476 aliquid

237 2489 371 2525 adesse,
398 2498 456 2519 seu
476 2487 588 2519 inesse
605 2485 779 2524 subiecto,
805 2491 861 2517 ut:
889 2482 1008 2516 Paries
1030 2488 1079 2515 est
1100 2479 1211 2516 albus.

234 2537 423 2579 Negativa‚
451 2549 538 2580 quae
559 2542 730 2568 asseverat
747 2534 880 2579 aliquid
900 2534 1018 2566 abesse
1045 2533 1211 2573 subiecto,

234 2639 395 2682 positam,
413 2636 473 2669 ubi
491 2648 569 2667 vere
584 2643 737 2669 removet
755 2635 990 2679 praedicatum
1009 2647 1025 2667 a
1045 2635 1210 2675 subiecto,

236 2695 274 2722 ut
289 2687 372 2722 haec
390 2694 438 2721 est
456 2686 631 2728 negativa:
659 2684 830 2729 Epicurea
853 2683 1075 2731 philosophia
1087 2713 1096 2726 ,
1122 2698 1209 2732 quae

454 134 658 170 sciurrx
690 131 762 165 pn.
791 127 903 162 MEL.
935 126 1003 160 An
1030 124 1156 160 1115T.
1185 123 1328 161 PROF.
1354 122 1419 159 ET
1447 121 1637 159 PHILOS·
1665 123 1986 164 SPECTANTIA.

226 1298 380 1340 ligantur
400 1301 525 1338 partes,
542 1291 640 1336 quasi
652 1295 811 1333 oporteat
828 1288 969 1321 unicam
987 1299 1107 1319 vocem
1124 1288 1207 1319 sub-
1232 1286 1234 1328 j
1260 1284 1331 1305 nes·

226 1348 353 1380 iectum
373 1356 455 1381 esse,
473 1351 505 1376 et
525 1343 653 1375 deinde
671 1351 792 1380 rursus
808 1339 948 1372 unicam
970 1349 1090 1371 vocem
1110 1349 1209 1380 prae-
1233 1369 1235 1375 ,
1298 1375 1304 1380 -
2021 1373 2028 1380 ι
2191 1373 2199 1380 .

1233 1388 1235 1394 t
1260 1375 1394 1418 aliqua,
1422 1385 1482 1405 seu
1510 1373 1638 1412 multa,
1664 1383 1723 1405 seu
1748 1384 1876 1415 pauca,
1901 1374 1944 1405 de
1969 1375 2098 1417 quibus
2120 1374 2240 1406 subie-

2158 124 2232 160 580

1226 213 1228 216 ’
1252 210 1400 243 affirmat
1423 210 1640 254 voluptatem
1667 221 1740 242 esse
1766 221 1943 243 summum
1968 212 2121 255 bonum,
2157 222 2231 244 non

1253 268 1303 294 est
1328 273 1420 293 vera.
1474 261 1562 293 Nam
1588 261 1726 303 negatio
1760 261 1999 304 praedicatum
2029 269 2185 295 removet
2212 274 2231 295 a

1253 311 1419 346 subiecto.
1472 310 1566 344 Haec
1583 323 1656 343 non
1674 317 1723 344 est
1742 311 1922 354 negativa:
1951 308 2079 344 Omnis
2093 312 2231 355 planta-

1253 361 1320 402 tio,
1347 374 1451 406 quam
1470 374 1542 395 non
1559 361 1730 405 plantavit
1746 361 1850 395 Pater
1875 361 2050 402 coelestis,
2076 362 2231 395 eradica-

1253 412 1360 446 bitur.
1416 411 1484 446 Hic
1502 413 1595 445 enim
1615 412 1753 455 negatio
1772 424 1843 445 non
1863 412 2006 445 additur
2023 412 2233 457 praedicato,

1253 463 1312 495 sed
1331 463 1461 496 inserta
1479 470 1529 497 est
1547 463 1776 507 descriptioni
1795 462 1952 496 subiecti.

1381 552 1471 591 Quae
1494 555 1542 583 est
1563 552 1664 584 tertia
1688 553 1804 584 divisio
1824 549 2109 594 propositionum?

1355 613 1644 658 Propositionum
1668 615 1756 648 aliae
1782 623 1863 649 sunt
1887 616 2121 656 universales,
2148 614 2235 648 aliae

1255 665 1498 709 particulares,
1538 665 1627 697 aliae
1656 665 1880 706 indefinitae,
1915 666 2003 699 aliae
2030 666 2235 709 singulares.

1256 716 1330 750 Hae
1347 715 1599 759 appellationes
1611 727 1650 747 ex
1661 714 1900 749 Grammatica
1912 724 2014 750 notae
2025 723 2117 752 sunt.
2144 715 2236 750 Uni-

1255 767 1399 800 versalis
1425 773 1495 806 est,
1530 766 1567 798 in
1602 777 1668 810 qua
1697 766 1835 809 signum
1863 767 2062 800 universale
2092 767 2236 801 additur

1257 818 1430 857 subiecto,
1454 823 1492 849 ut
1508 817 1759 859 complectatur
1776 816 1913 857 omnia,
1939 819 1982 850 de
2000 818 2128 862 quibus
2151 818 2235 850 sub-

1257 869 1385 901 iectum
1410 867 1478 899 dici
1502 874 1633 910 potest,
1662 873 1719 899 ut:
1747 865 1883 900 Omnes
1907 868 2025 901 stellae
2048 875 2131 902 sunt
2156 879 2236 901 cor-

1258 931 1342 963 pora
1362 918 1496 958 lucida,
1523 917 1628 950 Nulla
1645 917 1742 950 stella
1758 924 1807 951 est
1824 918 1971 951 conflata
1987 930 2027 951 ex
2045 918 2236 954 elementis.

1258 970 1350 1003 Sunt
1374 975 1488 1001 autem
1515 973 1609 1010 signa
1637 968 1868 1001 universalia:
1904 968 2042 1009 omnis,
2077 968 2238 1014 quilibet,

1258 1021 1398 1059 nullus,
1425 1031 1540 1051 nem0.
1594 1016 1640 1052 Et
1657 1018 1848 1062 particulae
1865 1019 2058 1052 exclusivae
2076 1020 2146 1052 vim
2172 1016 2238 1052 ha·

1259 1072 1343 1104 bent
1359 1069 1634 1110 universalium,
1661 1076 1715 1102 ut:
1743 1068 1819 1102 Soli
1836 1071 2016 1103 credentes
2034 1068 2239 1113 Evangelio,

1258 1119 1426 1154 haeredes
1443 1127 1526 1153 sunt
1542 1126 1701 1152 aeternae
1718 1120 1857 1161 salutis,
1884 1121 1921 1153 id
1937 1127 2003 1161 est,
2029 1131 2153 1153 omnes
2169 1120 2238 1153 sal-

1260 1173 1393 1204 vandos
1416 1169 1610 1213 Evangelio
1635 1171 1778 1203 credere
1803 1183 1942 1204 necesse
1968 1178 2036 1212 est,
2078 1170 2237 1204 Tantum

1259 1220 1366 1255 homo
1384 1222 1512 1264 currit,
1538 1221 1573 1253 id
1594 1228 1662 1261 est,
1687 1232 1808 1254 omnes
1827 1228 2006 1255 currentes
2022 1227 2105 1255 sunt
2123 1219 2238 1254 homi—

1383 1271 1611 1305 Particularis
1628 1278 1695 1312 est,
1722 1272 1759 1304 in
1777 1284 1844 1317 qua
1867 1273 2006 1316 signum
2029 1272 2239 1316 particulare

1259 1324 1416 1357 subiecto
1434 1323 1587 1361 additur,
1610 1329 1648 1356 ut
1663 1323 1915 1366 complectatur
1930 1335 2002 1355 non
2020 1323 2151 1363 omnia,
2177 1323 2240 1355 sed

1261 1430 1355 1456 ctum
1374 1424 1523 1463 dicitur,
1551 1429 1606 1455 ut:
1635 1423 1759 1467 Aliqui
1784 1420 1944 1456 homines
1968 1423 2093 1456 timent
2110 1421 2239 1464 Deum,

1262 1474 1385 1518 Aliqui
1413 1472 1574 1506 homines
1603 1485 1675 1506 non
1703 1473 1828 1506 timent
1855 1472 1982 1507 Deum.
2036 1473 2142 1516 Signa
2159 1486 2240 1518 par-

1261 1525 1422 1558 ticularia
1440 1531 1535 1557 sunt:
1564 1524 1728 1568 quidam,
1755 1524 1895 1568 aliquis,
1923 1525 2116 1569 plaerique,
2143 1525 2239 1569 plae-

1235 1605 1236 1608 ,
1262 1588 1416 1619 runque,
1450 1575 1599 1618 reliqui,
1631 1581 1668 1607 ut
1702 1574 1923 1617 particularis
1956 1575 2148 1619 propositio
2173 1583 2239 1610 est:

1235 1625 1460 1658 ¹Luxuriant
1506 1624 1616 1657 animi
1658 1625 1761 1657 rebus
1806 1625 2024 1670 plaerunque
2064 1626 2238 1668 secundis,

1234 1677 1297 1708 ‘id
1333 1683 1400 1713 est,
1441 1675 1621 1720 plaerique
1658 1672 1820 1707 homines
1859 1676 1896 1708 in
1937 1676 2099 1710 secundis
2133 1678 2238 1712 rebus

1262 1727 1371 1769 magis
1405 1727 1522 1759 laxant
1557 1726 1694 1758 frenum
1728 1726 1990 1769 cupiditatibus,
2052 1726 2239 1763 Indefinita

1263 1784 1332 1817 est,
1376 1778 1411 1809 in
1444 1789 1509 1822 qua
1533 1776 1727 1809 subiectum
1760 1783 1809 1809 est
1840 1777 2050 1811 vocabulum
2080 1790 2239 1813 commu-

1264 1841 1306 1861 ne
1331 1828 1405 1860 sine
1437 1829 1536 1870 signo
1570 1827 1743 1871 positum,
1780 1827 1977 1870 significans
2005 1829 2090 1861 alias
2112 1829 2237 1870 ideam,

1263 1879 1348 1911 alias
1375 1879 1650 1922 particulariter,
1678 1884 1734 1910 nt:
1763 1876 1978 1923 Eloquentia
2005 1886 2055 1912 est
2081 1879 2238 1921 facultas,

1263 1930 1456 1973 sapienter,
1490 1936 1599 1969 recte,
1627 1928 1808 1972 perspicue
1833 1936 1864 1962 et
1889 1935 2010 1962 ornate
2031 1929 2171 1963 dicendi
2195 1932 2239 1965 de

1262 1979 1337 2012 Deo
1362 1987 1395 2013 et
1418 1980 1495 2012 aliis
1512 1980 1616 2012 rebus
1636 1980 1748 2011 bonis.
1801 1977 1903 2012 Item:
1931 1978 2061 2012 Anima
2084 1977 2239 2017 hominis

1264 2038 1315 2064 est
1334 2030 1552 2063 immortalis.
1604 2028 1671 2061 Hic
1687 2030 1729 2062 de
1749 2029 1861 2072 specie
1877 2029 2017 2064 dicitur.
2071 2030 2239 2075 Propter.

1263 2093 1301 2114 ea
1319 2080 1563 2114 Iurisconsulti
1589 2080 1729 2120 dicunt,
1759 2078 1981 2114 Indefinitam
1999 2082 2237 2126 aequipollere

1263 2132 1493 2170 universalia,
1518 2131 1612 2175 quod
1630 2142 1748 2162 verum
1767 2137 1834 2171 est,
1861 2143 1939 2164 cum
1962 2132 2133 2174 significat
2159 2146 2238 2179 spe-

1264 2182 1363 2217 ciem.
1416 2182 1484 2216 Sed
1502 2181 1679 2215 interdum
1696 2181 1865 2223 significat
1882 2183 2157 2225 particulariter,
2182 2192 2237 2219 ut:

1235 2253 1237 2263 ,
1264 2234 1445 2267 Secundae
1472 2243 1526 2265 res
1554 2232 1687 2264 faciunt
1719 2230 1878 2265 homines
1903 2233 2167 2273 insolentiores,
2200 2236 2237 2269 id

1235 2311 1237 2317 .
1263 2290 1332 2324 est,
1361 2283 1544 2330 plaerique
1569 2280 1730 2314 homines
1756 2282 1793 2314 in
1825 2284 1987 2316 secundis
2018 2286 2121 2318 rebus
2145 2284 2237 2321 fiunt

1264 2334 1522 2367 insolentiores.
1582 2331 1772 2375 Diligentia
1802 2333 1910 2376 igitur
1941 2332 2139 2369 adhibenda
2174 2344 2235 2376 est,

1262 2391 1301 2417 ut
1316 2385 1565 2422 consideretur,
1585 2384 1646 2416 ubi
1664 2383 1847 2417 indefinita
1862 2385 2032 2428 significat
2046 2386 2158 2418 ideam
2175 2398 2235 2421 seu

1262 2435 1432 2478 speciem,
1468 2440 1506 2468 ut
1529 2431 1602 2466 hie:
1638 2432 1788 2466 Dilectio
1813 2442 1863 2469 est
1886 2436 2043 2479 impletio
2066 2435 2168 2478 legis,
2203 2445 2236 2473 et

1234 2525 1236 2530 A
1262 2485 1322 2518 ubi
1349 2486 1606 2529 particulariter
1629 2485 1815 2527 significet,
1849 2492 1902 2519 ut:
1937 2485 2117 2519 Cretenses
2152 2496 2234 2523 sunt

1262 2538 1464 2576 mendaces,
1492 2536 1526 2568 id
1553 2543 1619 2574 est,
1653 2536 1754 2568 multi
1778 2543 1859 2569 sunt
1880 2536 1982 2576 tales,
2016 2547 2079 2569 nec
2102 2549 2235 2580 omnes,

236 2600 297 2632 per
321 2587 524 2631 particulam
552 2586 746 2628 negativam
773 2585 1004 2618 conveniente
1035 2581 1101 2617 hoe
1133 2585 1209 2617 loco
1234 2581 1235 2598 l

1261 2598 1324 2619 nec
1342 2587 1530 2632 plaerique.
1581 2586 1778 2628 Singularis
1793 2593 1862 2629 est,
1888 2586 1925 2618 in
1947 2598 2015 2630 qua
2038 2587 2232 2623 subiectum

1233 2665 1234 2671 ,
1261 2643 1310 2669 est
1329 2638 1508 2682 proprium
1528 2649 1656 2669 nomen
1671 2664 1680 2678 ‚
1706 2648 1766 2670 seu
1783 2636 2025 2677 individuum,
2051 2645 2105 2671 ut:
2136 2639 2236 2673 Mar-

1261 2699 1320 2720 cus
1337 2689 1458 2722 Cicero
1478 2695 1527 2722 est
1544 2694 1680 2729 orator,
1720 2688 1760 2719 In
1779 2687 1953 2730 principio
1981 2695 2054 2722 erat
2075 2690 2232 2732 verbum,
