2379 2948
143 97 217 133 425
782 95 844 131 IV.

140 180 327 226 rumpebat
355 182 545 215 sententias
571 181 684 216 Pauli.

139 233 333 266 traduntur
349 240 532 277 praecepta
557 234 600 266 de
625 229 814 272 methodo,
841 232 878 264 in
903 233 1032 265 nostris
1059 232 1135 264 dia—

140 283 274 317 lecticis
299 283 449 325 libellis,
478 282 536 317 hic
564 295 624 316 ero
655 282 817 322 brevior,
852 289 990 316 tanturn
1018 294 1135 316 exem-

140 334 240 378 plum
257 346 370 367 unum
386 343 491 380 atque
507 334 654 368 alterum
673 332 883 366 adscribam.

243 391 341 435 Quid
360 399 410 425 est
433 391 566 424 virtus?
598 388 663 423 Est
680 388 822 423 habitus
841 390 1053 431 voluntatis,
1078 391 1134 423 in-

140 443 277 476 clinans
306 444 348 476 ad
381 442 620 476 obediendum
656 441 788 474 iudicio
824 449 937 475 rectae
973 442 1131 475 rationis.

139 493 320 528 Recenseo
348 492 442 527 enim
470 493 634 526 usitatam
669 490 972 537 Philosophorum
1007 493 1132 525 defini-

140 545 287 578 tionem.

242 604 341 648 Quae
359 603 501 647 partes?
552 601 745 637 Dialectice
763 611 909 648 possunt
928 611 1042 649 partes
1061 604 1129 636 dici

138 668 250 701 genus
265 662 298 689 et
313 654 513 688 differentia
531 654 568 687 in
586 655 809 690 definitione.
858 656 926 690 Sed
945 656 971 689 si
991 655 1130 700 quaeri-

139 715 216 742 tur:
246 705 347 748 Quae
368 718 422 739 res
449 706 598 739 existant
632 706 669 738 in
696 707 832 746 anima,
868 707 988 751 quales
1014 713 1131 739 motus

138 759 231 798 sint,⁷
268 756 399 801 species
423 758 688 790 enumerandae
710 764 804 791 sunt.
854 757 943 791 'Nam
970 757 1130 790 dlversae

138 808 268 854 species
289 815 372 842 sunt
394 808 524 841 diversi
544 805 698 842 habitus.

238 867 380 912 Species
408 869 541 902 multae
574 869 754 902 numerari
786 876 949 913 possunt:

138 918 297 960 Iustitia,
325 918 534 960 Fortitudo,
562 918 740 953 Modestia
760 927 822 955 etc.

241 978 342 1022 Quae
371 979 519 1012 causae?

135 1029 204 1064 Sed
223 1030 404 1063 actionum
425 1041 548 1063 causae
566 1037 659 1069 sunt,
688 1037 821 1064 rectum
839 1030 1012 1064 iudicium
1031 1042 1130 1062 men-

135 1081 197 1122 tis,
227 1087 260 1114 et
280 1081 447 1114 voluntas
463 1081 678 1114 adsentiens.

240 1139 313 1182 Qui
332 1139 499 1173 effectus?
526 1139 686 1173 Praemia
705 1137 809 1172 aDeo
827 1139 1017 1183 proposita,
1035 1139 1130 1172 iuxta

137 1191 245 1224 illud:
282 1189 429 1223 Honora
449 1197 585 1234 patrem
612 1199 645 1224 et
661 1196 830 1231 matrem,
864 1196 904 1223 ut
925 1191 971 1223 sis
988 1190 1130 1233 longae·

137 1253 200 1276 vus
218 1253 325 1286 super
345 1248 484 1275 terram.

240 1301 341 1344 Quae
359 1301 532 1344 cognata?
561 1300 697 1333 Virtuti
714 1313 803 1346 quae
822 1308 873 1334 est
892 1299 1047 1339 habitus,
1071 1313 1130 1333 co-

135 1359 240 1397 gnata
256 1359 306 1385 est
321 1350 459 1397 φυσικὴ
478 1349 600 1397 ἀρετὴ,
628 1352 720 1384 bona
738 1352 923 1385 inclinatio
940 1353 976 1385 in
996 1359 1130 1386 natura.

239 1410 340 1454 Quae
358 1411 581 1454 pugnantia?
609 1409 797 1443 Simulatio
815 1412 976 1450 virtutis,
1004 1418 1037 1444 et
1055 1418 1130 1444 tur-

134 1463 258 1508 pitudo
289 1462 404 1506 palam
432 1473 593 1506 pugnans
620 1473 700 1495 cum
727 1462 877 1501 virtute,
911 1469 950 1495 ut
979 1461 1130 1496 Neronis

135 1521 169 1548 et
185 1514 354 1547 similium
372 1513 518 1556 flagitia.

240 1571 291 1605 lta
309 1572 493 1606 dialectica
511 1579 620 1606 metas
637 1579 668 1604 et
686 1583 842 1605 summas
860 1573 1024 1613 ostendit,
1042 1585 1130 1618 quae
1147 1580 1148 1587 ¹

135 1624 365 1668 suppeditant
384 1623 573 1656 maximam
593 1635 711 1656 rerum
728 1624 879 1668 copiam,
908 1624 935 1656 si
954 1625 1039 1657 velis
1057 1625 1130 1657 sin·
1148 1636 1149 1640 ¹

123 1675 236 1719 ,gulos
253 1675 349 1709 locos
367 1674 507 1718 integre
522 1674 707 1718 explicare.

476 1762 578 1794 Aliud
600 1762 797 1802 exemplum.

241 1825 339 1869 Quid
357 1833 408 1860 est
424 1824 650 1858 Poenitentia
662 1825 678 1858 '?
705 1823 807 1857 Prius
825 1824 868 1856 de
886 1825 1057 1857 vocabulo
1076 1825 1129 1857 di-

135 1884 246 1911 catur.
298 1876 339 1910 ln
359 1875 517 1910 Ecclesia
535 1887 701 1909 vocamus
720 1875 847 1908 usitate
865 1876 1130 1916 poenitentiam,

135 1929 172 1962 id
190 1929 286 1974 quod
305 1928 375 1962 dici
394 1933 522 1973 posset,
539 1927 723 1960 conversio
743 1926 936 1959 voluntatis
952 1929 994 1959 ad
1014 1939 1128 1960 veram

135 1979 312 2024 pietatem.

238 2037 303 2073 Est
323 2037 433 2082 igitur
448 2037 623 2073 definitio.
676 2036 901 2070 Poenitentia
921 2044 970 2070 est
996 2038 1130 2071 contri-

138 2090 188 2124 tio
212 2095 245 2123 et
271 2090 374 2129 fides,
410 2101 479 2134 qua
504 2088 681 2121 credimus
709 2088 814 2121 nobis
836 2088 966 2121 remitti
992 2097 1128 2132 peccata

137 2137 482 2185 propterChristum,
511 2152 616 2184 quam
635 2140 738 2173 fidem
758 2140 918 2184 sequitur
934 2152 1024 2172 nova
1044 2141 1129 2174 obe-

138 2191 272 2225 dientia
298 2202 378 2234 erga
395 2189 523 2225 Deum.

243 2248 344 2292 Quae
363 2249 503 2291 partes?
517 2247 714 2282 Conversio
725 2261 805 2283 vera
817 2247 925 2282 habet
942 2250 1029 2282 duas
1048 2262 1129 2293 par-

138 2310 208 2342 tes,
245 2307 414 2344 tanquam
448 2300 605 2343 duplices
630 2306 748 2334 motus
777 2301 907 2341 animi,
942 2302 1129 2335 contritio-

137 2365 238 2390 nem,
266 2351 300 2384 id
320 2356 390 2388 cst,
417 2349 633 2392 agnitionem
654 2352 810 2396 peccati,
838 2364 898 2386 seu
922 2359 1072 2386 terrores
1090 2365 1128 2386 ac

137 2403 299 2442 dolores,
328 2408 473 2446 propter
492 2407 684 2444 peccatum.

244 2461 365 2496 Altera
382 2471 460 2503 pars
479 2466 529 2493 est
546 2458 662 2500 Fides,
689 2473 779 2505 quae
798 2462 901 2505 erigit
915 2469 948 2495 et
967 2462 1129 2495 consola-

137 2521 197 2548 tur
219 2512 482 2557 perterrefactas
505 2517 656 2551 mentes,
690 2524 769 2544 cum
795 2514 922 2556 accipit
949 2513 1128 2547 remissio-

138 2577 219 2598 nem
237 2570 458 2608 peccatorum
471 2589 480 2602 ,
507 2562 674 2594 donatam
689 2569 833 2606 propter
850 2562 1044 2597 Christum.

240 2622 351 2658 Recte
368 2621 512 2656 additur
531 2628 563 2654 et
580 2620 680 2653 tertia
698 2632 795 2664 pars,
823 2634 912 2667 quae
935 2630 1051 2657 tamen
1077 2630 1128 2657 est

140 2674 282 2709 effectus
300 2673 478 2719 priorum,
505 2672 638 2707 scilicet
655 2683 745 2705 nova
768 2672 980 2707 obedientia.

889 95 1165 131 ELEMENTA
1194 92 1528 131 RHETORICES.

751 180 821 215 Sed
849 183 931 226 quia
960 180 1157 244 copiosinsl

1004 868 1130 909 Pietas,
1146 879 1147 883 ¹

579 978 733 1013 Crebrae
765 980 920 1013 actiones
951 977 1149 1022 honestae.³

2096 98 2168 133 426

1279 177 1380 221 Quae
1403 182 1548 214 causae?
1577 182 1811 216 Diversorum
1831 189 1992 217 motuum
2009 184 2166 217 diversae

1176 235 1257 262 sunt
1276 241 1410 265 causae.
1453 230 1709 274 Contritionis,
1737 235 1773 267 id
1792 241 1863 278 est,
1887 241 2062 267 terrorum
2082 247 2165 267 can—

1175 291 1248 320 sae,
1275 286 1358 312 sunt
1384 280 1458 319 lex,
1487 294 1636 325 arguens
1663 292 1820 328 peccata,
1850 293 1882 319 et
1908 284 2062 328 Spiritus
2084 297 2164 317 san-

1175 338 1250 363 ctus
1271 330 1390 363 efficax
1417 343 1479 374 per
1502 332 1632 375 legem,
1667 344 1699 368 et
1725 337 1910 380 impellens
1932 336 2163 369 voluntatem.

1173 379 1217 414 Et
1244 381 1410 415 voluntas
1441 383 1644 417 adsentiens
1675 397 1712 418 ac
1746 399 1820 419 non
1855 398 2057 431 repugnans
2081 385 2163 430 Spi-

1174 432 1257 465 ritui
1275 439 1414 471 sancto,
1443 444 1515 466 non
1537 433 1622 478 ipsis
1647 437 1795 478 peccatis
1820 438 2026 481 indulgens,
2054 449 2162 482 eaque

1173 490 1345 527 repetens.

1274 541 1376 575 Fidei
1403 554 1548 583 causae,
1575 551 1658 577 sunt
1681 543 1916 588 Evangelium
1943 548 2162 580 annuncians

1172 593 1414 626 remissionem
1441 601 1586 638 propter
1610 593 1809 636 Christum,
1845 605 1876 630 et
1900 598 2054 640 Spiritus
2080 609 2162 631 san-

1171 651 1245 677 ctus
1264 645 1383 677 efficax
1400 656 1463 689 per
1480 644 1736 688 Evangelium,
1764 659 1802 679 ac
1821 647 2006 692 impellens
2031 649 2159 681 volun-

1172 702 1287 730 tatem.
1340 694 1386 729 Et
1403 695 1569 730 voluntas
1587 698 1789 731 adsentiens
1809 706 1842 733 et
1866 712 1939 732 non
1962 710 2162 743 repugnans

1171 745 1321 790 Spiritui
1337 754 1471 780 sancto.

1273 804 1373 847 Quae
1391 806 1563 848 cognata?
1616 805 1836 841 Contritioni
1854 815 2000 851 cognata
2017 815 2065 841 est
2091 809 2164 840 vir-

1171 863 1236 894 tus,
1265 868 1354 900 quae
1372 865 1519 891 vocatur
1535 857 1643 891 timor
1655 857 1734 892 Dei.
1766 858 1866 892 Fidei
1886 866 2044 902 cognata,
2063 858 2162 902 Spes,

1171 906 1334 941 Dilectio.

1272 965 1372 1008 Quae
1392 968 1610 1011 pugnantia?
1660 966 1750 1001 Cum
1768 969 1982 1002 contritione
2004 975 2161 1013 pugnant

1147 1027 1148 1032 ¹
1170 1017 1337 1050 securitas
1364 1015 1567 1062 prophana,
1601 1030 1661 1052 seu
1689 1027 1910 1063 contemptus
1936 1021 2059 1053 iudicii
2084 1019 2162 1059 Dei,

1171 1074 1204 1100 ct
1219 1067 1397 1101 simulatio
1416 1069 1593 1104 dolorum.
1646 1068 1736 1103 Cum
1764 1070 1831 1103 fide
1857 1078 2014 1114 pugnant
2039 1073 2161 1114 despe-

1147 1141 1148 1148 1
1172 1118 1260 1151 ratio
1278 1125 1311 1151 et
1330 1118 1510 1153 simulatio
1537 1120 1639 1160 fidei,
1666 1133 1755 1165 quae
1780 1128 1829 1154 est
1855 1120 2037 1166 prophana
2062 1134 2161 1155 secu-

1147 1181 1149 1194 ¹
1172 1169 1254 1202 ritas
1271 1176 1303 1202 et
1322 1176 1544 1214 contemptus
1561 1171 1683 1203 iudicii
1702 1170 1780 1207 Dei.

1275 1227 1347 1270 Qui
1365 1236 1447 1262 sunt
1464 1229 1606 1263 effectus
1622 1242 1725 1262 verae
1746 1231 2008 1274 poenitentiae?
2060 1230 2160 1264 'Nova

1171 1285 1203 1311 et
1231 1278 1425 1322 spiritualis
1451 1280 1540 1320 vita,
1567 1280 1624 1324 pia
1651 1293 1777 1324 opera,
1805 1289 1836 1315 et
1863 1282 1945 1327 quia
1971 1295 2056 1315 voco
2077 1282 2159 1314 effe-

1171 1336 1263 1370 ctus,
1292 1330 1412 1363 omnia
1429 1343 1518 1375 quae
1535 1338 1629 1364 certo
1647 1339 1862 1376 sequuntur,
1890 1333 1992 1366 etiarn
2013 1331 2068 1365 hic
2093 1344 2160 1365 nu-

1171 1392 1267 1413 mero
1289 1380 1396 1414 vitam
1414 1388 1607 1415 aeternam.

1507 1472 1610 1503 Aliud
1637 1472 1831 1512 exemplum.

1274 1532 1370 1575 Quid
1392 1540 1441 1567 est
1458 1533 1589 1567 Fides?

1147 1589 1149 1602 '
1173 1583 1247 1616 buli
1270 1585 1525 1618 consideranda
1554 1592 1616 1621 est.

1648 1535 1808 1569 Primum
1826 1535 2034 1580 significatio
2057 1547 2160 1568 voca-

1669 1587 1852 1621 Interdum
1881 1588 1964 1620 fides
1989 1587 2159 1630 significat

1171 1635 1336 1667 noticiam
1356 1633 1524 1669 historiae
1544 1638 1586 1669 de
1605 1634 1760 1672 Christo.
1814 1639 1881 1672 Sed
1905 1639 1991 1671 alias
2016 1639 2053 1670 in
2071 1636 2160 1670 Pro-

1172 1684 1286 1730 phetis
1302 1693 1334 1720 et
1350 1686 1548 1731 Apostolis,
1578 1688 1662 1721 fides
1686 1689 1858 1733 significat
1881 1690 2065 1728 fiduciam,
2092 1700 2160 1733 qua

1171 1737 1382 1770 assentimur
1412 1739 1708 1782 promissionibus
1733 1739 1819 1780 Dei,
1852 1741 1900 1773 sic
1927 1739 2056 1772 Paulus
2083 1738 2160 1773 Ro-

1170 1800 1235 1820 ma.
1254 1787 1287 1823 4.
1305 1789 1420 1832 palam
1440 1789 1588 1823 affirmat
1605 1801 1640 1822 se
1661 1791 1702 1822 de
1722 1791 1787 1823 fide
1805 1791 1923 1836 loqui,
1951 1802 2020 1835 qua
2038 1801 2160 1823 assen-

1170 1838 1279 1871 timur
1297 1839 1543 1882 promissioni,
1572 1852 1650 1873 cum
1668 1841 1731 1875 ait:
1768 1840 1852 1875 Ideo
1871 1854 1909 1875 ex
1928 1842 2013 1882 fide,
2039 1841 2159 1884 gratis,

1169 1896 1208 1922 ut
1225 1889 1269 1922 sit
1286 1890 1384 1922 firma
1404 1891 1601 1934 promissio,

1273 1948 1334 1982 Est
1353 1949 1460 1992 igitur
1476 1950 1561 1984 fides
1579 1952 1738 1985 assentiri
1759 1952 2007 1996 promissioni,
2036 1952 2072 1984 in
2090 1963 2158 1996 qua

1170 1999 1264 2033 Dens
1291 2000 1479 2044 pollicetur
1501 2013 1536 2035 se
1563 2003 1665 2036 nobis
1690 2003 1889 2048 propicium
1912 2004 1987 2037 fore
2014 2010 2159 2048 propter

1168 2048 1364 2086 Christum.
1426 2051 1685 2097 Complectitur
1709 2066 1790 2099 ergo
1818 2052 1901 2088 haec
1924 2054 2029 2095 fides,
2062 2054 2156 2087 noti-

1169 2102 1256 2134 ciam
1274 2099 1459 2143 historiae,
1489 2111 1522 2137 et
1545 2104 1709 2139 fiduciam
1734 2106 1981 2141 assentientem
2005 2104 2156 2150 promis-

1169 2153 1280 2194 sioni,
1307 2154 1470 2199 adquam
1491 2152 1638 2189 historia
1657 2157 1840 2190 referenda
1860 2165 1919 2191 est.

1270 2212 1370 2256 Quae
1395 2214 1534 2258 partes?
1586 2215 1685 2250 Sicut
1716 2217 1899 2250 oculorum
1934 2223 2051 2249 motus
2082 2225 2155 2247 non

1170 2270 1282 2308 potest
1301 2266 1409 2298 secari
1426 2265 1462 2298 in
1483 2272 1616 2310 partes,
1643 2268 1691 2301 sic
1716 2280 1780 2300 nec
1803 2267 1930 2300 mentis
1948 2275 2007 2301 aut
2027 2267 2156 2300 volun-

1145 2326 1147 2346 1
1168 2316 1248 2349 tatis
1269 2323 1386 2349 motus
1409 2324 1572 2350 secantur
1596 2318 1632 2350 in
1658 2325 1789 2362 partes,
1832 2320 1890 2351 sed
1921 2325 2037 2351 tamen
2069 2318 2154 2350 fides

1144 2356 1147 2421 J
1168 2367 1412 2411 complectitur
1438 2368 1604 2402 noticiam
1632 2368 1668 2401 in
1693 2369 1896 2410 intellectu,
1933 2376 1965 2402 et
1989 2369 2155 2403 volunta-

1145 2424 1147 2468 }
1168 2424 1236 2450 tem
1250 2445 1259 2459 ,
1287 2431 1376 2463 quae
1393 2420 1470 2452 vult
1489 2426 1523 2452 et
1539 2419 1663 2463 accipit
1683 2420 1892 2453 beneficium
1912 2421 2089 2460 oblatum,
2117 2419 2153 2452 id

1145 2469 1147 2510 ξ
1168 2475 1235 2510 est,
1264 2470 1426 2502 assentiri
1444 2469 1682 2513 promissioni.
1736 2470 1876 2514 Species
1895 2471 1975 2505 fidei
2000 2470 2154 2505 discerni

1145 2515 1146 2541 ἱ
1167 2527 1333 2564 possunt,
1361 2521 1441 2565 quia
1463 2519 1547 2553 fides
1563 2521 1648 2553 alias
1667 2528 1824 2555 versatur
1841 2523 1929 2555 circa
1947 2522 2153 2568 promissio-

1166 2583 1228 2604 nes
1244 2571 1494 2604 beneficiorum
1514 2572 1762 2614 corporalium,
1792 2574 1878 2607 alias
1896 2574 1985 2608 circa
2003 2573 2154 2618 promis-

1166 2623 1281 2655 siones
1300 2621 1449 2664 gratiae,
1476 2628 1508 2654 et
1525 2633 1642 2655 rerum
1662 2629 1895 2658 aeternarum.
1948 2625 2017 2660 Sed
2036 2632 2154 2659 tamen

1143 2671 1416 2717 'promissiones
1450 2673 1704 2708 beneficiorum
1734 2677 1992 2721 corporalium,
2030 2677 2153 2710 admo—
