2379 2948
143 87 216 125 287

146 180 281 215 tamen,
319 186 362 208 ne
397 175 705 219 longius'aRegis
732 178 890 212 custodia
919 189 1121 225 evagentur,

144 237 227 259 mox
244 225 369 259 iterum
386 227 483 270 quasi
501 227 650 259 revocati
668 227 711 259 ad
728 226 847 261 Solem
872 241 1119 276 approperant.

147 275 214 309 His
229 276 419 310 accessibus
438 282 470 308 et
487 276 677 310 recessibus
695 277 798 311 binos
815 287 913 314 ortus
929 289 962 316 et
979 296 1121 317 occasus

147 327 185 360 in
201 337 409 372 unaquaque
425 325 643 361 revolutione
659 328 805 374 epicycli
822 331 1030 375 absolvunt,
1055 332 1121 368 hoc

147 376 309 410 videlicet
330 376 473 409 ordine:

249 426 402 468 Quando
431 433 512 471 post
540 427 782 472 longissimam
810 432 1061 477 digressionem
1085 435 1121 468 in

149 480 280 517 dextro,
307 472 374 510 hoc
392 484 452 519 est,
478 479 687 513 occidentali
705 483 812 516 latere
831 485 987 529 epicvcli,
1005 498 1124 518 ascen-

147 531 268 564 dentes
286 528 330 561 ad
347 526 465 561 Solem
492 532 679 572 accedunt,
702 532 871 570 dicuntur
895 525 1122 586 stpmyyodue-

150 594 204 617 ιὀι
223 587 257 614 et
270 578 364 621 ἑιῦοι,
380 585 414 614 et
431 579 560 615 minuti
583 582 733 626 lumine,
760 599 828 632 quo
845 595 999 633 tempore
1024 590 1124 622 etiam

150 639 245 666 recto
271 643 373 664 cursu
390 631 578 674 incedunt,
604 640 637 667 et
664 636 707 668 ad
727 649 884 681 apogeon
909 640 1053 685 epicycli
1072 639 1126 673 sui

149 683 255 716 simul
279 689 311 715 et
328 682 369 714 ad
389 681 506 716 Solem
531 687 802 729 contendentes,
830 696 909 722 ante
934 690 1043 733 ipsius
1065 702 1124 723 or—

150 740 226 766 tum
243 732 507 776 conspiciuntur
531 737 682 777 tamdiu,
710 739 820 772 donec
848 747 954 773 metas
980 741 1057 774 illas
1075 747 1127 774 at-

151 784 311 826 tingunt,
338 783 431 816 ultra
449 797 534 829 quas
560 789 749 831 progressi,
776 790 811 822 vi
835 791 979 824 luminis
1006 792 1128 824 solaris

151 834 234 866 tecti
264 833 495 870 occultantur.
567 836 634 871 Hic
675 846 724 873 est
758 852 897 874 occasus
925 842 1129 880 matutinus,

150 884 361 927 praecedens
378 884 533 927 ipsorum
551 899 629 921 cum
645 888 726 922 Sole
744 891 1042 932 coniunctionem,
1064 893 1129 925 sub

152 945 254 978 quam
284 934 389 967 etiam
421 936 655 982 epicyclorum
686 951 830 973 suorum
862 954 990 985 apogea
1022 944 1130 976 attin-

151 990 257 1027 gunt,
282 991 315 1017 et
330 982 492 1032 ὕπαυγοι
510 988 687 1022 dicuntur.
741 990 827 1024 Inde
840 991 957 1025 Solem
975 1001 1129 1036 praeter-

152 1034 277 1076 gressi,
314 1035 358 1067 ab
385 1047 515 1079 apogeo
549 1038 695 1083 epicycli
728 1041 963 1083 descendunt,
997 1051 1129 1076 etcum

151 1084 339 1126 attigerunt
363 1086 550 1128 terminos,
584 1089 674 1121 ultra
699 1103 785 1134 quos
808 1092 978 1126 distantes
1001 1105 1018 1125 a
1037 1093 1130 1134 Sole,

151 1134 286 1177 vesperi
310 1141 386 1177 post
408 1147 567 1169 occasum
594 1137 687 1172 Solis
718 1152 839 1174 rursus
866 1143 1019 1186 conspici
1051 1156 1129 1187 pos-

151 1190 251 1224 sunt,
285 1184 452 1218 dicuntur
482 1187 569 1220 oriri
598 1195 678 1222 ortu
705 1193 924 1236 vespertino,
954 1200 985 1226 et
1009 1195 1129 1238 appel-

150 1234 268 1267 lantur
297 1240 380 1268 tunc
419 1234 574 1284 ἑσπέριοι
606 1246 639 1272 et
663 1238 855 1286 ἑπόμενοι,
893 1250 927 1277 et
956 1245 1047 1278 aucti
1073 1245 1129 1278 lu-

154 1296 259 1320 nune.

255 1332 372 1380 Atque
397 1334 463 1369 hoc
489 1340 595 1371 modo
620 1346 714 1373 recto
732 1353 836 1374 cursu
852 1354 870 1374 a
889 1342 971 1376 Sole
987 1345 1129 1384 abeunt,

153 1386 264 1417 donec
289 1385 465 1428 attingunt
483 1400 562 1420 eum
581 1389 696 1422 locum
713 1390 845 1425 sinistri
865 1404 924 1425 seu
948 1394 1129 1427 orientalis

154 1434 270 1467 lateris
285 1434 321 1467 in
342 1436 512 1481 epicyclo,
534 1451 636 1483 quem
656 1448 825 1475 monstrat
840 1442 933 1475 linea
949 1445 1071 1477 educta
1090 1457 1129 1477 ex

153 1491 272 1518 centro
292 1486 434 1527 mundi,
458 1488 650 1533 epicyclum
669 1492 886 1534 contingens.
941 1492 1008 1526 Hic
1033 1495 1130 1527 locus

153 1546 231 1568 cum
255 1535 299 1569 sit
328 1537 498 1570 terminus
526 1539 751 1582 longissimae
777 1543 1021 1585 digressionis,
1057 1557 1128 1577 non

153 1586 313 1620 concedit
340 1583 395 1619 his
410 1586 564 1622 Planetis
587 1591 789 1624 ulteriorem
814 1605 832 1625 a
849 1592 931 1626 Sole
956 1596 1130 1637 evagatio-

153 1647 244 1668 nem.
298 1635 415 1678 Quare
439 1638 488 1670 ibi
507 1651 647 1673 cursum
672 1639 852 1683 inhibent,
881 1650 912 1676 et
930 1646 1034 1687 paulo
1052 1652 1130 1689 post

152 1685 232 1718 facti
249 1687 450 1720 stationales
473 1690 594 1722 eodem
620 1693 725 1725 modo
739 1719 748 1733 ‚
776 1700 814 1726 ut
832 1695 874 1726 de
891 1695 1004 1727 tribus
1027 1707 1131 1739 supe-

151 1735 305 1769 rioribus
333 1737 465 1770 dictum
489 1746 557 1779 est,
589 1753 669 1774 mox
696 1743 914 1786 reciprocare
942 1745 1130 1789 incipiunt,

151 1792 253 1830 atque
271 1786 318 1820 ita
335 1788 377 1820 ad
397 1787 515 1822 Solem
533 1790 659 1824 iterum
682 1795 861 1834 accedere,
889 1807 957 1839 quo
975 1803 1130 1840 tempore

152 1835 267 1869 adhuc
297 1836 452 1883 ἑσπέριοι
475 1846 508 1873 et
532 1837 701 1885 induam
734 1844 978 1887 appellantur,
1019 1847 1130 1879 donec

153 1887 238 1919 adeo
259 1886 333 1920 Soli
352 1889 541 1934 propinqui
560 1892 667 1932 fiunt,
694 1900 732 1926 nt
754 1906 771 1927 a
787 1895 894 1927 radiis
915 1897 988 1929 eius
1012 1898 1130 1930 occul-

153 1943 283 1971 tentur.
335 1936 437 1971 Tunc
461 1946 576 1973 autem
601 1943 758 1976 occidere
784 1957 908 1978 occasu
932 1948 1129 1990 vespertino

152 1987 339 2027 dicuntur,
367 1995 398 2021 et
414 1987 575 2036 ’ὕπαυγοι
594 1991 693 2033 fiunt,
718 2005 757 2026 ac
774 2002 892 2037 postea
910 1996 987 2030 Soli
1004 1998 1129 2030 iterum

153 2038 434 2079 coniunguntur,
461 2043 602 2084 quando
618 2049 700 2075 sunt
716 2043 752 2075 in
771 2044 839 2077 ima
859 2052 956 2089 parte
974 2048 1132 2093 epicycli,

151 2098 169 2119 a
189 2098 256 2131 qua
281 2090 506 2123 ascendentes
530 2102 639 2135 usque
664 2093 705 2124 ad
723 2094 910 2135 terminos,
936 2096 1026 2130 intra
1045 2110 1132 2142 quos

152 2137 245 2169 cerni
267 2146 429 2181 possunt,
456 2151 559 2173 mane
575 2149 655 2175 ante
672 2142 765 2176 Solis
782 2152 895 2178 ortum
913 2147 1029 2180 denuo
1047 2161 1131 2181 con-

152 2187 369 2230 spiciuntur,
392 2202 462 2234 quo
484 2197 639 2234 tempore
655 2193 820 2227 dicuntur
844 2196 930 2229 oriri
954 2204 1034 2230 ortu
1058 2212 1131 2231 ma-

156 2237 291 2279 tutino,
319 2246 350 2272 et
367 2248 538 2274 vocantur
555 2243 681 2275 iterum
700 2242 783 2277 ἑιῦοι
799 2252 831 2278 et
849 2245 1130 2294 προηγούλιιειόι,

153 2295 185 2320 et
220 2287 334 2322 adhuc
368 2288 487 2325 contra
532 2293 694 2326 ordinem
733 2295 914 2337 signorum
955 2298 1134 2339 incedunt,

153 2349 171 2369 a
192 2337 273 2371 Sole
290 2340 428 2382 longius
443 2342 611 2376 abeuntes
634 2356 742 2389 usque
761 2347 803 2378 ad
820 2346 936 2380 locum
960 2351 1131 2383 secundae

154 2388 333 2430 stationis,
368 2392 430 2424 ubi
460 2390 660 2427 inhibentes
694 2396 859 2438 gradum,
897 2398 1000 2431 etiam
1026 2401 1129 2443 paulo

153 2445 231 2480 post
257 2440 402 2473 alterum
432 2443 622 2477 terminum
654 2446 823 2480 maximae
845 2447 1071 2491 digressionis
1094 2451 1132 2483 in

153 2488 274 2519 dextro
300 2490 405 2523 latere
426 2493 618 2536 attingunt,
653 2508 756 2541 quem
779 2505 951 2533 monstrat
973 2500 1066 2534 linea
1091 2513 1131 2534 ex

154 2544 272 2570 centro
308 2546 418 2572 terrae
443 2543 583 2585 emissa,
616 2552 648 2579 et
682 2547 829 2592 epicycli
862 2561 960 2583 oram
992 2551 1131 2585 contin-

152 2598 247 2630 gens.
300 2589 331 2621 A
349 2601 418 2634 quo
435 2591 510 2625 loco
529 2595 642 2627 redire
668 2598 710 2629 ad
730 2596 848 2632 Solem
875 2607 969 2634 recto
993 2601 1132 2636 incessu

152 2638 339 2682 incipiunt.
366 2641 410 2673 ad
427 2643 563 2676 easdem
580 2656 723 2689 prorsus
737 2648 840 2691 vices,
860 2657 900 2685 ut
918 2651 1050 2686 dictum
1070 2660 1130 2687 est.

381 89 588 126 SCRIPTA
614 91 690 126 PH.
715 90 832 129 MEL.
856 90 924 128 AD
951 92 1077 134 HIST.
1105 95 1250 134 PROF.
1277 95 1343 132 ET
1370 95 1559 133 PHILOS.
1585 96 1905 136 SPECTANTIA.

2075 103 2151 138 288
2184 154 2187 155 ⁷

1272 182 1324 218 Ex
1340 181 1404 217 hac
1421 183 1622 216 narratione
1645 182 1795 226 intelligi
1811 192 1942 228 potest,
1969 188 2064 232 quod
2081 187 2154 221 Ve-

1172 246 1239 267 nus
1266 242 1298 268 et
1322 234 1541 275 Mercurius,
1576 233 1638 267 etsi
1663 234 1871 267 celeritatem
1897 243 2011 270 motus
2035 239 2088 272 sui
2115 239 2153 271 in

1173 286 1334 330 epicyclis
1351 297 1422 318 non
1443 291 1673 328 attemperant
1689 286 1730 317 ad
1749 284 1840 318 Solis
1859 297 2010 328 cursum,
2037 295 2154 321 tamen

1174 336 1287 380 ipsum
1307 348 1368 369 ceu
1385 335 1515 379 Regem
1545 347 1647 368 suum
1674 336 1709 368 in
1738 335 1805 367 hoc
1829 336 2033 378 observant,
2059 340 2154 383 qnod

1174 388 1310 431 quoties
1330 387 1383 419 illi
1408 387 1690 429 coniunguntur,
1718 398 1853 432 semper
1879 386 1917 418 in
1941 398 2069 430 apogeo
2093 395 2154 421 aut

1175 438 1326 481 perigeo‚
1353 437 1407 470 sui
1425 438 1569 483 epicycli
1593 440 1828 482 reperiuntur,
1856 443 1889 472 et
1906 434 2000 472 bunc
2016 445 2157 472 servant

1175 494 1316 521 ortuum
1335 494 1366 521 et
1385 500 1569 522 occasuum
1586 490 1759 530 ordinem,
1785 496 1822 523 ut
1841 496 1916 533 post
1933 489 2156 523 coniunctio-

1177 551 1276 578 nem,
1305 551 1393 584 quae
1417 539 1456 572 fit
1479 540 1516 571 in
1540 552 1670 583 apogco
1696 541 1859 585 epicycli,
1885 540 2054 580 ¹oriantur
2084 539 2158 583 pri-

1177 602 1273 623 mum
1307 589 1504 633 vespertino
1536 598 1634 630 ortu,
1675 603 1714 623 ac
1747 592 1874 624 deinde
1904 591 2159 635 reciprocantes

1178 653 1195 674 a
1211 641 1362 673 termino
1382 640 1604 682 longissimae
1622 641 1810 674 distantiae
1829 653 1848 674 a
1867 641 1968 680 Sole,
1995 641 2160 675 occidunt

1178 691 1376 734 vespertino
1408 702 1548 728 occasu,
1590 703 1659 735 quo
1694 698 1766 724 toto
1805 698 1963 736 tempore
1992 692 2159 725 dicuntur

1179 740 1335 788 ἑσπέριοι
1353 748 1386 774 et
1409 737 1589 785 induezsot.

1280 792 1363 825 Post
1380 792 1523 824 alteram
1550 792 1834 824 coniunctionem
1847 818 1855 831 ‚
1882 804 1970 836 quae
1987 793 2026 826 fit
2043 792 2080 825 in
2097 803 2159 835 pe-

1182 842 1275 885 rigeo
1303 843 1466 887 epicycli,
1503 842 1668 875 oriuntur
1692 842 1845 885 primum
1870 848 1950 874 ortu
1973 842 2160 880 matutino,

1180 900 1213 926 et
1235 905 1253 926 a
1277 893 1427 926 termino
1458 892 1628 925 maximae
1651 892 1875 935 digressionis
1906 893 2091 926 redeuntes
2117 894 2161 926 ad

1183 943 1319 984 Solem,
1346 943 1509 976 occidunt
1527 955 1649 976 occasu
1668 943 1859 980 matutino,
1887 955 1956 987 quo
1982 949 2055 977 toto
2072 949 2162 976 tem-

1183 1006 1267 1037 pore
1284 1001 1453 1027 vocantur
1471 993 1553 1027 ἑῶοι
1569 1000 1600 1026 et
1620 991 1902 1040 77907jyotisstel-vc.

1286 1042 1465 1076 Hactenus
1482 1044 1635 1076 diximus
1650 1045 1692 1076 de
1712 1044 1865 1076 motibus
1889 1040 2015 1076 horum
2034 1042 2164 1076 Plane-

1182 1101 1315 1133 tarum,
1350 1105 1437 1138 quos
1467 1092 1599 1127 habent
1625 1095 1661 1126 iu
1686 1094 1966 1137 longitudinem,
1999 1094 2043 1126 ab
2070 1094 2164 1126 occi-

1183 1146 1286 1177 dente
1303 1145 1338 1176 in
1360 1145 1530 1177 orientem
1558 1152 1589 1177 et
1605 1152 1745 1177 econtra
1768 1156 1872 1187 super
1893 1144 2042 1176 diversis
2067 1143 2165 1176 orbi—

1184 1196 1266 1234 bus,
1313 1195 1513 1228 eccentricis
1549 1201 1581 1227 et
1604 1195 1775 1239 epicyclis.
1841 1193 1943 1226 Nunc
1970 1206 2077 1237 pauca
2102 1194 2165 1226 ad—

1183 1246 1306 1278 demus
1329 1246 1432 1278 etiam
1456 1246 1498 1277 de
1522 1251 1620 1277 motu
1645 1246 1835 1277 eorundem
1864 1244 1901 1276 in
1927 1244 2165 1283 latitudinem,

1183 1307 1285 1340 quem
1315 1293 1445 1328 habent
1477 1295 1586 1337 magis
1607 1295 1762 1334 varium,
1806 1306 1911 1338 quam
1937 1295 1965 1326 is
1992 1300 2059 1332 est,
2095 1306 2164 1338 quo

1182 1345 1284 1378 Luna
1313 1352 1345 1378 et
1372 1353 1440 1378 tres
1474 1345 1670 1387 superiores
1707 1344 1898 1377 deflectunt
1923 1344 1966 1376 ab
1993 1342 2166 1388 Ecliptica

1182 1405 1302 1426 versus
1334 1395 1606 1438 septentrionem
1639 1401 1673 1427 et
1699 1394 1892 1428 meridiem.
1950 1393 2019 1427 Sed
2049 1401 2165 1427 tamen

1183 1445 1263 1489 quia
1284 1442 1366 1477 llaec
1382 1445 1470 1477 ratio
1489 1444 1717 1477 latitudinum
1735 1444 1836 1476 facile
1861 1444 2011 1487 intelligi
2039 1445 2166 1488 poterit

1184 1507 1223 1527 ex
1248 1495 1308 1533 iis,
1343 1506 1431 1539 quae
1461 1507 1565 1538 supra
1587 1501 1669 1528 sunt
1691 1495 1802 1535 dicta,
1835 1494 1967 1527 erimus
1996 1492 2054 1527 hic
2084 1495 2166 1528 bre-

1184 1545 1307 1578 viores.

1284 1595 1476 1639 Triplicem
1509 1599 1715 1638 repererunt
1738 1592 1885 1626 artifices
1911 1593 1949 1626 in
1967 1592 2106 1627 Venere
2131 1601 2165 1628 et

1185 1645 1363 1678 Mercurio
1380 1645 1579 1678 latitudinis
1595 1645 1785 1684 rationem,
1815 1656 1964 1687 quarum
1983 1656 2090 1678 unam
2110 1656 2166 1677 ec-

1184 1695 1347 1728 centricis
1372 1693 1497 1728 horum
1514 1694 1759 1734 Planetarum,
1787 1694 1872 1727 alias
1896 1696 1983 1727 duas
2005 1694 2168 1740 epicyclis

1184 1746 1365 1783 tribuunt,
1393 1752 1425 1778 et
1449 1746 1599 1778 docendi
1622 1756 1722 1777 causa
1746 1745 1926 1777 vocabulis
1949 1738 2166 1784 discernunt,

1184 1796 1401 1840 appellantes
1427 1796 1610 1829 eccentrici
1636 1795 1906 1828 declinationem
1933 1796 1977 1828 ab
1993 1793 2168 1838 Ecliptica

1184 1846 1440 1887 deviationem,
1474 1858 1577 1891 quam
1595 1845 1816 1878 Ptolemaeus
1842 1844 2003 1892 ἔγκλισιν
2026 1847 2094 1879 τοῦ
2111 1845 2168 1879 ἐκ·

1183 1895 1338 1941 κέντρου
1368 1905 1484 1934 vocat.
1525 1897 1583 1929 sed
1614 1895 1759 1940 epicycli
1791 1908 1897 1928 unam
1930 1896 2168 1936 latitudinem,

1187 1960 1253 1991 qua
1273 1958 1441 1990 apogeum
1459 1953 1492 1979 et
1508 1946 1685 1989 perigeum
1704 1946 1797 1977 illius
1816 1958 1833 1977 a
1850 1945 1956 1989 plano
1981 1945 2168 1979 eccentrici

1185 1997 1353 2037 declinat,
1393 2003 1518 2029 vocant
1548 1995 1838 2035 Inclinationem,
1875 1995 2095 2029 Ptolemaeus
2120 1995 2168 2029 si-

1185 2048 1332 2087 militer,
1365 2054 1403 2080 ut
1429 2047 1580 2089 priorem
1604 2046 1848 2086 latitudinem,
1884 2053 1983 2080 vocat
2008 2045 2167 2094 ἔγκλισιν

1186 2100 1254 2132 τοῦ
1282 2094 1487 2131 ἐπικύκλου.

1285 2147 1442 2181 Alteram
1468 2146 1614 2192 epicycli
1639 2146 1875 2186 latitudinem,
1901 2159 1968 2191 qua
1985 2152 2115 2190 puncta
2130 2146 2168 2178 in

1186 2199 1355 2232 lateribus
1377 2198 1523 2243 epicycli
1556 2198 1672 2230 media
1703 2197 1797 2229 inter
1823 2208 1993 2241 apogeum
2019 2203 2052 2231 et
2073 2196 2168 2241 peri-

1184 2261 1284 2292 geum
1302 2250 1346 2282 ab
1363 2248 1543 2282 eccentrici
1562 2248 1668 2291 plano
1693 2248 1880 2288 recedunt,
1901 2248 2081 2292 appellant
2095 2245 2169 2281 Re-

1184 2300 1390 2337 ssexionem‚
1425 2298 1649 2332 Ptolemaeus
1680 2304 1781 2331 vocat
1815 2298 1981 2332 distincta
2013 2297 2168 2342 appella-

1187 2350 1283 2383 tione
1301 2346 1472 2390 λόξωσιν,
1500 2349 1790 2394 obliquationem.

1284 2397 1414 2433 Prima
1437 2400 1586 2433 latitudo
1618 2398 1772 2447 ἔγκλισις
1794 2401 1861 2433 τοῦ
1886 2396 2081 2443 ἐκκὲντρου
2108 2408 2168 2431 seu

1183 2450 1357 2492 deviatio,
1393 2457 1462 2489 est,
1490 2462 1557 2495 qua
1584 2451 1731 2494 planum
1755 2449 1938 2483 eccentrici
1961 2460 2067 2492 super
2090 2447 2167 2481 dia-

1183 2508 1296 2535 metro
1333 2501 1458 2534 mundi
1498 2507 1659 2534 movetur
1696 2501 1764 2540 ita,
1811 2506 1850 2533 ut
1884 2511 2055 2543 apogeum
2094 2498 2168 2531 eius

1184 2563 1203 2584 a
1221 2551 1328 2595 plano
1337 2550 1529 2595 Eclipticae
1546 2552 1686 2585 recedat
1704 2557 1737 2584 et
1754 2560 1876 2583 rursus
1893 2550 2044 2588 accedat,
2069 2554 2166 2581 motu

1183 2602 1291 2635 simili
1321 2614 1491 2636 cunarum
1529 2601 1732 2645 agitationi,
1771 2611 1810 2633 ac
1838 2598 1944 2634 huius
1970 2597 2167 2633 latitudinis

1182 2653 1269 2686 nodi
1285 2653 1451 2699 utrinque
1469 2650 1830 2698 quadrantessirculi,
1854 2661 1915 2685 seu
1935 2650 1986 2685 90
2001 2649 2166 2695 gradibus
