2379 2948
175 121 249 158 455

178 217 266 251 quae
284 204 355 236 vim
374 204 485 237 oculis
502 208 605 245 atque
619 199 736 232 animo
757 196 876 234 affert,
903 202 942 228 ut
968 195 1061 239 apud
1079 192 1161 225 Vir-

178 256 303 300 gilium
325 256 367 288 de
384 252 574 287 Mezentio.
634 249 778 282 Blortua
805 246 997 292 quinetiam
1023 245 1164 287 lugebat

179 318 325 349 corpora
343 305 442 337 vivis.
497 300 542 334 Et
561 299 627 332 hoc
651 310 759 342 genus
776 298 913 332 infinita
931 297 1086 339 exempla
1106 307 1162 327 ex·

180 364 255 390 tant
284 355 374 399 apud
397 354 522 386 Po‘e'tas
539 358 571 384 et
590 350 800 384 Historicos.

505 437 562 470 De
587 434 844 479 dispositione.

282 504 403 539 Cicero
420 503 555 536 nullam
573 508 706 545 partem
734 501 854 533 scribit
883 500 959 542 plus
984 499 1025 529 ad
1053 497 1164 529 victo—

182 559 269 591 riam
290 556 504 594 conducere,
530 565 634 597 quam
652 551 931 595 dispositionem.
965 547 1052 581 Cum
1072 547 1164 579 enim

182 607 332 640 maxima
360 605 411 637 vis
437 605 481 637 sit
509 602 800 646 opp01·tunitatiS‚
828 600 1021 644 plurimum
1051 598 1166 634 refert,

183 670 253 703 quo
272 658 349 689 loco
368 655 504 697 singula
521 654 696 686 dicantur.
736 651 827 684 illud
847 656 936 683 certe
955 655 1090 682 constat
1107 659 1166 679 or—

183 709 303 741 dinem
331 705 502 739 orationis
525 705 566 736 ad
591 714 708 736 rerum
737 701 1022 745 perspicuitatem
1055 697 1167 742 pluri—

184 770 281 791 mum
300 757 471 790 conferre.
508 754 626 796 Quare
644 760 676 786 et
694 752 729 783 in
748 752 904 794 legendis
920 751 1070 783 aliorum
1089 760 1167 780 ora-

184 809 342 843 tionibus
361 816 571 849 magnopere
588 804 729 847 prodest
752 802 991 839 auditoribus,
1019 799 1169 842 disposi-

186 860 319 892 tionem
341 857 545 895 ostendere,
572 854 665 898 quod
682 851 745 885 hac
762 853 1024 893 animadversa,
1052 850 1168 883 omnia

185 909 322 942 facilius
350 906 598 950 percipiantur.
661 902 750 937 Cum
781 903 873 936 enim
906 901 1061 946 imperiti
1098 912 1169 932 non

186 959 323 1003 possint
337 957 459 1000 longas
476 964 509 990 et
528 954 688 988 difficiles
712 954 968 997 disputationes
994 952 1166 994 intellige-

186 1022 241 1049 re,
264 1009 292 1041 si
309 1008 415 1041 semel
432 1008 620 1040 decurrant
635 1005 726 1038 oculi
745 1017 806 1048 per
822 1005 1026 1038 universum
1044 1013 1169 1045 corpus

187 1059 378 1099 orationis,
405 1069 541 1090 necesse
560 1064 609 1089 est
627 1055 809 1094 ordinem,
836 1055 1065 1097 regionesque
1090 1065 1169 1095 par-

187 1111 276 1144 tium
302 1109 503 1147 ostendere,
537 1114 576 1139 ut
602 1106 739 1147 singula
770 1106 927 1137 membra
953 1102 1169 1137 considerari

188 1167 336 1206 queant,
362 1166 393 1192 et
409 1158 557 1190 iudicari
575 1157 753 1201 quomodo
774 1156 1005 1188 consentiant.
1054 1154 1170 1198 Atque

187 1210 272 1244 haec
291 1209 471 1251 diligentia
492 1215 659 1253 quantam
678 1204 802 1239 habeat
821 1207 1028 1245 utilitatem,
1055 1216 1168 1236 exem-

187 1262 244 1306 pla
261 1261 514 1293 demonstrant.
569 1258 751 1300 Quantum
771 1257 864 1289 enim
882 1256 970 1289 lucis
990 1255 1172 1288 attulimus

188 1310 367 1356 Epistolae
384 1309 485 1343 Pauli
502 1309 543 1342 ad
564 1307 759 1348 Romanos,
776 1314 913 1341 ostensa
929 1305 1173 1350 dispositione,

189 1373 293 1407 quam
309 1361 368 1406 qui
394 1372 466 1392 non
490 1359 835 1399 animadverterunt,
862 1359 949 1391 adeo
972 1369 1044 1390 non
1069 1356 1172 1388 intel-

189 1414 350 1445 lexerunt
368 1411 538 1449 Paulum,
566 1416 605 1441 ut
620 1421 687 1453 qua
704 1410 747 1441 de
770 1420 806 1441 re
831 1414 964 1451 ageret,
991 1419 1035 1439 ne
1058 1405 1170 1449 suspi-

189 1462 260 1496 cari
280 1461 421 1506 quidem
441 1459 630 1502 potuerint.
668 1458 739 1491 Ubi
756 1465 948 1502 proponat,
973 1457 1035 1489 ubi
1052 1457 1172 1498 dispu-

190 1520 258 1553 tet,
286 1512 347 1545 uhi
367 1511 522 1548 desinat,
550 1521 623 1541 non
640 1509 825 1549 videbant,
853 1509 970 1552 itaque
985 1507 1083 1540 velut
1107 1503 1171 1538 ho-

188 1564 295 1607 spites
319 1562 356 1594 in
381 1562 499 1604 ignota
526 1561 668 1602 regione
692 1560 878 1599 errabant,
913 1559 942 1591 si
970 1558 1111 1602 quando
1136 1557 1172 1588 in

189 1614 263 1647 eius
281 1612 534 1655 disputationes
552 1611 762 1643 inciderant.

291 1662 402 1696 Porro
429 1659 511 1694 haec
538 1672 617 1703 pars
640 1661 743 1700 artis,
768 1671 846 1692 cum
871 1659 1012 1704 quidem
1038 1658 1081 1690 sit
1103 1657 1172 1690 uti-

190 1714 341 1751 lissima,
376 1725 449 1745 non
474 1712 620 1755 perinde
649 1710 806 1744 difficilia
841 1717 1021 1754 praecepta
1056 1706 1172 1742 habet.

189 1764 279 1798 Nam
307 1776 345 1796 ea
369 1775 458 1807 qnae
481 1763 624 1795 tradunt
650 1759 808 1795 rhetores
834 1773 1001 1806 perquam
1027 1759 1115 1792 levia
1140 1765 1171 1791 et

190 1814 340 1858 puerilia
367 1821 468 1852 sunt,
503 1820 541 1846 ut
566 1813 679 1855 primo
708 1813 784 1845 loco
807 1812 944 1845 dicatur
976 1810 1171 1849 exordium,

191 1865 318 1897 deinde
333 1864 502 1901 narratio,
526 1861 615 1895 hanc
635 1863 794 1907 sequitur
810 1862 1016 1906 propositio,
1043 1862 1085 1893 de
1104 1872 1170 1904 qua

193 1915 373 1948 dimicatio
392 1921 454 1948 est.
495 1912 636 1946 Deinde
651 1913 890 1953 confirmatio,
915 1919 1032 1956 postea
1050 1911 1172 1943 confu-

193 1966 290 1999 tatio.
341 1962 529 1997 Extremus
546 1963 643 1996 locus
659 1964 827 1997 tribuitur
844 1962 1072 2007 perorationi.
1122 1962 1173 1993 Ac

193 2016 349 2061 profecto
366 2015 493 2047 mirum
510 2021 578 2052 est,
608 2026 684 2046 cum
703 2011 798 2047 hunc
814 2015 976 2047 ordinem
995 2014 1031 2045 in
1051 2012 1174 2044 dicen-

193 2068 240 2099 do
257 2073 380 2100 natura
396 2065 557 2098 ostendat
573 2064 677 2096 etiam
695 2064 856 2103 indoctis,
881 2072 997 2098 tamen
1013 2061 1175 2096 homines

194 2116 370 2150 literarios
384 2115 562 2149 interdum
582 2111 706 2146 harum
726 2115 876 2157 partium
894 2115 1018 2147 seriem
1034 2114 1070 2146 in
1089 2113 1173 2146 scri-

195 2168 262 2211 ptis
287 2167 437 2200 aliorum
461 2165 677 2202 iudicandis,
705 2177 777 2197 non
799 2165 925 2197 videre.
979 2164 1100 2209 Neque
1123 2171 1175 2196 ta-

196 2230 278 2250 men
303 2217 350 2250 ita
377 2216 486 2260 accipi
510 2216 639 2248 debent
661 2212 747 2247 haec
770 2222 973 2259 praecepta,
1007 2223 1186 2258 tanquam·

197 2268 287 2310 leges
308 2268 351 2300 de
375 2268 479 2300 rebus
504 2266 710 2309 capitalibus
728 2266 765 2298 in
785 2277 840 2298 aes
860 2266 1000 2298 incisae.
1036 2264 1175 2298 Cedunt

199 2319 292 2350 enim
313 2318 490 2350 interdum
508 2317 665 2351 utilitati.
705 2315 793 2349 Nam
813 2323 844 2349 et
861 2314 984 2349 Cicero
1006 2316 1175 2360 quaedam

200 2368 412 2411 praeiudicia
428 2375 552 2401 tractat
572 2368 608 2399 in
626 2379 726 2400 causa
738 2366 886 2400 Milonis
906 2373 985 2399 ante
1002 2366 1176 2398 narratio-

200 2430 291 2450 nem.
354 2416 400 2451 Et
422 2430 484 2461 pro
506 2417 602 2463 Sylla
631 2418 824 2451 confutatio
852 2417 1026 2461 praecedit
1049 2417 1176 2449 confir-

200 2469 400 2502 mationem.
429 2467 542 2510 Quam
563 2470 754 2511 prudenter
773 2468 953 2501 distribuit
968 2464 1176 2500 Demosthe-

200 2529 262 2551 nes
284 2515 363 2561 περὶ
389 2516 593 2563 στέφαιόυ,
621 2519 657 2551 in
683 2520 785 2562 longa
809 2526 840 2552 et
867 2518 1054 2561 multiplici
1076 2529 1176 2550 causa

201 2579 322 2601 omnes
345 2575 477 2609 partes,
509 2579 571 2601 suo
595 2571 748 2612 quodam
776 2581 859 2603 usus
893 2569 1059 2610 consilio,
1097 2580 1175 2600 cum

201 2619 324 2651 iisdem
342 2619 384 2649 de
401 2618 504 2649 rebus
521 2627 696 2652 accusator
713 2618 922 2660 Aeschines,
950 2621 1052 2663 longe
1067 2619 1175 2652 alium

201 2669 362 2702 ordinem
382 2667 600 2702 instituisset.
654 2668 699 2703 Et
715 2667 798 2704 haec
816 2671 853 2703 in
871 2671 1029 2713 legendis
1055 2671 1174 2704 docto-

378 115 585 155 SCRIPTA
614 114 688 148 PH.
715 110 830 147 MEL.
860 108 926 144 AD
953 107 1079 144 HIST.
1107 104 1250 144 PROF.
1281 104 1346 141 ET
1374 103 1563 141 PHILOS.
1591 103 1909 142 SPECTANTIA.

2114 107 2190 144 456

1209 204 1288 226 rum
1305 191 1538 231 orationibus,
1554 188 1746 235 οἰκονομία
1762 192 2019 226 consideranda
2037 200 2102 234 est,
2128 204 2202 226 non

1211 244 1325 277 solum
1348 249 1388 276 ut
1412 242 1525 276 aliena
1548 241 1676 285 scripta
1703 242 1831 275 rectius
1848 243 2104 286 intelligamus,
2134 245 2195 276 sed

1212 301 1251 328 ut
1268 306 1331 327 nos
1348 305 1486 338 quoque
1509 293 1684 325 discamus
1707 292 1827 325 videre
1850 292 1889 325 in
1914 295 2044 328 nostris
2072 294 2196 331 causis,

1214 345 1298 389 quid
1318 357 1386 390 quo
1402 345 1479 377 loco
1501 343 1693 388 plurimum
1718 343 1850 383 valeat,
1876 355 1965 388 quae
1990 345 2136 378 deceant
2159 345 2197 377 in

1216 395 1324 435 aditu,
1343 406 1430 439 quae
1447 406 1500 427 res
1515 394 1611 427 velut
1628 394 1665 426 in
1684 393 1797 437 prima
1813 394 1886 426 acie
1906 394 2097 438 plurimum
2115 407 2198 438 pro-

1216 446 1368 479 fecturae
1389 446 1592 484 videantur,
1620 456 1708 490 quae
1732 444 1882 478 debeant
1904 445 1941 476 in
1966 445 2070 477 turba
2094 445 2201 478 latere

1218 504 1374 529 noceant.
1427 494 1523 527 Haec
1539 507 1611 527 non
1629 502 1774 539 possunt
1790 495 1827 527 in
1851 503 1923 529 arte
1947 495 2061 535 tradi,
2088 495 2200 528 Nemo

1218 546 1311 578 enim
1329 545 1446 578 omnia
1468 552 1625 589 tempora
1642 553 1746 590 atque
1765 546 1906 589 negocia
1931 545 2115 589 complecti
2140 557 2202 589 po-

1219 603 1295 631 test.
1349 596 1417 628 Sed
1434 597 1590 639 exempla
1606 597 1795 629 admonere
1820 605 1853 630 et
1879 608 2001 629 acuere
2024 596 2202 629 studiosos

1221 653 1383 690 possunt,
1418 652 1456 679 ut
1492 646 1577 689 quid
1607 647 1724 679 deceat
1755 648 1963 687 observent,
1997 653 2030 679 et
2054 648 2203 690 eumad

1220 709 1339 730 causas
1356 696 1581 736 accesserint,
1609 708 1643 728 se
1662 696 1728 739 ipsi
1745 698 1946 738 consulant,
1975 710 2053 730 cum
2077 699 2119 730 de
2143 708 2204 729 or-

1221 748 1324 786 dine,
1352 754 1424 780 tum
1446 748 1489 779 de
1507 746 1585 778 aliis
1603 746 1723 779 multis
1739 747 1852 782 rebus.
1904 747 2020 781 Multa
2046 748 2139 780 enim
2166 747 2203 779 in

1221 798 1387 831 omnibus
1411 797 1697 830 contentionibus
1715 809 1733 829 a
1753 797 1856 830 nobis
1874 798 1957 841 ipsis
1973 805 2090 842 petere
2109 798 2204 840 cogi-

1223 861 1320 887 mur,
1348 849 1389 881 ad
1411 860 1498 893 quae
1517 848 1677 881 doctrina
1703 854 1808 892 atque
1832 849 2079 881 exercitatione
2103 860 2204 893 prae-

1222 911 1344 944 parare
1360 911 1424 931 nos
1440 898 1556 932 statim
1575 910 1591 931 a
1610 898 1722 942 prima
1743 899 1895 942 puericia
1914 900 2092 932 debemus.

1325 949 1366 982 ln
1383 950 1601 993 disponenda
1614 950 1817 982 narratione
1834 961 1950 982 rerum
1968 949 2091 982 seriem
2109 948 2205 993 plae-

1222 1012 1369 1045 rumque
1388 1000 1585 1044 sequimur,
1613 999 1778 1043 perinde,
1804 1008 1908 1044 atque
1927 1000 1964 1033 fit
1982 1000 2018 1032 in
2036 997 2204 1033 historiis.

1223 1050 1338 1095 Atque
1368 1048 1451 1083 haec
1476 1051 1548 1083 fere
1579 1056 1661 1083 sunt
1690 1063 1778 1095 quae
1809 1052 1937 1084 docent
1967 1048 2126 1084 rhetores
2161 1051 2205 1082 de

1221 1101 1472 1145 dispositione,
1507 1113 1586 1133 cum
1615 1101 1756 1145 quidem
1780 1102 1928 1135 aliarum
1954 1101 2106 1144 partium
2132 1101 2205 1134 dis-

1223 1152 1350 1196 positio
1367 1152 1477 1185 multo
1496 1151 1675 1184 difficilior
1692 1152 1745 1184 sit.
1796 1151 1879 1184 Non
1895 1152 1987 1184 enim
2013 1159 2142 1185 temere
2166 1151 2205 1183 in

1223 1203 1372 1236 dicendo
1390 1204 1545 1235 eundum
1565 1208 1632 1242 est,
1660 1209 1699 1235 ut
1714 1202 1783 1234 dici
1807 1203 1914 1242 solet,
1937 1214 2006 1246 quo
2031 1203 2134 1246 pedes
2155 1202 2205 1234 se-

1222 1260 1317 1288 runt.
1371 1253 1439 1286 Sed
1466 1253 1732 1297 prospiciendus
1762 1260 1812 1286 est
1841 1253 1920 1285 finis
1948 1253 2075 1297 aliquis
2106 1251 2205 1297 quasi

1223 1312 1333 1344 rneta,
1361 1316 1430 1349 quo
1448 1310 1541 1336 certo
1560 1303 1685 1336 itinere
1703 1304 1963 1347 perveniamuS.

1326 1354 1481 1387 Tradam
1512 1354 1620 1397 igitur
1649 1355 1793 1387 unicum
1818 1360 2062 1398 praeceptum,
2099 1354 2206 1398 idque

1223 1406 1348 1444 breve,
1377 1405 1469 1449 quod
1495 1405 1656 1437 ostendet
1679 1404 1790 1445 viam,
1828 1405 2006 1448 quomodo
2032 1410 2146 1447 partes
2167 1405 2206 1436 in

1224 1455 1407 1498 principiis
1424 1461 1528 1499 atque
1544 1455 1581 1486 in
1597 1455 1823 1487 contentione
1836 1454 2080 1496 disponantur,
2100 1465 2206 1497 quam

1224 1505 1337 1545 viam,
1364 1505 1392 1538 si
1417 1505 1534 1537 anima
1561 1504 1777 1536 adverterint
1800 1504 2055 1545 adolescentes,
2091 1505 2204 1548 pluri-

1224 1568 1320 1588 mum
1338 1555 1619 1593 adiuvabuntur,
1647 1560 1677 1586 et
1694 1554 1731 1586 in
1750 1554 1986 1594 inveniendo,
2015 1561 2046 1588 et
2074 1555 2112 1587 in
2132 1555 2207 1588 dis-

1224 1606 1408 1650 ponendo,
1435 1612 1468 1638 et
1490 1605 1526 1636 in
1552 1604 1751 1637 iudicandis
1771 1605 1921 1638 aliorum
1939 1605 2088 1650 scriptis.
2140 1604 2207 1638 Est

1224 1664 1339 1690 autem
1358 1654 1425 1688 boc
1441 1662 1686 1700 praeceptum,
1712 1662 1750 1689 ut
1769 1656 1995 1689 meminerint
2013 1656 2051 1688 in
2072 1656 2207 1700 princi-

1226 1707 1291 1751 piis
1314 1714 1346 1741 et
1370 1707 1406 1738 in
1437 1706 1665 1739 contentione
1695 1707 2016 1749 argumentationes
2046 1707 2205 1747 existere,

1225 1769 1371 1802 quarum
1391 1768 1529 1790 necesse
1547 1763 1595 1790 est
1612 1768 1649 1789 ea
1666 1768 1738 1789 esse
1753 1759 1926 1798 membra,
1954 1769 2042 1802 quae
2057 1760 2206 1791 tradun-

1224 1816 1282 1842 tur
1303 1809 1340 1840 in
1364 1807 1572 1848 dialecticis,
1597 1808 1691 1852 quod
1720 1815 1758 1841 ut
1782 1808 1884 1851 plane
1911 1809 2061 1852 perspici
2088 1810 2207 1852 possit,

1224 1860 1393 1891 addemus
1408 1858 1577 1901 exempla.
1629 1858 1681 1891 Ac
1698 1859 1851 1902 primum
1868 1859 1910 1891 de
1925 1859 2078 1892 exordiis
2093 1859 2206 1892 scien-

1225 1911 1308 1942 dum
1333 1916 1402 1949 est,
1435 1921 1514 1941 raro
1540 1908 1576 1940 in
1602 1909 1754 1941 exordiis
1777 1909 1996 1954 syllogismos
2022 1919 2113 1950 esse,
2146 1909 2206 1942 sed

1225 1961 1453 2004 plaerumque
1468 1971 1506 1991 ea
1523 1965 1681 1992 constare
1698 1956 1979 2004 enthymematis,
2007 1972 2094 2005 quae
2111 1971 2207 1993 nuuc

1226 2012 1271 2045 ita
1289 2010 1522 2054 appellantur.

1331 2060 1436 2094 lnitio
1453 2060 1598 2104 ponitur
1611 2060 1728 2105 aliqua
1745 2061 1915 2094 sententia
1927 2088 1936 2105 ,
1963 2068 2130 2107 tanquam
2149 2074 2207 2096 ex-

1226 2112 1318 2145 ordii
1334 2111 1547 2155 propositio,
1575 2111 1630 2143 cui
1648 2119 1765 2155 postea
1789 2111 1975 2145 subiicitur
1999 2113 2101 2148 ratio.
2154 2112 2208 2146 lta

1226 2163 1425 2196 absolutum
1443 2169 1493 2195 est
1510 2159 1763 2206 Enthymema,
1790 2163 1848 2195 sed
1866 2160 2067 2197 inchoatum
2084 2176 2103 2197 a
2121 2175 2207 2197 con-

1226 2220 1403 2258 sequente.
1455 2211 1542 2245 Fere
1560 2212 1654 2244 enim
1673 2213 1709 2245 in
1732 2224 1894 2246 sermone
1914 2214 2117 2257 probationi
2143 2226 2206 2247 an-

1227 2265 1407 2308 teponitur
1423 2263 1629 2306 propositio.
1681 2263 1794 2296 Porro
1817 2266 2025 2298 antecedens
2044 2265 2204 2309 probatio

1228 2322 1297 2355 est,
1323 2325 1539 2359 consequens
1556 2315 1761 2358 propositi0.
1801 2313 1940 2348 Deinde
1956 2315 2133 2349 interdum
2151 2327 2205 2349 se-

1227 2366 1367 2410 quitur,
1394 2371 1454 2398 aut
1480 2365 1548 2398 alia
1574 2365 1753 2409 probatio,
1785 2372 1846 2399 aut
1870 2366 2112 2410 amplificatio,
2144 2373 2205 2400 aut

1227 2415 1456 2449 adversativa.
1511 2414 1630 2458 Quare
1651 2423 1684 2450 et
1704 2415 1831 2449 Graeci
1857 2417 2070 2457 docuerunt,
2104 2428 2205 2450 exor-

1227 2467 1325 2500 dium
1359 2473 1509 2511 quatuor
1537 2467 1719 2500 sententiis
1749 2467 1931 2501 contineri.
1990 2465 2205 2512 Quanquam

1227 2518 1321 2550 enirn
1340 2528 1440 2560 saepe
1457 2517 1556 2561 plura
1573 2525 1656 2552 sunt
1671 2519 1847 2557 membra,
1873 2524 1987 2551 tamen
2011 2517 2206 2561 significare

1227 2569 1434 2607 voluerunt,
1461 2569 1595 2601 exordii
1614 2574 1729 2612 partes
1747 2570 1871 2602 debere
1895 2568 1993 2612 quasi
2018 2580 2204 2611 argumen-

1226 2619 1392 2652 tationem
1418 2625 1496 2663 apte
1516 2617 1713 2653 cohaerere.
1774 2618 1890 2651 Prima
1922 2630 2002 2661 pars
2029 2619 2205 2665 πρότασις

1225 2677 1285 2704 est.
1313 2669 1473 2703 Secunda
1485 2666 1704 2715 κατασκευή.
1733 2669 1852 2703 Tertia
1870 2666 2056 2707 ἀπόδοσις.
2086 2669 2204 2712 Quar-
