2379 2948
229 123 299 160 635

384 206 584 242 Alexander
601 209 650 236 est
669 200 787 241 sortis,

383 257 446 291 Est
465 257 570 299 igitur
584 255 620 286 in
640 264 680 285 eo
697 251 878 285 fortitudo.

332 309 428 342 Haec
459 305 578 349 regula
605 302 716 347 giguit
741 303 857 335 locum
877 313 895 334 a
920 300 1135 344 coniugatis,
1171 305 1212 332 ut

233 363 323 396 iusra
340 359 492 396 dicetur,
519 362 553 389 et
570 354 726 388 continet
742 352 865 386 utilem
889 351 1104 390 (Ῑῡθῑΐῑῐὶθΰῑ,
1129 349 1211 395 qnia
1238 364 1240 391 'i
1265 366 1335 400 est,
1369 360 1540 404 paulatim
1568 361 1706 405 longius
1728 362 1938 402 disceditur,
1973 364 2020 397 ita
2047 364 2084 397 in
2103 366 2245 399 ratioci-

231 409 397 446 discernit
413 408 585 441 abstracta
604 404 750 438 nomina
773 415 791 436 a
808 402 1000 443 concretis,
1028 408 1060 435 et
1083 407 1213 441 monet,

232 461 373 508 quando
396 457 567 491 concretis
589 462 682 489 recte
700 461 852 489 utamur.
904 451 1102 496 Improprie
1120 451 1212 484 enim

232 512 334 546 dicis:
361 508 508 543 Coelum
530 507 650 547 rubet,
678 504 760 550 quia
783 504 819 536 iu
847 504 943 537 coelo
967 515 1040 535 non
1064 508 1115 535 est
1138 501 1214 535 rus-

232 564 287 596 fus
303 561 409 595 color.

233 672 303 697 tere
321 673 377 695 eas
395 660 548 693 affuisse:

386 709 562 753 Harpalus
582 714 631 741 est
648 708 723 746 sur,

387 761 496 804 lgitur
516 759 650 791 furatus
667 765 727 792 est.

593 829 854 868 Quartadecima.

335 896 437 930 Talia
455 900 535 928 sunt
551 892 722 932 subiecta,
750 891 866 936 qualia
885 903 903 923 a
923 890 1129 934 praedicatis
1145 902 1216 924 esse

234 948 506 995 permittuntur,
540 955 614 976 non
637 943 808 982 absurde,
842 942 901 974 sed
928 942 1046 974 dextre
1077 941 1216 974 intelle-

235 1001 315 1040 ctis,
341 1005 381 1032 ut
396 1009 474 1030 cum
490 995 586 1028 dico:
609 992 740 1026 Paulus
757 999 807 1026 est
822 992 933 1035 pictus
979 992 1091 1034 imago
1111 992 1215 1025 intel—

233 1051 365 1094 ligitur.
426 1046 541 1079 Huius
569 1044 709 1087 regulae
742 1053 888 1084 magnus
918 1049 965 1075 est
992 1054 1094 1082 usus,
1133 1043 1215 1088 quia

235 1102 384 1135 varietas
426 1095 723 1140 significationum
768 1092 919 1126 sumitur
952 1105 992 1125 ex
1027 1093 1215 1126 collatione

235 1151 475 1185 membrorum
507 1147 544 1178 in
576 1144 753 1180 oratione,
786 1143 884 1176 utin
910 1143 1132 1176 enarratione
1159 1143 1216 1177 lo-

234 1201 379 1235 hannis:
423 1197 465 1231 ln
498 1195 673 1241 principio
706 1199 780 1226 erat
809 1194 975 1232 verbum,
1010 1200 1041 1227 et
1070 1195 1216 1228 verbum

235 1259 307 1286 erat
326 1250 419 1295 apud
437 1247 571 1286 Deum,
600 1251 632 1278 et
648 1244 743 1278 Deus
761 1251 834 1277 erat
850 1245 1015 1285 verbum,
1043 1251 1107 1280 etc.
1148 1245 1217 1279 Hic

236 1304 380 1335 verbum
398 1311 470 1332 non
488 1295 698 1339 intelligitur
714 1294 850 1338 vulgari
867 1296 986 1336 modo,
1008 1308 1077 1340 quo
1096 1308 1215 1329 vocem

236 1354 273 1386 in
298 1360 376 1386 aere
401 1351 550 1387 factam,
584 1356 749 1379 vocamus
776 1346 940 1378 verbum:
977 1347 1034 1379 sed
1070 1348 1216 1380 verbum

236 1414 384 1448 persona
410 1406 477 1439 est,
503 1397 667 1429 videlicet
688 1395 801 1428 Filius
825 1395 912 1435 Dei,
939 1402 971 1428 et
997 1407 1059 1429 cur
1085 1397 1134 1430 sic
1151 1410 1217 1431 no-

237 1454 410 1491 minetur,
444 1448 531 1482 alibi
562 1458 662 1489 saepe
687 1445 827 1478 dicitur.
882 1445 1071 1480 Com-incit
1102 1455 1216 1481 autem

237 1505 403 1537 lectorem
426 1499 529 1533 toties
555 1497 701 1541 repetita
725 1496 932 1540 descriptio,
967 1509 1005 1530 ac
1033 1498 1124 1531 valet
1152 1497 1218 1532 hoc

237 1556 315 1587 loco
332 1552 467 1595 regula:
495 1548 596 1581 Talia
620 1554 702 1580 sunt
727 1546 902 1587 subiecta,
930 1547 1047 1591 qualia
1072 1551 1218 1592 permit-

238 1611 361 1638 tuntur
377 1613 448 1635 esse
467 1612 484 1632 a
502 1597 710 1642 praedicatis
729 1597 847 1629 dextre
865 1598 1060 1631 intellectis.

618 1670 839 1709 Quindecima.

342 1737 383 1770 In
400 1733 689 1779 interpretatione
703 1732 846 1765 vitanda
858 1738 906 1765 est
916 1732 1122 1769 absurditas.
1147 1732 1222 1767 Ab·

241 1790 345 1824 surda
372 1794 486 1820 autern
511 1785 548 1817 in
573 1779 799 1828 philosophia
825 1783 1008 1823 dicuntur,
1042 1795 1130 1829 quae
1157 1797 1223 1829 pu-

241 1846 349 1884 gnant
373 1850 452 1871 cum
475 1847 578 1870 sensu
604 1833 804 1871 communi,
832 1833 868 1865 id
893 1841 961 1874 est,
988 1845 1068 1866 cum
1089 1835 1223 1878 princi-

241 1891 310 1935 piis
330 1895 455 1921 natura
476 1886 587 1925 notis,
611 1896 689 1917 cum
714 1883 906 1917 universali
934 1885 1165 1928 experientia,
1192 1893 1224 1920 et

242 1940 386 1979 vicinis,
413 1936 611 1969 illustribus
635 1941 668 1967 et
700 1934 853 1967 immotis
878 1935 1101 1969 testimoniis,
1154 1936 1223 1971 Sed

243 1993 279 2024 in
296 1988 454 2023 doctrina
472 1985 649 2019 Ecclesiae
666 1985 832 2017 dicuutur
850 1986 1018 2025 absurda,
1046 1999 1135 2031 quae
1160 1999 1225 2031 pu-

244 2047 352 2085 gnant
374 2050 453 2072 cum
477 2038 550 2079 lege
567 2035 658 2074 Dei,
686 2035 843 2067 articulis
868 2036 967 2076 fidei,
995 2043 1028 2070 et
1044 2039 1226 2082 symbolis,

244 2099 283 2125 ut
305 2091 395 2123 infra
423 2088 558 2121 dicetur
580 2086 617 2118 in
645 2085 739 2118 locis-
791 2084 837 2119 Et
861 2098 939 2119 cum
956 2088 1126 2121 sermonis
1144 2101 1227 2133 pro-

244 2142 374 2187 prietas
397 2140 431 2172 in
457 2138 606 2182 speciem
632 2136 788 2168 continet
804 2137 1075 2179 absurditatem,
1102 2140 1227 2174 (lecur-

246 2193 394 2226 rendum
416 2195 467 2223 est
490 2188 534 2221 ad
560 2185 706 2229 figuras,
733 2193 784 2220 ut:
815 2185 1005 2231 Tyrannus
1033 2196 1082 2223 est
1109 2190 1226 2235 lupus.

247 2243 315 2277 Sed
333 2240 418 2275 haec
435 2239 526 2272 infra
545 2237 723 2281 copiosius
739 2244 968 2281 exponentur.

652 2310 825 2343 Sedecim«.

349 2375 403 2411 Ex
425 2386 508 2408 vero
532 2374 583 2406 nil
610 2373 679 2406 nisi
704 2384 826 2405 verum
843 2374 1019 2418 sequitur,
1048 2382 1080 2409 et
1108 2388 1228 2410 verum

251 2441 331 2461 vero
355 2432 533 2461 consonat.
587 2423 707 2466 Quare
741 2436 819 2457 cum
854 2425 947 2457 bona
978 2428 1228 2471 consequentia

252 2478 406 2522 sequitur
424 2477 508 2509 falsa
527 2481 585 2508 aut
603 2475 755 2508 absurda
773 2475 945 2509 sententia
964 2488 1001 2508 ex
1014 2477 1131 2521 aliquo
1144 2479 1229 2521 dog-

253 2534 361 2566 mate,
385 2538 520 2559 necesse
546 2532 595 2558 est
619 2525 656 2558 in
681 2525 880 2568 praemissis
897 2532 957 2559 aut
981 2527 1017 2558 iu
1043 2525 1229 2572 hypothesi

253 2588 406 2611 errorem
426 2588 516 2615 esse,
538 2582 576 2609 ut
593 2587 633 2608 ex
650 2573 796 2619 Epicuri
814 2576 974 2619 dogmate
991 2578 1033 2610 de
1051 2579 1229 2622 voluptate

254 2633 448 2673 sequuntur
478 2627 648 2665 absurda,
685 2626 722 2659 in
745 2626 819 2671 ipso
852 2627 959 2670 igitur
988 2628 1148 2672 dogmate
1176 2642 1229 2663 er-

256 2690 313 2712 ror
330 2684 390 2710 est.

468 117 675 157 SCRIPTA
703 115 776 151 PH.
804 112 919 149 MEL.
946 112 1012 147 AD
1038 111 1164 147 HIST.
1193 109 1336 149 PROF.
1363 110 1428 147 ΕΤ
1457 112 1649 150 PHILOS.
1676 114 1993 156 SPECTANTIA.

2167 120 2242 156 636

1614 196 1898 238 septimadecima.

1362 256 1454 292 Dato
1486 270 1558 292 uno
1591 259 1855 295 inconvenienti
1880 271 2075 308 sequuntur
2097 265 2245 305 infinita,

1264 308 1345 353 quia
1362 309 1455 343 utin
1476 309 1682 352 itineribus,
1708 323 1787 345 cum
1810 324 1829 345 a
1852 319 1944 347 recta
1969 314 2023 347 via
2046 316 2243 350 deerratum

1265 410 1383 443 nando
1403 411 1572 454 paulatim
1592 412 1676 445 falsa
1695 413 1932 450 cumulantur.
1974 413 2054 448 Huc
2070 415 2174 448 etiam
2191 417 2246 449 di-

1266 466 1360 493 ctum
1376 460 1466 494 illud
1484 462 1649 505 pertinet:
1668 461 1724 496 Ad
1740 463 1957 508 impossibile
1973 465 2132 510 sequitur
2144 466 2247 510 quid-

1266 510 1370 552 libet,
1397 511 1432 543 id
1451 519 1517 553 est,
1543 513 1655 557 posita
1672 514 1883 558 impossibili
1906 512 2112 560 hypothesi,
2137 516 2248 549 multa

332 610 385 644 De
402 608 599 643 actionibus
616 605 881 640 transeuntibus
898 615 1017 637 verum
1037 609 1086 637 est
1107 615 1214 648 opor-
1240 593 1242 633 l
1268 562 1351 594 Inde
1376 568 1493 606 mepm
1520 570 1554 597 et
1577 565 1727 597 absurda
1752 571 1977 599 enmumur:
2019 565 2057 600 Sl
2082 564 2248 600 haberem

1269 610 1380 657 Gygis
1404 613 1596 655 annulum,
1620 615 1681 659 qui
1705 627 1760 648 me
1787 616 1986 650 involveret
2008 617 2176 660 caligine,
2203 628 2248 649 ne.

1241 662 1422 718 ¹conspici
1456 674 1612 706 possem,
1657 665 1781 698 vellem
1822 667 2018 701 interficere
2059 675 2250 713 tyrannum

1270 711 1461 746 'l'urcicum
1474 739 1482 754 ‚
1506 722 1569 751 etc.

1630 788 1891 823 Octavadecz'ma.

1369 841 1402 873 A
1418 841 1578 886 possibili
1596 843 1638 875 ad
1657 842 1769 875 inesse
1789 854 1862 876 non
1886 844 1977 878 valet
1992 843 2254 890 consequentia,

1268 897 1307 925 ut
1322 903 1396 925 non
1417 892 1509 926 valet
1525 893 1790 936 consequentia:

1421 940 1517 976 Deus
1532 949 1647 987 potest
1667 950 1766 977 tuum
1785 951 1950 978 stannum
1966 956 2047 978 mox
2067 953 2201 980 vertere
2216 945 2254 977 in

1473 1005 1598 1027 aurum
1609 1021 1618 1034 ,

1423 1042 1518 1087 Ergo
1534 1051 1700 1078 stannum
1720 1051 1771 1079 est
1789 1057 1925 1078 aurum.

1648 1118 1883 1151 Nonudecz'ma.

1374 1168 1406 1204 A
1423 1181 1591 1204 conversa
1608 1171 1651 1203 ad
1668 1178 1941 1213 convertentem,
1969 1178 2001 1206 et
2016 1177 2169 1212 econtra,
2197 1182 2257 1204 va-

1272 1221 1318 1256 let
1335 1220 1601 1266 consequentia:

1425 1269 1562 1305 Omnes
1579 1272 1680 1305 electi
1699 1279 1887 1311 vocantur,

1426 1320 1522 1365 Ergo
1539 1334 1661 1356 omnes
1677 1323 1878 1368 quicunque
1896 1329 1979 1356 sunt
2002 1329 2098 1357 extra
2119 1329 2255 1357 coetum

1473 1379 1697 1413 vocatorum,
1724 1384 1797 1406 non
1815 1380 1898 1406 sunt
1915 1373 2026 1407 electi.

1684 1454 1854 1486 Vicesima.

1372 1516 1454 1551 Non
1472 1517 1565 1550 valet
1583 1517 1833 1562 consequentia
1853 1523 1989 1550 mutato
2008 1528 2133 1560 genere
2157 1530 2257 1563 prae-

1274 1568 1461 1602 dicationis
1503 1568 1648 1606 usitato,
1691 1568 1729 1600 in
1759 1567 1982 1611 peregrinum
2017 1579 2078 1601 seu
2109 1570 2257 1604 inusita-

1272 1627 1369 1659 tum,
1395 1625 1449 1651 ut:

1426 1666 1556 1702 Omnis
1573 1678 1652 1701 caro
1670 1674 1720 1701 est
1738 1675 1908 1713 creatura,

1426 1718 1585 1752 Verbum
1604 1725 1653 1753 est
1669 1730 1772 1758 caro,

1429 1769 1542 1812 Igitur
1558 1769 1703 1802 verbum
1725 1776 1774 1802 est
1790 1776 1960 1804 ereatura.

1377 1819 1458 1854 Non
1473 1820 1566 1853 valet
1584 1820 1854 1865 consequentia,
1884 1821 1965 1865 quia
1983 1832 2091 1864 genus
2117 1821 2256 1865 praedi-

1277 1871 1424 1905 cationis
1458 1877 1633 1904 mutatum
1660 1878 1723 1904 est.
1775 1870 1865 1904 Nam
1897 1872 1934 1904 in
1965 1872 2096 1904 maiore
2128 1872 2255 1904 usitata

1277 1921 1491 1967 praedicatio
1508 1928 1557 1954 est
1574 1922 1709 1964 generis
1727 1923 1770 1954 de
1791 1922 1921 1965 specie:
1950 1919 2079 1954 Omnis
2102 1933 2182 1954 caro
2206 1930 2256 1955 est

1278 1979 1454 2013 creatura,
1482 1972 1517 2005 id
1541 1978 1608 2010 est,
1643 1972 1837 2006 substantia
1866 1978 1989 2005 creata.
2051 1971 2097 2005 Et
2123 1972 2254 2005 dictum

1278 2031 1328 2057 est
1345 2034 1466 2066 supra,
1491 2022 1635 2055 usitatas
1652 2022 1928 2066 praedicationes
1955 2034 2012 2055 eas
2035 2029 2171 2056 tantum
2195 2036 2257 2056 vo-

1279 2074 1369 2115 cari,
1397 2085 1485 2119 quae
1501 2073 1720 2106 conveniunt
1738 2074 1779 2105 ad
1799 2073 1950 2117 aliquem
1976 2075 2121 2107 modum
2146 2074 2257 2107 tradi-

1278 2133 1353 2159 tum
1377 2125 1413 2156 in
1438 2123 1595 2169 quinque
1618 2123 1922 2167 praedicabilibus.
1974 2123 2045 2157 Sed
2067 2124 2104 2157 in
2121 2124 2257 2158 minore

1281 2175 1436 2208 Verbum
1461 2181 1510 2207 est
1535 2186 1634 2214 caro,
1664 2174 1766 2217 longe
1789 2174 1855 2206 alia
1880 2175 2052 2208 connexio
2080 2181 2149 2215 est,
2184 2187 2257 2208 non

1280 2237 1476 2269 congruens
1493 2225 1536 2258 ad
1557 2225 1752 2258 doctrinam
1778 2225 1935 2269 quinque
1957 2225 2257 2269 praedicabilium.

1280 2277 1457 2322 Loquitur
1478 2275 1571 2308 enim
1599 2276 1723 2319 copula
1747 2276 1789 2308 de
1812 2276 1946 2309 unione
1969 2276 2145 2320 personali
2169 2277 2256 2309 dua-

1280 2340 1358 2361 rum
1383 2334 1600 2361 naturarum.
1655 2325 1773 2358 Verbo
1798 2326 1898 2359 unita
1928 2333 1977 2360 est
2008 2325 2160 2360 humana
2192 2338 2256 2358 na-

1281 2385 1370 2418 tura,
1398 2388 1500 2422 quam
1519 2377 1682 2409 assumsit
1700 2377 1736 2409 in
1755 2377 1832 2410 alvo
1850 2378 1972 2410 matris
1989 2377 2146 2420 virginis.
2180 2375 2257 2410 Etsi

1281 2435 1407 2468 autem,
1435 2434 1472 2460 ut
1488 2438 1586 2470 saepe
1606 2427 1673 2459 iam
1692 2427 1783 2468 dixi,
1810 2427 1847 2460 in
1865 2434 1934 2461 tota
1951 2427 2140 2461 Dialectica
2160 2439 2258 2471 spar-

1281 2491 1337 2512 sae
1362 2485 1444 2513 sunt
1469 2477 1608 2520 regulae
1642 2479 1991 2522 consequentiarum,
2024 2484 2141 2511 tamen
2160 2476 2256 2512 hunc

1281 2531 1396 2562 locum
1432 2529 1561 2562 talibus
1593 2528 1988 2562 commonefactionibus
2015 2529 2180 2567 attribui,
2219 2536 2257 2563 ut

1282 2581 1392 2622 magis
1418 2579 1454 2611 in
1478 2586 1665 2623 conspectu
1688 2580 1775 2620 sint,
1814 2585 1847 2612 et
1866 2584 1904 2611 ut
1932 2575 2000 2611 huc
2023 2579 2258 2614 asscribantur

1281 2631 1412 2663 similes
1431 2630 1621 2663 sententiae
1636 2641 1696 2663 seu
1721 2629 1876 2672 regulae,
1904 2640 1992 2673 quae
2019 2630 2258 2664 dexteritatem

1283 2680 1433 2715 afferunt
1450 2681 1487 2712 in
1504 2681 1702 2714 iudicandis
1719 2679 1986 2723 consequentiis.
