2379 2948
202 145 273 183 195
411 144 619 183 SCRIPTA
646 145 722 181 PH.
749 144 864 181 MEL.
892 143 960 181 AD
986 145 1113 183 HIST.
1138 145 1283 187 PROF.
1313 146 1379 184 ET
1406 145 1597 185 PHILOS.
1625 145 1946 187 SPECTANTIA.
2144 149 2217 186 196

303 230 439 265 Harum
450 232 626 265 variarum
644 230 821 264 actionum
833 231 1029 266 observatio
1057 244 1182 276 magna

207 288 256 315 est
274 282 454 326 sapientia.
505 280 551 315 Et
575 280 657 314 binc
682 281 829 314 iudicari
847 294 1034 326 corporum
1055 284 1182 317 altera-

206 333 318 365 tiones
350 334 497 371 multae,
533 338 565 363 et
587 331 777 364 multarum
808 331 1030 366 effectionum
1062 345 1183 367 causae

208 381 423 426 deprehendi
447 387 610 424 possunt,
654 387 693 414 ut
717 381 754 413 in
779 383 923 425 pulvere
954 384 1185 417 tormentario

207 433 400 466 subiectum
428 437 478 463 est
499 431 603 464 carbo
626 431 744 472 tiliae,
775 433 836 476 qui
859 440 908 466 est
926 434 1073 467 crassior
1096 445 1187 478 pars,

209 482 382 516 sustinens
397 481 467 513 duo
486 482 679 522 contraria,
708 493 796 526 quae
812 484 912 528 quasi
929 482 1011 517 huic
1029 485 1108 517 alvo
1131 484 1187 516 in-

209 538 393 569 seruntur,
439 531 571 565 scilicet
605 530 765 576 Sulphur
791 540 824 566 et
855 533 1009 568 Nitrum.
1074 533 1187 567 Aiunt

210 582 320 622 enim,
366 581 479 615 tiliam
526 582 685 615 omnium
730 584 894 617 arborum
937 583 1186 617 calidissimam

209 644 295 665 esse:
322 632 450 665 deinde
473 630 623 677 sulphur
640 639 763 666 natura
779 634 924 673 viscosa,
952 635 1053 668 a'e'rea
1071 641 1104 668 et
1117 642 1187 668 ter-

209 682 347 722 restris,
374 682 525 715 facilime
550 683 807 724 inflammatur,
834 692 866 718 et
888 685 1042 728 concipit
1060 685 1188 727 ignem.

207 732 350 766 Nitrum
366 744 448 765 vero
468 739 499 766 et
517 741 639 767 natura
659 745 718 766 sua
742 734 867 767 acriter
886 735 999 779 pellit,
1026 733 1132 769 ethic
1148 746 1188 768 eo

210 783 310 827 pellit
335 783 467 824 acrius,
500 784 581 828 quia
608 792 766 827 pugnant
791 785 883 817 inter
904 797 938 818 se
963 785 1052 828 ignis
1076 793 1109 819 et
1132 785 1189 818 ni-

211 840 316 867 trum.
368 832 445 866 Hoc
472 834 668 877 exemplum
694 847 733 867 eo
758 836 934 876 recensui,
961 836 1043 881 quia
1069 842 1187 870 osten-

209 884 261 917 dit
288 883 470 928 qualitates
503 881 632 917 habere
655 885 779 918 miram
806 886 1008 920 varietatem
1034 887 1189 920 effectio-

209 945 314 974 num,
341 940 375 967 et
397 945 435 966 ex
466 934 771 968 animadversione
801 933 925 969 harum
951 937 1190 978 effectionum,

210 984 321 1017 multa
338 984 487 1017 iudicari
508 984 544 1016 in
563 985 780 1028 corporibus,
831 986 956 1021 Monet
971 988 1073 1022 etiam
1091 1000 1109 1021 a
1125 1000 1190 1031 po-

211 1034 356 1068 steriore
371 1034 436 1068 iter
452 1046 543 1075 esse,
571 1035 608 1067 in
625 1033 689 1068 hac
706 1036 922 1079 inspectione
939 1045 971 1071 et
987 1038 1189 1071 considera-

210 1085 306 1119 tione
323 1091 546 1125 naturarum,
572 1086 615 1118 ad
633 1085 760 1128 priora.
814 1087 906 1120 Nam
931 1088 1096 1121 inventor
1111 1088 1190 1132 pul-

209 1135 301 1168 veris
332 1135 550 1167 tormentarii
579 1133 811 1178 deprehendit
842 1134 934 1170 hanc
960 1144 1093 1171 tantam
1117 1137 1188 1170 vim

211 1185 365 1229 pellendi
380 1196 450 1217 esse
469 1185 505 1216 in
523 1182 578 1217 his
596 1185 700 1218 rebus
719 1185 860 1227 iunctis,
876 1199 954 1220 cum
971 1188 1059 1222 vidit
1075 1200 1190 1221 exem-

208 1235 327 1279 plum,
354 1246 414 1267 seu
434 1234 710 1278 experimentum
735 1235 891 1281 aliquod.
943 1236 1081 1271 Deinde
1107 1250 1190 1271 vero

211 1285 353 1318 effectus
369 1285 480 1318 multa
498 1291 618 1318 monet
632 1286 675 1318 de
693 1286 816 1327 causis,
844 1287 1007 1321 videlicet
1032 1290 1075 1321 de
1104 1301 1191 1334 qua-

209 1335 346 1369 litatum
363 1342 499 1371 natura.
551 1334 712 1380 Cumque
737 1347 873 1381 semper
896 1340 1110 1381 respondent
1133 1351 1191 1372 ex-

209 1385 418 1429 perimenta,
440 1397 512 1417 non
529 1391 642 1428 potest
658 1385 803 1427 incerta,
829 1394 887 1421 aut
902 1389 1005 1421 fallax
1021 1389 1091 1422 dici
1107 1387 1191 1422 haec

210 1435 376 1477 cognitio,
429 1434 544 1477 Quare
559 1441 758 1474 teneamus,
785 1437 879 1481 quod
894 1437 1113 1471 verissimum
1131 1446 1191 1479 est,

212 1496 284 1518 esse
300 1485 491 1518 multarum
508 1496 644 1525 rerum,
670 1485 707 1517 in
724 1492 849 1519 natura
868 1498 984 1520 veram
1011 1495 1044 1521 et
1062 1495 1190 1522 certam

212 1535 459 1578 cognitionem,
487 1535 622 1568 etiamsi
642 1546 714 1568 non
733 1536 850 1569 omnia
869 1538 1093 1581 pervestigari
1112 1550 1191 1582 pos-

212 1592 305 1620 sunt.
358 1584 452 1618 Haec
476 1597 553 1618 cum
573 1596 676 1628 supra
700 1586 790 1619 dicta
814 1587 884 1620 sint
905 1588 948 1620 de
972 1589 1192 1629 certitudine,

210 1647 306 1668 nuuc
323 1646 399 1668 sum
418 1635 575 1675 brevior,
601 1635 665 1668 etsi
680 1642 816 1669 tantum
833 1637 911 1670 ideo
929 1638 971 1670 de
988 1640 1094 1672 modo
1110 1652 1192 1684 pro-

209 1685 356 1719 cedendi
372 1685 572 1727 disseritur,
596 1692 636 1720 ut
653 1686 826 1720 certitudo
843 1695 1043 1733 quaeratur.

212 1796 317 1837 Quae
345 1799 403 1830 est
435 1796 555 1829 series
578 1797 751 1839 partium
778 1795 974 1832 doctrinae
1000 1797 1190 1845 physicae,

398 1856 463 1879 seu
491 1848 552 1890 qui
577 1851 666 1880 sunt
689 1849 886 1893 praecipui
909 1847 1008 1882 loci?

310 1926 442 1961 Notum
459 1934 527 1968 est,
554 1926 781 1962 Aristotelem
803 1930 904 1964 initio
922 1931 1037 1965 dicere
1054 1933 1097 1965 de
1116 1945 1190 1966 ma-

210 1977 298 2011 teria
318 1978 584 2011 elementorum.
649 1978 717 2012 Sed
743 1991 808 2013 nos
832 1981 1013 2015 ordiemur
1037 1995 1055 2016 a
1079 1983 1190 2026 prima

211 2039 313 2061 causa
346 2028 537 2068 efficiente,
574 2035 606 2061 et
625 2039 644 2061 a
666 2030 871 2072 corporibus
897 2032 1126 2073 coelestibus,
1153 2042 1191 2067 ut

210 2076 310 2110 Plato
328 2077 365 2109 in
376 2077 535 2117 Timaeo,
561 2084 601 2111 ut
611 2079 759 2111 studiosi
775 2080 877 2113 initio
894 2082 1055 2115 ordinem
1073 2096 1188 2117 rerum

210 2128 475 2171 praecipuarum
504 2128 540 2160 in
568 2134 691 2161 natura
716 2129 949 2167 considerent.
1001 2130 1047 2166 Et
1066 2146 1189 2177 magna

210 2189 290 2221 pars
307 2184 356 2211 est
372 2178 600 2216 eruditionis,
628 2178 760 2211 intueri
778 2191 848 2220 res,
876 2181 1000 2214 ordine
1019 2183 1190 2218 distribu-

208 2234 282 2268 tas,
309 2234 342 2262 et
365 2228 588 2261 mediocriter
613 2229 851 2270 considerare,
878 2243 964 2276 quae
984 2232 1021 2265 in
1043 2234 1189 2277 singulis

210 2278 368 2320 partibus
395 2278 556 2311 doctrina
577 2278 668 2312 vitae
690 2279 787 2313 utilis
818 2289 1047 2326 proponatur.
1108 2285 1189 2320 Sint

210 2327 316 2370 igitur
334 2326 370 2360 hi
387 2328 453 2361 loci
470 2328 668 2372 praecipui:

310 2385 363 2419 De
379 2385 465 2420 Deo.

309 2436 367 2468 De
386 2436 619 2479 providentia.

309 2484 362 2518 De
379 2486 628 2529 contingentia.

306 2533 360 2569 De
377 2536 523 2570 mundo.

306 2585 365 2618 An
381 2586 535 2618 mundus
551 2584 595 2619 sit
610 2585 748 2626 finitus,
775 2596 834 2624 aut
852 2589 1020 2628 infinitus.

305 2634 405 2678 Quae
422 2635 466 2668 sit
483 2635 592 2678 figura
616 2638 751 2671 mundi.

303 2684 429 2721 Sintne
456 2685 574 2731 plures
598 2687 737 2725 mundi.

1332 233 1386 269 De
1402 233 1609 278 corporibus
1624 233 1856 278 simplicibus.

1338 283 1391 319 De
1414 285 1524 318 coelo.

1337 335 1389 369 De
1408 335 1538 376 stellis,
1574 342 1607 369 et
1625 346 1745 369 earum
1763 335 1920 370 motibus
1943 342 1977 370 et
1995 335 2141 374 viribus.

1338 383 1390 418 De
1407 385 1598 422 elementis.

1337 433 1390 468 De
1416 435 1600 479 principiis
1639 435 1868 471 interioribus
1896 448 2083 481 corporum
2115 444 2217 472 natu-

1444 484 1586 520 ralium.

1339 532 1393 567 De
1419 535 1576 571 materia.

1340 583 1394 617 De
1410 585 1534 620 forma.

1340 633 1394 668 De
1418 634 1629 678 privatione.

1341 684 1393 718 De
1409 684 1532 720 causis.

1341 734 1553 769 Partitiones
1569 735 1686 769 variae
1703 747 1898 773 causarum.

1343 784 1440 827 Quid
1458 785 1502 819 sit
1520 798 1620 819 causa
1637 798 1717 820 vere
1734 787 1782 820 sic
1798 788 1900 821 dicta.

1343 835 1440 879 Quid
1470 848 1588 877 causa,
1629 837 1705 870 sine
1733 849 1800 882 qua
1826 850 1919 879 non,
1961 850 2065 884 quam
2092 838 2219 874 Graeci

1445 893 1616 920 vocarunt
1798 886 1901 925 .

1343 935 1443 978 Quae
1459 937 1530 971 sint
1545 949 1667 971 causae
1691 950 1753 982 per
1768 949 1815 973 se

1346 987 1446 1029 Quae
1469 987 1712 1024 accidentales.

1345 1036 1445 1079 Quae
1459 1037 1529 1070 sint
1559 1038 1725 1081 integrae.

1344 1086 1444 1129 Quae
1459 1087 1634 1131 partiales,

1345 1137 1445 1179 Quae
1470 1138 1702 1183 propinquae.

1345 1187 1444 1230 Quae
1462 1194 1626 1223 remotae.

1347 1238 1447 1280 Quae
1464 1237 1534 1271 sint
1556 1238 1783 1274 universales.

1345 1288 1445 1330 Quae
1464 1288 1701 1332 particulares.

1346 1337 1446 1380 Quae
1461 1339 1531 1371 sint
1547 1339 1770 1382 principales,

1347 1388 1448 1429 Quae
1465 1388 1582 1418 minus
1598 1387 1818 1430 principales.

1346 1436 1446 1479 Quae
1463 1437 1758 1471 instrumentales,

1347 1487 1447 1530 Quae
1460 1487 1530 1519 sint
1547 1487 1735 1521 naturales.

1347 1537 1447 1580 Quae
1467 1537 1697 1572 voluntariae.

1347 1588 1445 1631 Quae
1468 1584 1791 1632 .

1346 1638 1446 1681 Quae
1460 1633 1746 1684 .

1348 1688 1444 1731 Quid
1462 1687 1506 1720 sit
1522 1694 1658 1722 natura.

1348 1738 1445 1781 Quid
1470 1748 1536 1772 ars.

1346 1788 1398 1822 De
1413 1788 1554 1821 fortuna
1576 1794 1610 1821 et
1633 1798 1725 1821 casu.

1346 1838 1400 1873 De
1427 1838 1509 1872 fato.

1344 1889 1397 1924 De
1412 1894 1511 1922 motu
1528 1894 1560 1921 et
1577 1887 1757 1930 speciebus
1772 1893 1887 1921 motus
1910 1895 2069 1933 quatuor.

1345 1940 1397 1974 De
1413 1945 1590 1982 tempore,
1623 1938 1666 1970 de
1689 1938 1788 1979 loco,
1815 1939 1859 1972 de
1881 1950 2001 1973 vacuo.

1344 1989 1397 2024 De
1414 1988 1621 2031 corporibus
1639 1987 1768 2023 mixtis,

1344 2040 1397 2074 De
1428 2038 1550 2083 primis
1574 2038 1819 2082 qualitatibus,
1856 2046 1890 2074 et
1920 2051 2039 2074 earum
2074 2040 2164 2073 inter
2186 2051 2220 2073 se

1446 2088 1651 2133 pugnantia.

1344 2139 1397 2175 De
1416 2139 1527 2172 causis
1545 2139 1781 2181 generationis
1799 2148 1831 2175 et
1851 2140 2097 2184 corruptionis.

1344 2190 1397 2224 De
1413 2190 1613 2234 imperfecte
1631 2190 1761 2224 mixtis.

1341 2240 1394 2275 De
1409 2239 1614 2285 [.

1342 2291 1396 2326 De
1414 2291 1528 2324 tribus
1558 2289 1761 2333 regionibus
1783 2288 1884 2325 a'eriS.

1340 2341 1393 2376 De
1413 2341 1603 2385 vaporibus
1629 2347 1661 2373 et
1680 2337 1861 2380 halitibus,
1888 2351 2079 2387 eorumque
2096 2341 2216 2375 causis.

1340 2391 1394 2426 De
1410 2391 1551 2435 ignibus
1568 2390 1673 2424 variis
1689 2390 1726 2423 in
1744 2391 1825 2424 ae're
1843 2390 1944 2425 natis.

1339 2441 1393 2476 De
1419 2441 1531 2475 causis
1552 2440 1763 2483 fulminum,
1795 2440 1963 2483 tonitrui,
1989 2440 2156 2485 fulguris,
2185 2448 2215 2475 et

1443 2491 1624 2527 similium,

1337 2541 1390 2575 De
1408 2541 1564 2575 cometis.

1335 2590 1389 2626 De
1405 2592 1506 2627 iride.

1334 2641 1387 2676 De
1404 2639 1542 2677 halone.

1331 2691 1385 2727 De
1401 2692 1524 2728 ventis.
