2379 2948
207 144 281 179 599

447 134 655 174 SCRIPTA
682 132 760 167 PII.
787 127 902 163 MEL.
933 125 998 161 AD
1025 122 1152 160 IllST.
1181 120 1323 158 PROF.
1350 119 1416 157 ET
1441 118 1633 155 PHILOS.
1660 118 1980 156 SPECTANTIA.

2145 119 2221 154 600

209 235 289 261 tres.
345 221 550 257 Aristoteles
575 230 637 263 pro
660 214 715 249 his
740 214 877 253 verbis,
902 211 982 245 Dici
1005 211 1048 243 de
1072 206 1183 247 omni,
1239 219 1305 240 nor
1327 207 1370 240 de
1391 205 1600 239 liberatione
1622 204 1759 237 animae
1785 203 1828 236 ab
1855 203 1907 237 ira
1923 202 2009 245 Dei,
2035 204 2223 248 a‘peccato,

210 282 355 320 usurpat
372 282 404 307 et
426 271 514 306 banc
531 272 693 303 sormam:
722 265 760 300 ἐν
778 264 850 310 ‹iio›
866 260 955 298 εἶναι
973 261 1095 307 ἕτερον
1111 255 1184 291 ἐτέ-

212 340 292 370 (ior.
341 326 498 357 Alterum
520 322 556 353 in
573 319 681 352 altero
698 324 770 350 toto
788 326 876 353 esse,
903 314 939 346 id
956 319 1025 352 est,
1052 314 1190 354 oportet

214 378 249 409 iu
271 384 341 409 toto
360 374 512 406 subiecto
533 369 675 402 maioris
699 366 833 400 includi
856 364 1051 398 subiectum
1075 359 1190 393 mino-

215 428 280 466 ris,
307 432 343 458 ut
363 435 434 455 nou
452 422 543 454 valet
558 417 823 463 consequentia:

368 473 522 515 Quidam
539 481 635 512 reges
649 476 730 502 sunt
746 467 845 507 iusti,

368 523 461 556 Fero
480 529 529 555 est
544 533 622 560 rex,

369 571 463 615 Ergo
479 572 571 605 Nero
590 576 638 603 est
656 569 778 602 iustus.

319 623 387 657 Ilic
410 623 504 657 Nero
529 632 602 654 nou
629 626 679 652 est
702 619 739 650 in
759 623 832 650 toto
857 614 1011 648 subiecto
1035 609 1196 644 maioris:

220 688 300 710 nam
319 675 367 707 ibi
388 674 581 707 subiectum
600 671 643 703 de
659 669 737 702 aliis
755 667 965 711 quibusdam
986 662 1125 704 regibus
1145 660 1198 691 lo·

221 727 359 772 quitur,
385 736 456 756 non
483 724 524 755 de
541 721 680 755 Nerone
705 724 766 752 aut
780 716 953 759 Caligula.
1004 712 1110 746 Nulla
1135 709 1200 753 igi-

222 785 280 811 tur
297 775 467 809 connexio
485 780 546 807 est.

325 877 399 910 Dic
417 874 566 920 regulas
581 870 776 918 generales
796 865 841 900 de
855 863 1101 910 Sylloyismis.

586 946 734 980 Prima
762 950 838 978 est.

325 1016 378 1051 Ex
394 1016 490 1060 puris
507 1013 675 1057 negativis
694 1022 767 1043 non
786 1019 923 1042 necesse
950 1012 1000 1038 est
1025 1002 1123 1048 sequi
1148 1013 1207 1034 ve-

227 1081 300 1102 ram
324 1067 606 1103 conclusionem,
640 1062 721 1107 quia
747 1059 925 1102 negativae
951 1056 1027 1088 sine
1052 1054 1208 1087 ullorum

229 1127 460 1153 extremorum
480 1114 697 1149 counexione
714 1111 820 1143 nimis
837 1110 904 1141 late
922 1110 1104 1149 vagantur,
1131 1110 1186 1136 ut:

381 1167 506 1201 Nullus
523 1165 610 1208 lapis
628 1170 676 1196 est
694 1160 923 1204 baptizandus
935 1184 943 1198 ,

380 1217 507 1251 Nullus
525 1216 640 1247 infans
659 1219 707 1245 est
726 1211 834 1254 lapis,

380 1266 475 1310 Ergo
494 1266 614 1299 nullus
631 1264 745 1296 infans
763 1267 813 1293 est
829 1256 1070 1303 baptizandus-

613 1346 834 1382 Secunda.

335 1417 377 1450 ln
398 1416 599 1462 syllogismo
616 1425 687 1446 non
705 1412 775 1444 sint
793 1410 910 1453 plures
925 1405 1080 1446 termini,
1107 1413 1212 1448 quam

235 1477 326 1507 tres,
352 1468 433 1513 quia
451 1467 613 1500 turbatur
632 1461 803 1496 connexio
816 1485 824 1498 ‚
851 1467 906 1493 ut:

388 1516 518 1551 Omnis
533 1515 755 1557 magistratus
774 1510 935 1554 politicus
951 1506 1055 1540 debet
1081 1504 1114 1537 vi
1136 1515 1215 1536 cor·

442 1567 553 1611 porali
573 1568 730 1597 coercere
746 1567 966 1594 contumaces
978 1584 987 1598 ‚

387 1618 512 1651 Petrus
528 1623 577 1648 est
596 1613 806 1658 Apostolus,

390 1666 485 1710 Ergo
510 1666 632 1699 Petrus
663 1664 695 1695 vi
723 1660 897 1705 corporali
927 1661 1085 1692 coercere
1115 1655 1215 1688 debet

441 1720 582 1750 Annam
604 1721 636 1748 et
652 1710 832 1757 Caipham.

341 1770 382 1803 In
400 1767 467 1801 hoc
485 1766 687 1812 syllogismo
703 1763 800 1796 nulla
818 1767 868 1794 est
885 1758 1034 1792 minoris
1050 1758 1091 1790 ad
1107 1756 1219 1789 maio-

242 1834 313 1856 rem
331 1818 514 1853 connexio.
555 1816 645 1849 Nam
664 1814 883 1857 magistratus
902 1809 1068 1854 politicus
1082 1815 1112 1841 et
1122 1808 1220 1850 Apo-

244 1873 354 1905 stolus
367 1871 471 1911 louge
485 1867 665 1900 differunt.
717 1864 808 1898 Sunt
830 1863 938 1905 igitur
959 1870 1082 1903 scopae
1107 1858 1220 1890 disso-

245 1924 355 1960 lutae,
382 1932 460 1952 cnm
478 1919 549 1951 sint
566 1923 719 1961 quatuor
737 1913 893 1948 termini,
941 1910 1044 1943 Hanc
1064 1908 1220 1951 regulam

246 1972 349 2006 initio
371 1971 556 2003 observent
580 1967 756 2006 iuniores,
781 1964 863 2009 quia
887 1969 1008 2006 postea
1032 1960 1222 1993 multarum

247 2022 447 2066 regularum
464 2019 544 2052 sons
561 2024 622 2050 est.

652 2098 822 2133 Tertia.

352 2169 554 2205 Cavendum
570 2173 638 2207 est,
662 2177 708 2199 ne
723 2165 766 2198 sit
781 2162 990 2205 ambiguitas
1003 2161 1041 2194 in
1056 2160 1231 2200 terminis,

252 2224 334 2270 quia
350 2222 532 2264 ambiguae
555 2228 656 2250 voces
679 2228 758 2249 rum
781 2214 911 2247 faciant
932 2219 1087 2258 quatuor
1107 2211 1227 2245 termi-

254 2287 335 2316 nos,
360 2268 559 2305 distrahunt
578 2266 842 2301 connexionem.

406 2322 535 2355 Nullus
550 2329 670 2352 servus
686 2323 736 2350 est
753 2316 865 2358 liber,

405 2371 542 2407 Omnes
570 2381 652 2402 vere
679 2368 862 2402 credentes
888 2361 1107 2406 Evangelio,
1147 2367 1230 2394 sunt

454 2421 580 2460 liberi,

404 2471 498 2516 Ergo
521 2470 612 2504 nulli
634 2479 716 2502 vere
738 2467 919 2501 credentes
931 2461 1128 2508 Evangelio
1148 2468 1231 2496 sunt

460 2534 563 2556 servi.

358 2581 523 2623 Neganda
554 2585 603 2612 est
636 2575 904 2622 consequentia,
936 2574 1018 2619 quia
1049 2584 1128 2606 cum
1160 2571 1232 2604 sint

259 2640 411 2679 quatuor
433 2630 592 2666 termini,
625 2629 721 2661 nulla
748 2634 797 2660 est
821 2625 991 2659 connexio
1016 2622 1164 2656 minoris
1188 2622 1231 2654 ad
1256 2636 1257 2641 ¹

258 2685 439 2718 maiorem,
479 2679 598 2714 Maior
613 2679 771 2722 loquitur
788 2678 832 2710 de
846 2677 1007 2710 libertate
1023 2674 1138 2715 civili,
1163 2671 1233 2706 mi-

1241 270 1259 291 a
1279 264 1389 290 morte
1404 264 1555 290 aeterna.
1609 254 1704 288 Haec
1724 253 1887 287 liberatio
1903 254 2038 288 animae
2055 267 2129 288 non
2153 255 2223 288 tol-

1243 309 1283 341 lit
1301 308 1418 341 civilia
1437 305 1641 341 discrimina
1660 315 1902 349 personarum.
1943 303 2044 337 Hanc
2065 305 2221 347 regulam

1243 359 1322 391 ideo
1339 358 1525 401 diligenter
1543 357 1729 390 observent
1746 355 1930 395 discentes,
1956 355 2037 399 quia
2054 355 2224 398 plurimae

1244 410 1331 442 fiunt
1357 409 1534 452 captiones
1560 419 1600 440 ex
1626 406 1811 447 ambiguis.
1872 402 1919 438 Et
1942 405 2032 437 infra
2054 405 2225 438 videbunt

1245 457 1310 492 hac
1338 459 1459 502 regula
1491 455 1743 501 comprehendi
1775 466 1896 489 omnes
1922 455 2079 489 fallacias
2107 455 2144 487 in
2170 454 2226 487 di·-

1248 510 1377 543 ctione.

1350 574 1430 608 IIuc
1448 574 1600 618 pertinet
1615 579 1649 606 et
1667 573 1727 607 illa
1742 571 1912 615 Diogenis
1929 571 2121 605 cavillatio:

1402 632 1508 674 Quod
1528 644 1588 675 ego
1606 644 1682 664 sum
1694 658 1704 672 ,
1725 639 1763 666 tu
1782 643 1854 665 non
1871 642 1924 670 es,

1403 680 1478 725 Ego
1499 693 1574 715 sum
1596 679 1723 719 homo,

1403 731 1497 775 Ergo
1515 739 1553 766 tu
1567 743 1640 765 non
1660 743 1694 764 es
1713 729 1831 766 homo.

1357 789 1580 833 Ambiguitas
1604 796 1654 822 est
1676 789 1713 822 in
1732 789 1839 822 verbo
1857 788 1955 823 Sum.
1993 789 2085 822 Nam
2104 789 2140 821 in
2160 799 2234 820 ma-

1256 843 1330 876 iore
1347 843 1375 874 si
1402 841 1611 884 intelligitur
1636 837 1885 885 ὑπαρκτικῶς,
1913 851 1992 871 vera
2018 840 2083 872 erit
2108 838 2234 873 maior.

1257 893 1433 937 Loquitur
1452 892 1546 924 euim
1565 897 1648 924 tunc
1664 892 1707 923 de
1725 890 1871 923 diversis
1887 890 2060 933 personis:
2086 887 2161 932 Ego
2183 888 2237 920 vi-

1258 955 1343 976 vens
1366 954 1483 976 meum
1507 953 1650 985 corpus,
1689 952 1767 973 mea
1798 952 1873 973 ossa
1903 938 2034 980 habeo,
2066 945 2105 971 tu
2135 946 2237 972 tuum

1260 1005 1402 1037 corpus,
1430 1000 1487 1025 tua
1507 1003 1581 1024 ossa
1599 989 1716 1025 habes,
1769 990 1839 1025 Sed
1860 991 1946 1023 falsa
1969 997 2018 1024 est
2045 989 2176 1027 maior,
2211 988 2240 1021 si

1260 1044 1384 1087 copula
1412 1043 1639 1084 intelligitur,
1665 1047 1799 1075 tantum
1823 1047 1863 1074 ut
1885 1052 2010 1081 nexus,
2042 1039 2240 1082 significans

1260 1093 1471 1127 vocabulum
1506 1103 1690 1125 commune
1724 1091 1915 1136 praedicari
1951 1091 1993 1123 de
2027 1090 2240 1133 angustiore.

1261 1144 1349 1178 Nam
1374 1150 1413 1177 ut
1436 1143 1612 1185 Diogenes
1635 1140 1741 1175 homo
1764 1148 1835 1182 est,
1858 1142 1905 1174 ita
1932 1148 1965 1174 et
1988 1139 2108 1181 Crates
2131 1138 2240 1172 homo

1262 1202 1323 1228 est.
1385 1193 1426 1227 In
1460 1193 1686 1226 conclusione
1716 1198 1832 1225 autern
1863 1189 1968 1224 huius
1998 1189 2243 1229 cavillationis,

1263 1257 1340 1278 cum
1357 1244 1481 1288 copula
1497 1250 1633 1277 tantum
1648 1249 1687 1276 ut
1701 1254 1811 1276 nexus
1823 1242 2052 1285 intelligatur,
2073 1252 2145 1274 non
2157 1251 2244 1273 con-

1263 1295 1356 1339 gruit
1370 1307 1448 1328 cum
1466 1294 1609 1327 maiore.

1655 1374 1837 1417 Quarta.

1365 1442 1445 1475 Non
1464 1442 1555 1474 valet
1572 1441 1832 1485 consequentia,
1856 1447 1988 1474 mutato
2006 1451 2130 1484 genere
2145 1450 2245 1483 prae-

1265 1493 1451 1526 dicationis
1475 1492 1625 1532 usitato‚
1659 1491 1695 1523 in
1721 1492 1943 1535 peregrinum
1969 1498 2002 1525 et
2026 1491 2244 1530 inusitatum,

1267 1544 1347 1589 quia
1366 1544 1402 1577 fit
1421 1542 1647 1585 ambiguitas,
1673 1548 1727 1574 ut:

1420 1598 1550 1632 Omnis
1567 1610 1646 1631 caro
1665 1605 1714 1631 est
1730 1604 1887 1630 creatura
1899 1623 1909 1638 ‚

1421 1649 1576 1682 Verbum
1591 1675 1598 1689 ,
1626 1650 1719 1693 quod
1739 1656 1787 1681 est
1804 1647 1915 1681 Filius
1932 1645 2019 1689 Dei,
2046 1654 2097 1681 est
2114 1659 2208 1691 caro,

1421 1698 1516 1743 Ergo
1535 1700 1682 1732 verbum
1700 1705 1749 1732 est
1767 1705 1936 1734 creatura.

1374 1757 1415 1791 In
1433 1758 1566 1791 maiore
1589 1757 1715 1790 usitata
1740 1756 1951 1800 praedicatio
1974 1763 2024 1790 est
2048 1757 2185 1800 generis
2206 1757 2249 1789 de

1271 1809 1400 1853 specie,
1436 1809 1528 1842 Caro
1556 1815 1606 1841 est
1632 1807 1825 1841 substantia
1851 1814 1974 1841 creata.
2035 1807 2075 1840 ln
2097 1807 2246 1847 minore,

1273 1860 1430 1893 verbum
1458 1866 1508 1893 est
1534 1871 1635 1898 caro,
1670 1857 1881 1902 praedicatio
1909 1864 1958 1891 est
1990 1857 2174 1897 inusitata,
2214 1862 2249 1890 et

1274 1921 1416 1955 prorsus
1449 1910 1562 1943 aliena
1585 1909 1629 1941 ab
1653 1908 1819 1941 omuibus
1841 1907 1919 1940 aliis
1944 1908 2126 1951 exemplis,
2160 1918 2250 1951 quae

1275 1963 1318 1994 de
1334 1960 1511 1994 communi
1527 1959 1650 1992 ordine
1669 1965 1813 1991 naturae
1841 1958 2046 2002 loquuntur.
2100 1957 2189 1990 Nam
2211 1957 2249 1989 in

1276 2010 1340 2044 hac
1357 2010 1612 2055 propositione,
1642 2008 1796 2041 Verbum
1820 2014 1869 2041 est
1892 2019 1990 2046 caro,
2018 2006 2084 2041 hoc
2107 2007 2249 2046 dicitur,

1278 2062 1434 2095 Verbum
1446 2058 1624 2099 esthomo,
1638 2065 1787 2091 assumta
1804 2055 1956 2091 humana
1975 2065 2099 2092 natura
2117 2058 2250 2091 unione

1277 2111 1465 2157 personali.
1516 2109 1598 2143 Ideo
1622 2121 1726 2153 supra
1751 2109 1891 2151 regulae
1912 2109 1955 2141 de
1980 2109 2126 2142 diversis
2149 2120 2254 2151 gene-

1278 2164 1376 2196 ribus
1394 2160 1693 2206 praedicationum
1710 2159 1857 2193 traditae
1879 2166 1978 2200 sunt,
2002 2167 2040 2193 ut
2064 2159 2253 2192 discrimen

1280 2214 1324 2247 sit
1346 2211 1564 2255 conspectius
1586 2210 1678 2243 inter
1700 2209 1842 2242 usitatas
1865 2216 1898 2243 et
1918 2211 2119 2251 inusitatas,
2145 2216 2179 2243 et
2195 2220 2253 2243 ca-

1279 2270 1428 2298 veantur
1446 2262 1590 2295 vitiosae
1607 2260 1852 2296 connexiones.

1666 2342 1846 2386 Quinta.

1382 2411 1437 2447 Ex
1453 2412 1551 2457 puris
1566 2411 1837 2455 particularibus
1851 2423 1923 2444 non
1938 2421 2075 2444 necesse
2089 2415 2139 2443 est
2155 2410 2255 2454 sequi

1283 2477 1399 2500 veram
1424 2463 1699 2497 conclusionem.
1750 2461 1788 2495 Si
1813 2463 1955 2506 quando
1977 2461 2070 2494 enim
2092 2472 2172 2493 vera
2196 2461 2253 2492 in-

1283 2519 1413 2555 fertur‚
1438 2514 1472 2546 id
1500 2513 1535 2546 fit
1558 2524 1657 2552 casu,
1683 2523 1756 2545 non
1774 2512 1848 2555 lege
1863 2511 2156 2557 syllogismorum.
2207 2509 2254 2544 Et

1283 2568 1391 2601 multa
1410 2562 1570 2597 homines
1588 2563 1671 2596 falsa
1690 2562 1944 2596 ratiocinantur
1958 2558 2023 2593 hoc
2038 2562 2154 2601 modo,
2176 2573 2255 2593 cum

1284 2631 1325 2652 ex
1348 2614 1618 2661 particularibus
1641 2619 1806 2647 extruunt
1831 2611 2072 2645 conclusiones
2096 2623 2169 2644 non
2194 2622 2256 2643 ne-

1285 2667 1433 2704 cessario
1447 2671 1649 2710 sequentes,
1672 2670 1727 2697 ut:
