2379 2948
118 88 191 123 493
752 86 815 122 lv.

116 171 324 212 sententias,
351 183 456 216 quam
476 172 664 215 diligenter
687 178 895 205 conservent
922 172 1101 210 decorum,

116 229 248 268 quanto
275 222 424 255 consilio
447 223 638 267 disponant
662 230 777 266 partes
795 222 832 254 in
853 222 976 254 causis.
1032 219 1099 254 Ubi

115 279 326 317 praeparent
351 273 570 313 auditorem,
604 273 664 305 ubi
693 279 856 312 narrent,
890 272 953 304 ubi
978 270 1099 314 dispu-

115 331 205 364 tent,
233 324 295 357 ubi
312 325 465 357 refutent
480 321 737 363 adversarium,
763 323 942 367 quomodo
960 322 997 354 in
1021 321 1098 364 epi-

115 375 203 418 logis
226 375 359 408 addant
382 381 498 407 motus
525 379 558 406 et
584 373 728 406 affectus
753 372 917 406 orationi.
977 371 1098 416 ltaque

115 425 179 459 etsi
198 436 290 458 unus
305 424 428 458 Cicero
444 423 593 456 maxime
607 423 743 457 excellit
757 424 860 456 etiam
884 424 921 455 in
947 420 1002 456 his
1025 423 1096 454 vir-

114 476 267 516 tutibus,
293 482 409 509 tamen
426 474 484 506 alii
503 485 643 518 quoque
662 486 734 506 non
752 473 866 506 solum
877 473 1008 511 Latini,
1037 473 1095 505 sed

114 533 147 560 et
165 525 292 559 Graeci
310 536 466 558 exercere
484 530 518 557 et
533 535 655 557 acuere
676 525 852 557 studiosos
876 530 1039 568 possunt,
1067 523 1096 555 si

114 577 210 610 locos
227 583 330 620 atque
347 574 491 607 consilia
511 586 633 607 eorum
658 575 694 607 in
720 575 935 608 inveniendo
961 587 1000 608 ac
1024 574 1096 610 dis-

112 628 278 671 ponendo
296 625 488 659 imitentur.
541 623 588 659 Et
610 625 788 658 interdum
812 626 1004 668 gloriosum
1030 624 1095 658 erit

114 690 168 710 res
200 676 336 709 easdem
363 676 407 708 ab
440 675 511 709 illis
545 683 701 720 sumptas
733 677 776 709 ad
806 683 942 710 nostras
975 686 1096 708 causas

112 735 191 772 apte
213 726 412 761 transferre.
465 725 775 769 Quemadmodum
799 728 909 760 multa
936 726 1096 759 videmus

110 778 316 812 Ciceronem
346 777 391 810 ab
425 775 596 817 Isocrate,
630 790 648 810 a
673 777 822 810 Platone
859 784 891 811 et
918 789 936 810 a
963 775 1095 810 Demo-

110 826 232 862 sthene
255 827 455 871 sumpsisse.
514 827 729 873 Quanquam
761 826 827 861 hoc
856 828 965 871 magis
994 838 1095 872 prae-

109 879 274 912 standum
293 884 360 918 est,
388 885 426 911 ut
442 877 618 912 discamus
639 879 766 912 similia
785 879 1025 923 exemplorum
1042 877 1095 921 gi-

109 941 234 972 gnere,
267 927 357 961 sicut
380 928 467 962 boni
492 928 642 973 pictores
667 942 739 962 non
770 935 998 967 mutuantur,
1034 929 1094 961 sed

108 980 293 1012 imitantur
310 980 441 1012 formas
458 991 497 1012 ac
513 986 629 1022 gestus
644 980 804 1014 virorum
824 992 1024 1024 corporum.

211 1027 274 1062 Est
301 1036 334 1062 et
360 1030 533 1072 generalis
555 1032 727 1075 quaedam
751 1031 900 1064 imitatio
923 1030 1095 1064 elocutio-

109 1080 174 1121 nis,
202 1081 297 1125 quod
314 1081 358 1113 ad
374 1081 640 1123 grammaticum
658 1093 856 1115 sermonem
874 1081 1010 1122 attinet,
1033 1080 1095 1125 qui

108 1142 181 1164 non
203 1130 318 1164 solum
342 1131 452 1164 latina
483 1132 608 1172 verba,
635 1133 694 1165 sed
719 1132 824 1166 etiam
847 1129 994 1176 phrasin
1011 1131 1094 1164 lati-

107 1193 189 1214 nam
208 1181 368 1226 requirit.
419 1180 509 1215 Cum
533 1182 626 1215 enim
644 1180 710 1216 hoc
727 1189 885 1227 tempore
902 1189 973 1216 tota
991 1181 1094 1215 nobis

107 1231 216 1265 latina
232 1232 354 1276 lingua
371 1243 411 1265 ex
428 1232 528 1265 libris
546 1233 712 1266 discenda
729 1240 798 1274 est,
824 1233 927 1266 facile
942 1231 1093 1265 iudicari

107 1289 221 1324 potest
242 1283 279 1314 in
305 1280 369 1315 hac
393 1290 490 1326 parte
512 1283 743 1316 necessariam
761 1295 832 1316 esse
850 1283 1094 1322 imitationem,

106 1337 145 1364 ul.
161 1336 294 1362 certum
311 1333 483 1362 sermonis
499 1344 628 1371 genus,
656 1335 750 1374 quod
770 1334 902 1378 ubique
928 1341 958 1366 et
976 1333 1092 1365 omni-

105 1382 172 1413 bus
197 1379 370 1412 aetatibus
399 1379 549 1422 intelligi
575 1380 684 1423 possit
707 1381 810 1413 nobis
837 1391 1091 1423 comparemUS.

107 1430 196 1473 Quis
213 1431 307 1462 enim
331 1430 497 1472 intelligit
523 1430 625 1471 istos,
651 1431 712 1476 qui
739 1439 936 1474 genuerunt
959 1443 1091 1464 novum

105 1481 283 1526 quoddam
306 1480 478 1513 sermonis
502 1492 629 1524 genus,
655 1481 777 1526 quales
793 1489 895 1520 sunt,
923 1479 1092 1522 Thomas,

105 1532 251 1571 Scottis,
286 1537 319 1564 et
340 1531 483 1565 similes.
545 1531 646 1565 Certa
671 1533 779 1575 igitur
803 1539 896 1566 aetas
925 1540 1089 1566 autorum

104 1583 265 1625 eligenda
289 1588 355 1621 est,
382 1581 443 1626 qui
468 1583 710 1626 propriissime
726 1589 758 1616 et
776 1583 964 1627 purissime
981 1583 1089 1616 locuti

105 1639 199 1667 sunt.
261 1630 314 1665 Ac
341 1632 413 1665 fere
437 1632 494 1673 fit,
535 1639 573 1666 ut
598 1634 870 1677 prudentissime
897 1634 1091 1678 loquantur

103 1683 228 1723 etiam,
254 1683 314 1727 qui
332 1682 455 1715 dicunt
477 1683 674 1727 purissime.
727 1683 847 1726 Quare
872 1684 916 1717 ab
938 1682 993 1716 his
1017 1696 1089 1716 non

103 1740 241 1767 tantum
265 1744 399 1773 sermo,
426 1735 484 1766 sed
503 1733 645 1767 interim
661 1745 715 1766 res
731 1746 872 1779 quoque
889 1735 1090 1776 cognitione

103 1784 230 1827 dignae
254 1783 347 1817 sumi
378 1791 524 1828 queunt.
585 1784 731 1818 Constat
762 1791 880 1818 autem
906 1784 1090 1818 Ciceronis

101 1841 234 1874 aetate,
269 1834 507 1878 eloquentiam
532 1833 732 1868 Romanam
758 1836 946 1879 perfectam
970 1835 1087 1870 fuisse.

100 1884 256 1918 Proinde
288 1891 400 1917 totum
429 1885 518 1918 illud
547 1885 702 1918 seculum
739 1886 844 1918 nohis
872 1885 1088 1919 imitandum

100 1946 360 1980 proponamus,
387 1935 552 1969 videlicet
569 1935 793 1974 Ciceronem,
821 1935 1028 1977 Caesarem,
1056 1943 1087 1970 et

100 1986 205 2029 paulo
237 1986 453 2030 superiorem
486 1984 542 2019 his
565 1985 797 2027 Terentium,
839 1993 872 2020 et
905 1987 1087 2031 aliquanto

100 2036 301 2069 inferiorem
325 2036 479 2070 Livium.
537 2035 665 2070 Plauto
693 2037 797 2070 etiam
826 2035 923 2069 ‘nihil
949 2037 1087 2070 facilius

102 2092 162 2120 est.
215 2085 399 2130 Legendus
421 2094 471 2121 est
492 2093 523 2120 et
547 2086 733 2121 Salustius.
785 2087 856 2121 Sed
879 2087 917 2120 in
933 2085 988 2120 his
1006 2099 1085 2120 cum

101 2135 247 2180 antiqua
270 2144 303 2170 et
325 2138 480 2171 obsoleta
506 2139 676 2182 quaedam
704 2138 809 2171 verba
830 2144 945 2171 extent
964 2139 1085 2171 obser-

101 2187 256 2220 vandum
279 2194 349 2226 est,
376 2189 461 2232 quid
484 2188 653 2233 receperit
676 2187 818 2230 Cicero,
851 2200 955 2234 quem
989 2189 1085 2222 velut

101 2233 347 2271 Aristarchum
373 2239 582 2282 scriptorum
605 2239 789 2280 omnium,
825 2239 929 2272 nobis
953 2239 1084 2272 consti-

101 2295 254 2322 tuamus.
314 2287 451 2321 Plinius
471 2301 588 2322 rerum
613 2290 783 2323 vocabula
811 2290 915 2324 nobis
941 2302 1083 2323 conser-

100 2338 214 2376 vavit,
241 2337 303 2371 etsi
323 2349 432 2381 genus
450 2340 621 2373 sermonis
637 2352 710 2374 non
731 2341 911 2384 probatur.
967 2340 1083 2383 Quin-

100 2389 244 2423 tilianus
266 2388 406 2422 videtur
429 2389 585 2423 studium
607 2391 742 2435 proprii
774 2392 946 2424 sermonis
973 2392 1084 2424 maxi-

100 2451 197 2473 mum
223 2436 405 2479 habuisse,
434 2451 496 2472 nec
513 2440 710 2475 dissimulat
727 2453 763 2474 se
781 2449 944 2475 conatum
966 2439 1082 2474 homi-

100 2502 161 2523 nes
184 2496 340 2523 amantes
362 2489 430 2523 iam
454 2492 610 2534 corrupti
633 2493 823 2531 sermonis,
857 2495 900 2525 ad
929 2499 1081 2526 veterem

100 2540 348 2585 proprietatem
373 2552 548 2575 revocare.
607 2540 665 2575 Ab
691 2539 747 2574 his
769 2542 876 2585 igitur
899 2543 1084 2576 autoribus

100 2591 219 2634 lingua
245 2591 347 2624 nobis
373 2591 539 2625 discenda
572 2598 641 2630 est,
675 2603 753 2625 cum
787 2590 842 2626 his
874 2594 1082 2639 colloquen-

100 2642 196 2677 dum.
229 2640 352 2687 Neque
372 2649 509 2676 tantum
533 2642 670 2686 singula
698 2642 803 2675 verba
831 2655 851 2676 a
875 2644 993 2677 seculo
1017 2645 1080 2677 illo

868 84 1145 121 ELEMENTA
1173 85 1506 123 RHETORICES.

2062 91 2138 125 494

1155 177 1376 211 mutuemur,
1412 174 1469 205 sed
1495 169 1660 216 phrasin,
1689 170 1754 206 hoc
1780 179 1848 214 est,
1877 173 1994 207 iuncta
2024 176 2140 216 verba,

1155 221 1271 266 qualia
1288 228 1385 255 sunt:
1414 225 1497 256 dare
1513 224 1696 263 damnum,
1720 224 1832 256 facere
1847 225 2029 266 damnum,
2054 227 2137 258 dare

1154 272 1278 311 verba,
1306 272 1389 304 dare
1405 273 1442 305 in
1467 285 1584 306 casum
1609 274 1882 317 rempublicam,
1909 276 2008 319 capio
2035 277 2138 308 dolo-

1152 334 1238 357 rem.
1279 320 1360 354 Non
1379 323 1471 354 enim
1489 324 1654 356 dicimus:
1683 325 1773 368 cepit
1795 337 1850 358 me
1868 326 1990 366 dolor,
2019 334 2050 360 et
2069 323 2135 358 hoc

1152 383 1260 415 genus
1278 372 1425 406 infinita.
1479 371 1600 417 Neque
1615 374 1707 406 enim
1725 376 1900 419 quaelibet
1924 388 2024 410 voces
2051 389 2137 410 con—

1151 423 1250 465 iungi
1269 422 1393 455 solent.
1447 421 1673 456 Consuetudo
1690 424 1796 466 igitur
1813 425 1972 461 Romana
1995 427 2032 459 in
2055 439 2136 459 ver-

1151 473 1205 506 bis
1221 473 1409 516 iungendis
1425 473 1594 506 imitanda
1611 480 1671 508 est.
1724 473 1813 506 Nam
1838 483 1869 509 et
1891 488 2012 519 graeca
2027 486 2059 512 et
2082 478 2135 509 la-

1151 524 1224 557 tina
1247 523 1388 566 lingua,
1417 523 1519 557 initio
1546 524 1591 556 ita
1624 531 1806 567 corruptae
1836 527 2019 565 videntur,
2055 540 2135 561 cum

1151 581 1286 608 exterae
1304 575 1466 608 nationes
1482 586 1550 607 una
1569 587 1647 607 cum
1668 574 1824 617 imperiis
1842 587 1897 608 eas
1916 577 2052 619 linguas
2077 590 2135 611 ac·-

1151 625 1324 669 ciperent‚
1351 632 1385 658 et
1402 625 1518 658 verbis
1538 625 1681 669 quidem
1706 626 1808 658 bonis
1832 633 2027 660 uterentur.
2064 627 2136 661 Ne-

1150 687 1218 720 que
1234 676 1328 709 enim
1348 675 1417 708 alia
1430 676 1634 715 audierant,
1660 676 1719 708 sed
1748 675 1785 707 in
1809 676 1988 718 iungendo
2013 689 2136 720 pecca-

1149 733 1239 760 rent.
1292 725 1485 760 Inusitatus
1503 725 1597 758 enim
1615 727 1804 758 verborum
1824 738 2031 767 concursus,
2060 739 2135 759 non

1149 777 1264 810 solum
1289 777 1529 820 confragosam
1557 783 1590 810 et
1618 776 1802 809 obscuram
1830 777 2047 817 orationem,
2073 781 2134 810 sed

1149 839 1293 871 prorsus
1310 839 1438 860 novam
1453 827 1609 870 linguam
1628 826 1729 870 parit.
1763 825 1883 871 ltaque
1899 829 1993 871 quod
2005 827 2134 860 Caesar

1149 878 1237 911 dixit
1251 878 1459 911 inusitatum
1475 878 1623 910 verbum
1639 889 1711 910 non
1729 877 1829 910 aliter
1839 885 1941 922 atque
1952 879 2137 922 scopulum

1148 929 1356 972 fugiendum
1371 940 1456 961 esse.
1491 927 1589 961 Idem
1613 929 1656 960 de
1675 928 1789 960 verbis
1807 936 1926 961 contra
1946 937 2136 962 consuetu—

1149 980 1267 1012 dinem
1288 979 1438 1020 iuncfis,
1471 978 1623 1022 praecipi
1651 978 1857 1011 iudicemus.
1917 978 2011 1011 Idem
2036 986 2067 1012 et
2091 981 2136 1011 de

1149 1027 1366 1074 metaphoris
1389 1029 1614 1063 sentiendum
1649 1035 1718 1066 est,
1755 1041 1901 1073 quarum
1934 1030 2074 1062 novitas
2102 1037 2135 1061 et

1149 1080 1337 1113 ambiciosa
1354 1087 1420 1121 est,
1450 1087 1483 1113 et
1499 1080 1697 1112 orationem
1718 1080 1834 1112 reddit
1851 1080 2049 1114 obscuram.
2086 1078 2135 1112 Et

1148 1142 1253 1174 supra
1278 1131 1449 1169 diximus,
1477 1130 1716 1163 verecundum
1740 1141 1841 1162 usum
1868 1127 1973 1163 huius
1998 1131 2136 1172 generis

1149 1193 1220 1215 esse
1238 1181 1378 1215 debere.
1430 1180 1520 1214 Nam
1538 1180 1651 1213 oratio
1669 1191 1793 1222 magna
1813 1191 1851 1212 ex
1871 1188 1966 1224 parte
1990 1182 2134 1225 proprio

1148 1243 1310 1265 sermone
1326 1237 1486 1264 constare
1508 1231 1622 1265 debet.
1674 1229 1756 1263 Non
1784 1230 1891 1272 igitur
1915 1232 2136 1264 discedamus

1148 1295 1166 1315 a
1191 1280 1374 1315 Ciceronis
1398 1288 1526 1321 aetate,
1554 1293 1572 1314 a
1597 1292 1684 1325 qua,
1718 1281 1745 1312 si
1771 1282 1894 1318 verba,
1930 1279 2076 1325 phrasin
2101 1290 2135 1314 et

1147 1333 1275 1372 figuras
1299 1344 1497 1369 sumemus,
1533 1333 1646 1361 oratio
1683 1331 1748 1361 erit
1776 1331 1901 1372 plana,
1937 1333 2134 1375 aequabilis

1147 1387 1180 1413 et
1196 1380 1397 1424 perspicua,
1424 1377 1514 1412 nihil
1532 1376 1676 1411 habebit
1692 1379 1916 1422 ambiguum,
1946 1389 2005 1413 aut
2021 1383 2134 1413 ambi-

1147 1431 1239 1463 ciose
1256 1430 1477 1470 affectatum,
1503 1430 1600 1475 quod
1616 1429 1741 1462 vitium
1765 1441 1838 1462 non
1856 1431 1970 1463 solum
1990 1432 2025 1463 in
2053 1444 2133 1464 ora-

1146 1481 1242 1515 tione
1255 1481 1416 1521 offendit,
1443 1482 1501 1513 sed
1519 1480 1622 1513 etiam
1641 1480 1760 1523 prodit
1779 1481 1911 1523 ingenii
1931 1482 2134 1515 vanitatem.

1147 1531 1270 1576 Itaque
1294 1533 1337 1564 de
1363 1529 1428 1564 hac
1453 1531 1606 1574 generali
1632 1530 1830 1564 imitatione
1856 1529 2013 1576 phrasis,
2043 1541 2134 1566 recta

1146 1582 1304 1616 iudicant
1330 1582 1497 1615 nonnulli
1527 1582 1640 1614 bonos
1672 1593 1793 1614 omnes
1825 1582 2017 1616 imitandos
2049 1595 2133 1618 esse.

1145 1632 1233 1666 Nam
1258 1644 1456 1666 sermonem
1480 1633 1608 1665 melius
1638 1632 1826 1672 discimus,
1857 1645 1936 1666 cum
1969 1634 2132 1676 pluribus

1145 1684 1403 1728 colloquentes,
1429 1683 1457 1716 si
1476 1690 1592 1716 tamen
1612 1683 1794 1715 emendate
1811 1683 2015 1728 loquantur.
2052 1684 2132 1717 Non

1144 1734 1239 1767 enim
1258 1746 1408 1767 numero
1427 1734 1518 1767 inter
1535 1734 1666 1772 bonos,
1688 1739 1747 1765 aut
1775 1733 1854 1766 illos
1878 1735 2017 1777 ineptos
2040 1735 2133 1767 anti-

1144 1785 1290 1829 quitatis
1317 1792 1508 1824 amatores,
1543 1783 1604 1828 qui
1641 1781 1812 1815 horribile
1845 1785 2024 1828 quoddam
2057 1796 2133 1817 ser-

1144 1835 1259 1868 monis
1276 1847 1386 1878 genus
1404 1833 1555 1873 habeut,
1580 1834 1673 1877 quod
1696 1832 1876 1866 Ciceronis
1891 1842 2003 1868 aetate
2028 1847 2128 1879 pror-

1142 1896 1201 1918 sus
1217 1886 1433 1925 exoleverat,
1460 1891 1517 1918 aut
1537 1882 1613 1923 hos,
1641 1883 1701 1928 qui
1719 1891 1796 1927 post
1807 1883 2024 1926 Quintiliani
2042 1894 2130 1919 tem-

1142 1947 1228 1980 pora
1248 1936 1457 1975 extiterunt,
1484 1934 1544 1978 qui
1561 1933 1693 1966 iudicio
1711 1934 1815 1977 lapsi,
1842 1947 2014 1968 summam
2032 1936 2131 1979 inge-

1142 1985 1193 2018 nii
1208 1985 1348 2018 laudem
1365 1985 1591 2018 crediderunt
1617 1995 1709 2024 esse,
1739 1982 1833 2018 nihil
1860 1986 2069 2030 simpliciter
2091 1999 2131 2019 ac

1141 2036 1284 2080 proprie
1311 2036 1454 2076 efferre,
1487 2041 1521 2068 et
1545 2034 1673 2077 figuras
1697 2035 1838 2078 gignere
1855 2049 1961 2081 quam
1979 2037 2131 2070 maxime

1140 2086 1376 2130 prodigiosas,
1406 2098 1477 2131 quo
1501 2096 1629 2128 genere
1653 2086 1814 2119 delectati
1839 2094 1920 2120 sunt
1945 2088 2128 2131 Apuleius,

1140 2137 1329 2177 Sidonius,
1356 2144 1390 2171 et
1407 2137 1467 2170 alii
1488 2135 1606 2169 multi.
1660 2135 1923 2170 Iurisconsultis
1945 2149 2026 2170 vero
2052 2149 2127 2170 me-

1139 2188 1208 2222 rito
1226 2188 1396 2221 tribuitur
1411 2188 1488 2221 laus
1512 2186 1649 2230 proprii
1673 2188 1863 2227 sermonis,
1889 2199 1998 2231 quare
2020 2188 2126 2220 etiam

1138 2238 1166 2271 si
1184 2245 1329 2283 propter
1344 2251 1462 2272 rerum
1479 2237 1717 2280 cognitionem
1736 2249 1809 2270 non
1826 2239 2044 2280 legerentur,
2072 2245 2126 2271 ta-

1139 2301 1218 2322 men
1238 2296 1382 2334 propter
1401 2289 1529 2323 latinae
1547 2288 1688 2331 linguae
1704 2288 1955 2332 proprietatem
1982 2288 2124 2332 legendi

1137 2347 1249 2373 erant.

1239 2390 1307 2425 Sed
1328 2397 1466 2436 praeter
1480 2388 1569 2423 banc
1588 2388 1783 2431 generalem
1803 2387 2039 2421 imitationem
2066 2389 2124 2422 in-

1137 2441 1333 2480 ventionis,
1374 2439 1634 2485 dispositionis,
1676 2439 1887 2479 verborum,
1927 2437 2063 2482 phrasis
2089 2447 2123 2473 et

1137 2492 1347 2535 figurarum,
1376 2491 1534 2535 specialis
1552 2489 1723 2534 quaedam
1744 2495 1794 2522 est
1810 2489 1960 2522 imitatio
1979 2489 2123 2524 Cicero-

1136 2543 1264 2576 nianae
1280 2541 1568 2586 compositionis,
1594 2540 1638 2572 de
1659 2551 1727 2584 qua
1753 2540 1845 2573 inter
1868 2541 1988 2573 doctos
2015 2553 2123 2586 quae—

1134 2594 1214 2626 dam
1240 2592 1477 2625 controversia
1500 2597 1568 2630 est,
1599 2596 1718 2623 utrum
1745 2603 1872 2634 operae
1896 2591 2051 2634 precium
2076 2592 2121 2624 sit

1133 2643 1171 2676 in
1196 2656 1234 2677 ea
1261 2643 1432 2676 imitanda
1456 2641 1651 2674 elaborare.
1712 2639 1772 2675 Est
1805 2642 1899 2674 enim
1932 2641 2125 2687 peculiaris
