2379 2948
199 108 271 145 667
441 99 651 140 SCRIPTA
676 99 752 134 PH.
778 97 896 135 MEL.
921 96 988 133 AD
1015 96 1142 134 HIST.
1172 82 1317 135 PPior.
1343 96 1410 133 ET
1436 94 1629 134 PHlLos.
1654 96 1975 136 SPECTANTIA.
2142 100 2218 137 668

571 184 809 219 Affirmative:
1237 184 1343 219 nibus
1367 184 1585 219 differentiae
1606 190 1640 218 et
1667 183 1825 228 proprii,
1850 191 1885 219 et
1904 185 1950 219 ab
1971 192 2123 231 utroque
2139 186 2218 220 loco

352 237 533 275 Abraham
551 236 683 279 accepit
701 235 774 278 agri
791 234 989 268 dominium
1006 246 1070 279 pro
1090 240 1185 267 certo
1238 237 1362 270 eodem
1389 236 1496 269 modo
1522 236 1702 268 ducuntur
1727 241 1932 278 argumenta
1955 236 2161 272 affirmative
2187 243 2221 271 et

406 290 523 334 precio
551 288 594 320 ab
618 285 818 330 hospitibus
836 286 1057 326 volentibus,
1087 285 1187 317 vide-
1238 287 1415 330 negative,
1441 293 1496 320 ut:

406 341 503 379 licet,
531 350 594 382 pro
612 337 788 371 coronatis
809 336 892 372 160.
1391 336 1460 370 Hic
1477 336 1566 381 lapis
1582 333 1693 370 trahit
1707 337 1854 378 ferrum,

352 391 464 434 Igitur
481 401 561 423 vere
579 389 674 423 emit.
1389 386 1455 421 Est
1470 388 1578 431 igitur
1594 386 1752 431 Magnes.

301 442 404 476 Valet
428 440 696 485 consequentia,
723 438 804 483 quia
827 439 883 472 cui
899 438 1071 472 tribuitur
1085 437 1187 470 diffe-
1338 435 1392 471 Ex
1414 436 1481 472 hoc
1505 439 1603 472 fonte
1626 439 1737 472 multa
1762 444 1967 481 argumenta
1990 437 2161 471 sumimus
2183 438 2224 471 in

199 494 313 529 tentia
331 493 507 538 specifica,
536 491 648 524 eidem
668 490 839 523 tribuitur
856 490 997 534 species.
1212 455 1215 519 Ι
1238 489 1452 532 gravissimis
1475 489 1605 530 causis,
1630 495 1687 522 ut:
1715 487 1828 522 Filius
1843 487 1909 522 Dei
1935 495 2029 522 creat
2050 489 2225 521 mundum

599 548 783 591 Negativffi
1212 536 1215 586 J
1242 551 1319 573 cum
1341 538 1463 578 Patre,
1491 547 1525 574 et
1549 540 1598 574 ait
1622 551 1695 572 sese
1722 540 2009 573 resuscitaturum
2033 550 2104 572 esse
2128 550 2226 571 mor-

352 602 465 637 Amor
492 606 678 646 parentum
708 610 786 642 erga
810 604 910 631 natos
934 605 983 633 est
1008 594 1143 645 στοργὴ
1169 608 1189 630 a
1213 588 1215 644 l
1240 597 1337 628 tUOS,
1378 588 1502 625 Iohan.
1525 589 1561 625 5.
1595 589 1695 624 Sicut
1726 597 1825 634 pater
1855 591 2023 624 exuscitat
2053 595 2227 632 mortuos,

406 653 481 687 Deo
499 651 641 685 condita
661 656 693 682 et
709 650 884 689 mandata,
1213 645 1215 683 ⁴1
1246 640 1294 673 sic
1317 647 1349 673 et
1370 639 1495 675 Filius.
1555 639 1662 680 Item,
1698 639 1896 685 Prophetae
1925 648 1957 674 et
1982 639 2145 685 Apostoli
2169 640 2228 672 in-

355 703 451 748 Ergo
469 715 540 736 non
559 708 608 734 est
625 701 776 733 vicimus
793 700 949 734 affectus,
1213 687 1216 727 ί
1244 697 1373 724 vocant
1403 702 1501 732 eum,
1534 702 1615 733 ergo
1637 689 1751 724 Filius
1774 692 1843 725 Dei
1875 698 1925 725 est
1949 690 2174 735 omnipotens
2194 696 2229 724 et

303 756 407 790 Valet
428 751 698 796 consequentia,
725 750 806 794 quia
825 750 881 782 cui
899 749 1070 783 adimitur
1086 749 1188 782 diffe-
1243 748 1368 774 natura
1390 740 1499 775 Deus·
1560 740 1651 775 Nam
1683 739 1768 774 haec
1801 749 1884 776 sunt
1914 742 2057 787 propria
2081 748 2229 774 naturae

201 809 314 844 remia
330 804 500 851 specifica,
530 803 583 835 illi
600 801 769 834 adimitur
785 800 928 844 species.
980 799 1070 833 Nam
1087 799 1188 833 diffe-
1242 792 1515 836 omnipotentis,
1550 803 1667 825 creare
1700 804 1741 825 ex
1775 789 1910 833 nihilo,
1943 794 2090 826 reddere
2119 791 2230 824 vitam

201 861 314 895 rentia
340 856 496 902 specifica
523 854 725 886 discernens
752 851 902 884 viciosos
926 851 1070 885 affectus
1088 863 1106 884 a
1124 852 1189 884 bo-
1215 859 1217 894 ,¹
1242 843 1409 883 morulis,
1448 843 1569 877 Videre
1592 849 1709 876 motus
1733 843 1892 876 cordium
1917 843 1956 876 in
1981 843 2147 876 omnihus
2169 841 2229 874 in-

203 913 256 945 nis
305 916 354 943 est
372 919 443 941 esse
462 902 661 950 prohibitos
677 902 751 945 lege
768 901 846 934 Dei.
1215 904 1219 941 ι
1241 894 1459 927 vocantibus.
1513 893 1617 926 Valet
1642 900 1758 927 autern
1785 894 2050 939 consequentia:
2078 892 2147 927 Cui
2163 892 2228 926 tri-

269 938 277 952 ’
1215 949 1222 1320 ἱ
1245 945 1367 978 buitur
1390 944 1595 988 proprium,
1621 944 1716 989 quod
1743 945 1807 977 uni
1832 945 1899 978 soli
1916 944 2085 978 essentiae
2101 954 2230 977 conve-

582 1012 811 1065 Proprium·
1244 995 1317 1039 nit,
1345 992 1428 1028 huic
1447 995 1553 1029 etiam
1573 994 1758 1028 essentiam
1775 995 1887 1029 tribui
1904 1006 2042 1028 necesse
2059 1001 2121 1030 est.

303 1098 382 1134 Etsi
406 1097 559 1132 traditur
583 1096 712 1130 subtile
736 1094 926 1127 discrimen
950 1093 988 1126 in
1011 1091 1191 1127 Differen-

202 1154 288 1188 tiam
307 1149 556 1193 etProprium‚
582 1153 699 1180 tamen
719 1157 820 1190 saepe
839 1145 1039 1189 promiscue
1059 1142 1114 1177 his
1130 1156 1191 1188 ap-

203 1201 458 1250 pellationibus
481 1198 637 1238 utimur,
662 1209 727 1230 nec
750 1196 957 1230 Aristoteles
980 1207 1036 1228 eas
1060 1195 1191 1228 discer-

202 1256 258 1289 nit
281 1254 319 1286 in
335 1250 499 1296 Topicis,
527 1261 592 1281 nec
616 1260 678 1291 ego
701 1248 743 1280 de
767 1247 971 1280 discrimine
997 1246 1099 1279 anxie
1120 1246 1193 1278 dis·
1242 1247 1418 1291 mologia‚
1453 1255 1485 1282 et
1517 1245 1734 1291 periphrasis
1762 1260 1836 1281 non
1861 1248 2029 1281 aberrans
2055 1259 2075 1280 a
2099 1259 2156 1287 re,
2188 1249 2233 1280 de

202 1305 347 1352 putabo.
399 1300 606 1334 Differentia
628 1299 800 1342 significat
827 1304 979 1342 partem,
1007 1309 1095 1342 quae
1116 1308 1191 1329 rem
1247 1310 1314 1344 qua
1338 1299 1481 1343 proprie
1503 1299 1642 1334 dicitur.
1695 1298 1787 1333 Sunt
1810 1298 1921 1342 igitur
1943 1295 2051 1332 huius
2075 1298 2145 1331 loci
2165 1295 2232 1331 hae

204 1353 408 1394 constituit,
435 1359 490 1386 ut:
518 1351 690 1384 rationale
713 1349 886 1392 significat
905 1349 1060 1382 animam
1083 1347 1194 1381 ratio·
1245 1349 1401 1393 regulae:

204 1407 336 1446 nalem,
363 1415 452 1449 quae
469 1413 549 1446 pars
565 1409 615 1435 est
629 1400 845 1433 constituens
860 1397 1051 1432 hominem.
1105 1397 1193 1430 Pro·
1349 1398 1468 1432 Prima
1493 1399 1632 1443 regula,
1663 1397 1755 1435 Cum
1782 1399 1820 1432 in
1845 1399 2004 1445 qualibet
2025 1398 2131 1441 longa
2152 1409 2233 1431 ora-

204 1458 324 1503 prium
353 1467 436 1496 vero
466 1452 638 1496 significat
666 1456 914 1484 ornamentum
941 1461 1002 1482 seu
1027 1448 1194 1489 officium,
1251 1450 1348 1484 tione
1378 1450 1530 1483 maxima
1554 1462 1636 1494 pars
1660 1450 1807 1494 proprio
1830 1461 1991 1483 sermone
2014 1455 2168 1490 constet,
2199 1454 2234 1482 et

207 1508 304 1554 quod
320 1506 478 1551 sequitur
496 1502 802 1541 constitutionem,
829 1507 863 1534 et
880 1500 1022 1544 proprie
1036 1500 1100 1533 uni
1116 1506 1194 1532 tan·
1250 1501 1297 1535 ita
1328 1501 1521 1546 loquantur
1548 1499 1711 1533 homines
1735 1501 1829 1541 sani,
1864 1501 1925 1545 qui
1950 1506 2041 1533 recte
2066 1498 2235 1543 loquendi

207 1567 283 1593 tum
307 1556 436 1601 speciei
461 1561 494 1587 et
518 1553 684 1586 omnibus
709 1553 782 1585 eius
802 1551 998 1584 individuis
1017 1550 1195 1587 convenit,
1247 1552 1421 1585 rationem
1443 1558 1477 1584 et
1500 1551 1705 1593 intelligunt
1731 1558 1764 1584 et
1786 1557 1922 1589 amant,
1950 1550 2160 1594 principalia
2177 1561 2236 1582 ar-

207 1617 247 1644 ut
278 1606 418 1641 homini
448 1604 616 1648 competit
645 1603 809 1635 incedere
842 1608 1007 1634 erectum.
1067 1599 1131 1633 Est
1163 1606 1195 1632 et
1248 1608 1414 1646 gumenta
1446 1613 1486 1634 ex
1517 1602 1659 1644 proprie
1682 1601 1787 1635 dictis
1809 1602 1980 1635 sumenda
2001 1607 2102 1641 suut,
2134 1600 2235 1634 utin

207 1659 275 1694 hoc
300 1657 497 1701 exemplum
521 1655 677 1687 illustre:
707 1652 936 1695 Magistratus
958 1651 1125 1695 politicus
1148 1657 1197 1683 est
1251 1652 1490 1695 dogmatibus,
1524 1652 1681 1695 legibus,
1713 1652 1898 1686 sententiis
1929 1652 2089 1685 iudicum
2121 1650 2237 1695 inpri-

208 1721 359 1756 persona
390 1708 496 1741 electa
528 1706 648 1738 divina
674 1704 921 1743 ordinatione,
955 1709 995 1735 ut
1022 1701 1133 1744 legem
1160 1701 1197 1733 in
1225 1734 1226 1748 χ
1251 1704 1317 1736 mis
1350 1703 1544 1735 necessaria
1568 1709 1619 1735 est
1642 1703 1840 1748 proprietas
1863 1703 2053 1740 sermonis,
2089 1709 2121 1736 et
2144 1713 2237 1746 pon-

209 1769 351 1796 externa
378 1757 563 1801 disciplina
588 1763 621 1789 et
639 1767 758 1799 pacem
777 1761 936 1791 tuentur,
963 1759 997 1785 et
1014 1750 1198 1786 coherceat
1251 1755 1333 1787 dera
1364 1753 1553 1786 verborum
1582 1754 1703 1787 dextre
1734 1754 1925 1794 illustrata,
1964 1753 2117 1787 multum
2147 1751 2236 1785 lucis

211 1826 249 1847 ac
286 1811 411 1856 puniat
446 1815 671 1842 contumaces
702 1806 737 1838 vi
771 1804 945 1848 corporali
978 1815 1038 1836 seu
1069 1803 1196 1846 gladio.
1253 1805 1407 1838 afferunt
1445 1804 1686 1848 explicationi,
1734 1811 1775 1838 ut
1806 1802 1929 1839 Iohan.
1957 1805 1989 1838 1.
2027 1803 2140 1837 Filius
2169 1801 2237 1836 Dei

209 1862 421 1897 Differentia
445 1866 513 1898 est,
548 1870 620 1891 esse
646 1857 791 1889 electam
817 1855 937 1888 divina
963 1854 1200 1893 ordinatione,
1254 1862 1399 1889 vocatur
1419 1855 1529 1890 Deus.
1582 1853 1630 1888 Et
1653 1867 1697 1887 ne
1720 1855 1763 1889 sit
1786 1855 1994 1898 ambiguitas
2016 1855 2054 1887 in
2078 1853 2236 1891 nomine,

213 1922 246 1948 et
262 1913 354 1947 tueri
370 1912 481 1954 legem
500 1916 534 1942 et
551 1908 775 1952 disciplinam
793 1913 827 1939 et
844 1917 973 1949 pacem.
1028 1905 1097 1939 Sed
1116 1917 1200 1948 pro-
1226 1935 1229 1954 ι
1253 1906 1373 1946 addit,
1412 1906 1530 1938 omnia
1561 1917 1622 1950 per
1651 1905 1786 1939 Filium
1817 1906 1959 1938 condita
1987 1916 2069 1939 esse.
2139 1902 2235 1946 Ergo

212 1966 351 2010 prium,
378 1960 561 1995 cohercere
587 1966 621 1991 et
647 1959 773 2002 punire
791 1957 824 1988 vi
844 1956 1034 2000 corporali.
1085 1955 1201 1989 Mini-
1228 1995 1229 1999 Ἰ
1254 1954 1430 1990 lohannes
1453 1957 1603 1990 affirmat
1619 1955 1751 1989 Filium
1771 1968 1852 1989 vere
1867 1955 1982 1989 Deum
2003 1966 2093 1995 esse,
2119 1954 2237 1988 omui-

213 2024 284 2050 ster
305 2012 492 2055 Evangelii
517 2017 567 2043 est
591 2020 739 2053 persona
766 2007 872 2040 electa
897 2006 1122 2040 ordinatione
1146 2006 1200 2038 di·
1253 2014 1432 2052 potentem
1457 2013 1492 2040 et
1515 2007 1735 2040 conditorem
1759 2018 1838 2040 cum
1855 2005 1971 2041 Patre.
2025 2004 2128 2038 Valet
2150 2017 2237 2038 con-

214 2068 309 2106 vina,
338 2071 377 2099 ut
396 2065 518 2096 doceat
528 2059 773 2102 lix-angelium,
802 2065 834 2091 et
852 2058 1073 2091 administret
1088 2068 1202 2090 sacra—
1228 2077 1230 2097 ;
1254 2058 1456 2103 sequentia,
1482 2057 1564 2102 quia
1588 2069 1661 2090 non
1683 2064 1734 2090 est
1757 2064 1918 2090 nostrum
1940 2057 2070 2100 fingere
2093 2056 2136 2089 de
2159 2054 2236 2089 Deo

213 2123 333 2151 menta
358 2127 376 2148 a
395 2112 537 2148 Christo
562 2111 739 2149 instituta,
767 2115 800 2141 et
823 2108 946 2150 puniat
970 2115 1203 2147 contumaceS,
1228 2100 1231 2125 ἶ
1258 2108 1443 2153 opiniones
1469 2120 1507 2141 ex
1529 2108 1661 2141 nostris
1684 2108 2018 2151 imaginationibus,
2045 2107 2105 2140 sed
2130 2108 2174 2140 de
2196 2118 2237 2139 eo

215 2180 289 2202 non
312 2167 347 2199 vi
372 2163 565 2208 corporali,
593 2162 652 2194 sed
678 2160 786 2192 verbo
811 2157 878 2191 Dei
905 2166 937 2192 et
961 2159 1201 2192 excommuni-
1257 2159 1480 2193 sentiendum
1506 2166 1571 2199 est,
1599 2159 1688 2192 sicut
1705 2170 1739 2192 se
1757 2159 1936 2202 patefecit,
1963 2165 1996 2191 et
2013 2170 2126 2191 sermo
2145 2157 2239 2190 divi-

217 2219 372 2258 catione,
399 2223 431 2250 et
452 2214 598 2258 recipiat
618 2223 695 2252 eos,
723 2210 785 2255 qui
806 2221 841 2241 se
858 2210 1066 2248 emendant,
1094 2222 1132 2242 ac
1147 2221 1202 2242 re-
1230 2213 1232 2264 Ξ
1257 2222 1324 2244 nus
1355 2210 1552 2243 audiendus
1575 2217 1643 2252 est,
1679 2216 1712 2242 et
1734 2221 1774 2242 ex
1797 2222 1835 2242 eo
1860 2209 2031 2243 sumenda
2054 2207 2239 2248 sententia,

217 2270 420 2303 missionem
446 2272 671 2310 peccatorum
695 2262 743 2294 eis
768 2260 971 2294 annunciet.
1024 2260 1205 2293 Differen-
1231 2269 1232 2274 ¹
1259 2273 1363 2305 quam
1396 2261 1578 2304 perspicua
1611 2268 1643 2293 et
1670 2260 1874 2304 incorrupta
1895 2260 2092 2304 proprietas
2116 2258 2238 2303 gignit.

217 2322 266 2355 tia
294 2327 362 2357 est,
399 2318 543 2351 electam
565 2327 637 2348 esse
663 2314 706 2346 ad
731 2311 930 2345 docendum
955 2308 1204 2353 Evangelium,
1231 2321 1232 2324 ’
1262 2311 1393 2345 Paulus
1418 2312 1518 2344 toties
1543 2311 1643 2344 dicit:
1672 2309 1759 2343 Fide
1783 2311 2013 2345 iustificamur
2034 2310 2139 2353 gratis
2156 2319 2238 2352 pro-

218 2373 262 2405 ad
296 2375 597 2403 sacramentorum
632 2362 987 2398 administrationem.
1066 2360 1204 2394 Deinde
1232 2391 1233 2402 ,
1257 2370 1333 2407 pter
1348 2361 1481 2394 Filium
1497 2360 1576 2396 Dei.
1633 2360 1731 2405 Ergo
1757 2374 1838 2395 vere
1863 2362 1910 2395 ita
1936 2361 2158 2395 statuendum
2177 2365 2239 2398 est,

219 2421 403 2466 proprium
420 2426 486 2459 est,
515 2417 641 2462 punire
660 2427 733 2447 non
752 2414 787 2447 vi
804 2411 995 2457 corporali,
1022 2413 1081 2445 sed
1098 2413 1205 2446 verbo
1231 2410 1233 2452 j
1260 2413 1449 2446 certissime
1485 2412 1595 2456 recipi
1629 2420 1769 2456 agentes
1807 2412 2058 2457 poenitentiam
2095 2416 2239 2453 propter

221 2472 288 2506 Dei
306 2480 337 2504 et
355 2467 729 2503 excommunicatione.
1232 2478 1234 2486 ⁴
1262 2464 1392 2498 Filium
1416 2463 1540 2505 gratis,
1569 2463 1703 2496 etiamsi
1727 2464 1828 2496 valde
1851 2463 2014 2506 angimur
2035 2468 2069 2494 et
2085 2460 2239 2504 trepida·

322 2520 417 2553 Haec
435 2520 591 2562 exempla
609 2522 809 2550 monstrant
827 2522 1009 2559 utcunque
1023 2514 1107 2558 quid
1118 2512 1206 2546 Dia·
1232 2498 1235 2530 i
1261 2525 1337 2547 inus
1355 2521 1496 2558 propter
1514 2515 1698 2559 praeterita
1716 2515 1851 2547 delicta.
1905 2512 1957 2545 Ita
1975 2524 2014 2544 ex
2029 2511 2240 2555 proprietate

224 2571 338 2607 lectici
372 2571 628 2610 differentiam,
675 2567 760 2613 quid
793 2566 979 2610 proprium
1010 2564 1206 2598 nominent.
1234 2573 1236 2618 ὲ
1260 2565 1431 2598 sermonis
1448 2565 1545 2598 firma
1562 2572 1767 2607 argumenta
1784 2564 1950 2597 sumenda
1968 2570 2060 2596 sunt.

223 2624 295 2658 Nec
323 2629 439 2655 tamen
465 2631 551 2663 opus
569 2626 620 2653 est
645 2618 751 2651 nimis
776 2617 858 2650 exili
876 2616 1119 2650 distinctione:
1149 2616 1206 2648 sed
1363 2614 1523 2649 Secunda
1547 2617 1685 2657 regula,
1712 2615 1865 2657 Quando
1886 2613 1990 2646 verba
2015 2613 2164 2656 gignunt
2178 2612 2241 2645 ab·

226 2685 326 2719 saepe
359 2671 463 2706 etiam
489 2670 583 2704 docti
607 2669 804 2714 promiscue
828 2674 978 2702 utuntur
1003 2666 1207 2712 appellatio·
1234 2667 1237 2710 ζ
1263 2666 1491 2708 surditatem,
1523 2666 1701 2700 intellecta
1725 2665 1801 2699 sine
1821 2664 1949 2708 figura,
1983 2664 2241 2697 decurrendum

1595 1114 1881 1169 Etymologia.

1348 1195 1467 1230 Vicini
1482 1196 1552 1230 loci
1568 1202 1649 1230 sunt
1663 1197 1882 1238 definitioni,
1908 1208 2039 1230 nomen
2053 1195 2119 1237 rei,
2143 1194 2233 1242 Ety-
