2379 2948
233 105 301 138 851

233 185 431 219 Canonicos
453 191 485 217 et
501 179 698 216 Monachos
721 179 844 212 eiicere
871 190 911 212 ex
937 178 1217 223 possessionibus
1241 177 1246 236 Ι

233 235 436 269 facultatum
462 232 788 269 ecclesiasticarum,
823 237 856 264 et
880 241 1002 263 curare
1033 236 1070 262 ut
1098 228 1217 261 idonei

235 286 388 319 ministri
409 296 486 318 cum
504 283 713 325 coniugibus
731 288 764 315 et
780 280 901 315 liberis
916 278 1062 314 honeste
1081 280 1217 312 aleren-

236 345 305 371 tur.
349 336 434 369 ltem
452 341 490 368 ut
506 344 674 378 pauperes
689 330 887 366 scholastici
912 344 951 364 ex
979 330 1218 364 ecclesiasticis

237 386 461 420 facultatibus
485 390 782 423 sustentarentur,
815 384 858 416 ad
883 383 1121 415 conservanda
1144 387 1218 413 stu-

236 439 293 470 dia
311 435 487 469 Ecclesiae
503 435 708 474 necessaria,
736 435 825 467 sicut
841 433 958 478 inquit
975 433 1119 466 Paulus:
1148 431 1219 464 Ne-

238 500 296 520 mo
325 487 454 520 militat
472 486 544 519 suis
568 486 772 530 stipendiis,
799 484 918 527 Quare
935 484 1046 517 victus
1070 494 1142 515 non
1162 493 1219 515 so-

237 539 310 571 lum
336 537 567 578 docentibus,
601 538 661 569 sed
685 536 789 570 etiam
814 535 1031 568 discentibus
1061 535 1218 567 debetur.

237 587 285 622 Et
306 588 574 622 iniustissimum
598 594 646 620 est
671 586 898 631 suppeditare
916 585 1013 618 luxui
1031 584 1219 617 canonico-

238 651 328 680 rum,
353 646 387 673 et
403 639 533 672 interea
551 638 726 681 negligere
746 649 819 670 non
833 637 946 670 solum
965 635 1136 674 Pastores,
1160 635 1219 667 sed

238 691 343 723 etiam
362 690 434 734 ipsa
451 690 585 729 studia,
613 701 701 733 quae
719 689 794 722 sine
812 687 961 732 publicis
977 686 1117 719 auxiliis
1134 697 1221 719 con-

239 741 370 774 servari
387 753 459 773 non
480 747 636 783 possunt.

341 791 413 824 Nec
447 789 577 824 habent
613 797 817 832 potestatem
851 787 1047 832 superiores
1074 785 1222 819 Domini

239 842 473 875 transferendi
496 842 539 873 ad
563 852 597 873 se
618 841 677 873 illa
704 841 796 873 bona
827 838 1055 872 ecclesiastica
1082 837 1223 870 defrau-

239 893 329 926 datis
347 891 527 929 Ecclesiis,
556 889 621 923 hoc
639 898 706 931 est,
733 896 904 935 quantum
923 900 1011 933 opus
1031 896 1081 922 est
1100 886 1223 921 Eccle-

238 944 315 981 siis,
345 943 524 986 impertire
541 943 681 975 debent.
736 941 774 975 ld
794 941 970 973 debebant
987 940 1100 972 facere
1119 939 1222 972 etiam

239 996 266 1026 si
283 995 326 1026 de
346 994 489 1037 proprio
507 1000 593 1026 esset
611 993 845 1035 largiendum,
872 998 1004 1036 quanto
1024 989 1133 1033 magis
1143 996 1224 1023 ante

239 1051 359 1088 partae
377 1056 429 1076 res
446 1042 614 1077 Ecclesiis
630 1043 890 1076 conservandae
909 1048 1000 1075 sunt.

340 1094 409 1128 Sed
428 1095 454 1127 si
473 1101 645 1138 superest,
673 1101 730 1127 aut
754 1099 835 1126 sunt
851 1093 944 1125 bona
962 1103 1049 1137 quae
1067 1089 1224 1124 Ecclesia

241 1157 313 1178 non
331 1152 442 1189 potest
460 1145 720 1185 administrare,
748 1144 828 1188 quia
849 1141 1034 1187 Episcopis
1050 1154 1124 1174 non
1141 1153 1226 1174 con-

237 1203 369 1238 gruunt
395 1196 537 1239 politica
563 1196 725 1239 imperia,
754 1193 838 1227 haec
867 1194 1028 1238 superior
1050 1192 1225 1226 Dominus

238 1254 329 1279 recte
351 1248 393 1279 ad
418 1258 452 1279 se
477 1247 658 1286 transfert,
698 1253 736 1279 ut
762 1245 958 1289 superiores
985 1243 1129 1276 Domini
1163 1244 1227 1276 de-

238 1298 369 1330 bebant
386 1297 549 1341 imperia,
579 1298 751 1336 ditiones,
780 1296 949 1329 exercitus
966 1294 1225 1338 Episcoporum

238 1349 281 1381 ad
309 1359 343 1380 se
368 1348 576 1388 transferre,
604 1349 663 1380 sed
689 1348 821 1380 interea
843 1358 983 1387 curare,
1011 1352 1048 1379 ut
1065 1356 1105 1377 ex
1122 1344 1228 1378 bonis

238 1399 497 1442 prospiceretur
512 1397 693 1431 Ecclesiis.

711 1481 751 1515 V.

343 1551 498 1593 Quinto,
527 1549 567 1583 ln
593 1550 789 1583 mutatione
812 1548 909 1591 regni
928 1547 1025 1580 Deus
1043 1559 1115 1580 non
1134 1547 1226 1580 obli-

239 1602 384 1635 viscitur
399 1600 574 1634 Ecclesiae
598 1613 694 1640 suae,
722 1600 810 1632 sicut
829 1599 988 1633 Christus
1014 1610 1077 1630 nos
1101 1609 1227 1630 conso-

238 1653 350 1690 latur,
379 1650 508 1686 Matth.
533 1651 610 1685 24:
645 1650 736 1684 Cum
762 1649 913 1683 audietis
937 1660 1095 1681 rumores
1113 1648 1226 1680 bello-

239 1715 336 1743 rum,
363 1715 406 1734 ne
425 1702 629 1737 turbemini.
667 1701 866 1734 Prudenter
881 1700 975 1732 enim
994 1699 1225 1731 discernenda

238 1760 320 1786 sunt
343 1765 448 1796 regna
473 1752 597 1786 mundi
623 1765 641 1785 a
665 1763 776 1795 regno
791 1758 952 1790 aeterno,
978 1751 1070 1794 quod
1089 1756 1139 1782 est
1155 1747 1225 1782 Ec-

239 1804 354 1838 clesia.
406 1803 452 1837 Et
477 1815 681 1848 quanquam
705 1802 795 1835 bella
820 1801 1027 1835 concutiunt
1053 1798 1226 1832 Ecclesias

239 1855 276 1887 in
301 1855 559 1888 mutationibus
581 1865 787 1897 regnorum,
814 1858 932 1885 tamen
955 1851 1003 1895 pii
1023 1851 1151 1885 debent
1170 1850 1227 1882 in-

240 1905 331 1938 tueri
350 1903 439 1938 hanc
456 1905 745 1944 consolationem,
765 1904 859 1948 quod
876 1901 1032 1936 Ecclesia
1051 1901 1093 1935 sit
1112 1908 1226 1934 aeter-

241 1967 327 1988 num
344 1967 509 1998 regnum,
538 1967 609 1987 uon
629 1955 758 1987 debent
775 1954 1018 1998 desperatione
1036 1952 1225 1985 desciscere

240 2007 284 2038 ad
302 2006 439 2049 impios,
466 2007 554 2039 sicut
570 2006 606 2038 fit
622 2017 717 2038 nunc
735 2005 772 2037 in
790 2003 950 2038 Graecia.
985 2002 1115 2037 Contra
1134 2000 1225 2035 hanc

240 2056 481 2090 infirmitatem
505 2055 681 2090 consolari
704 2055 779 2099 pios
797 2053 961 2088 Christus
978 2053 1105 2086 voluit:
1133 2052 1224 2087 Cum

241 2107 395 2141 audietis
410 2118 570 2141 rumores
586 2106 782 2146 bellorum,
807 2117 850 2137 ne
871 2105 1075 2138 turbemini.

342 2157 465 2202 Itaque
489 2155 546 2191 hic
568 2157 605 2189 in
631 2156 729 2199 regni
761 2156 954 2189 mutatione
979 2155 1075 2188 Deus
1104 2166 1226 2188 rursus

243 2205 358 2242 evehit
376 2207 583 2248 Danielem,
607 2214 639 2241 et
657 2207 817 2240 attribuit
842 2206 874 2239 ei
898 2206 1066 2239 maiorem
1092 2206 1226 2239 autori-

243 2266 369 2299 tatem,
397 2271 502 2304 quam
528 2265 627 2292 antea
651 2256 795 2298 habuit,
830 2264 869 2290 ut
893 2256 978 2289 novi
1001 2267 1099 2299 reges
1121 2256 1225 2288 etiam

244 2317 494 2344 convertantur
517 2311 560 2343 ad
582 2308 797 2352 agnitionem
815 2306 902 2346 Dei,
926 2313 965 2340 ut
988 2313 1148 2339 servetur
1159 2305 1229 2340 Ec-

246 2360 372 2400 clesia,
405 2368 438 2395 et
461 2367 578 2395 extent
603 2359 743 2403 publica
767 2358 958 2398 miracula,
986 2369 1074 2402 quae
1098 2363 1227 2391 testen-

246 2417 303 2443 tur
327 2408 425 2445 hunc
449 2412 623 2457 populum
646 2407 777 2443 habere
801 2409 950 2442 verbum
971 2406 1039 2442 Dei
1067 2414 1099 2441 et
1127 2419 1231 2441 veros

247 2461 372 2494 cultus.

347 2510 427 2544 Non
452 2518 590 2545 tantum
620 2509 704 2545 huic
732 2510 804 2554 regi
836 2508 1054 2543 denunciant
1082 2508 1229 2542 exitium

249 2561 354 2593 verba
383 2562 509 2604 scripta
538 2563 575 2594 in
606 2563 753 2606 pariete,
789 2562 848 2594 sed
879 2560 1075 2603 exemplum
1104 2559 1140 2591 in
1170 2572 1230 2603 ge-

248 2622 333 2643 nere
349 2611 519 2652 siguificat
532 2614 678 2646 modum
700 2612 942 2646 mutationum
957 2610 1123 2644 omnibus
1140 2617 1228 2644 tem-

249 2661 406 2704 poribus,

822 95 948 132 PHIL.
976 94 1092 130 MEL.
1118 94 1326 130 SCRIPTA
1353 92 1656 130 EXEGETICA.

2179 96 2253 133 852

1372 177 1489 210 Prima
1504 189 1570 210 vox
1590 176 1717 217 Mane,
1744 176 1779 210 id
1798 183 1868 218 est,
1895 180 2110 220 numeravit,
2143 183 2253 225 signi-

1270 228 1348 262 ficat
1363 226 1478 262 Deum
1495 228 1708 262 constituere
1725 234 1835 261 metas
1853 229 2032 273 tyrannis,
2059 231 2150 266 ultra
2167 244 2253 278 quas

1270 279 1435 323 progredi
1457 291 1530 312 non
1560 285 1724 324 possunt,
1750 277 1963 313 Consolatur
1993 278 2110 325 itaque
2133 295 2255 317 omnes

1271 330 1347 374 pios
1381 330 1549 364 omnibus
1583 330 1821 374 temporibus,
1860 336 1900 363 ut
1931 329 2042 363 sciant
2075 333 2254 367 saevitiam

1273 392 1335 413 nec
1353 387 1556 425 perpetuam
1575 393 1638 414 nec
1655 381 1863 414 diuturnam
1880 392 1963 419 esse,
1991 381 2079 414 sicut
2098 381 2255 418 Psalmus

1273 431 1408 476 inquit:
1445 431 1551 465 Fiant
1570 432 1644 464 dies
1670 432 1744 465 eius
1767 431 1868 476 pauci
1885 438 1947 466 etc.
2001 431 2120 474 Quare
2143 434 2256 477 prima

1272 494 1338 515 vox
1355 483 1521 516 admonet
1539 483 1714 527 principes
1729 483 1771 515 de
1788 482 1919 516 iudicio
1935 480 2013 522 Dei,
2035 484 2129 527 quod
2148 491 2258 518 metas

1273 533 1322 565 eis
1339 533 1578 574 constituerit,
1605 531 1819 567 Consolatur
1834 533 1910 577 pios
1928 533 2023 578 quod
2040 545 2113 567 non
2132 535 2175 568 sit
2191 536 2259 568 du-

1274 590 1391 616 ratura
1408 584 1550 618 saevitia
1561 611 1570 625 ,
1594 584 1684 618 sicut
1699 584 1860 618 omnium
1876 593 2072 629 temporum
2092 582 2258 620 historiae

1275 640 1458 669 testantur.

1377 692 1551 738 Reliquae
1581 694 1671 726 duae
1696 705 1797 727 voces
1830 694 2027 739 loquuntur
2054 695 2096 727 de
2124 694 2258 738 poenis.

1275 741 1339 777 Est
1355 751 1472 776 autem
1490 755 1610 787 regum
1641 750 1674 777 et
1701 744 1975 786 gubernatorum
2001 745 2112 788 prima
2136 757 2260 790 poena,

1276 794 1474 828 autoritatis
1492 794 1644 835 amissio,
1670 795 1758 828 sicut
1775 794 1905 828 dicitur
1922 795 2011 829 Psal.
2027 795 2125 831 107.:
2154 794 2257 829 Effu-

1276 857 1335 879 sus
1350 852 1400 879 est
1418 852 1615 879 contemtus
1639 856 1743 890 super
1767 845 1959 890 principes,
1987 853 2019 880 et
2043 859 2158 880 errare
2179 846 2262 880 fecit

1277 908 1335 929 eos
1350 896 1388 928 in
1404 896 1520 937 invio,
1546 902 1579 930 et
1594 908 1667 929 non
1693 897 1730 928 in
1749 897 1824 936 via,
1850 903 1882 930 et
1910 897 2047 931 adiuvit
2072 909 2260 942 pauperem

1278 959 1317 980 ex
1333 947 1536 985 afflictione,
1557 954 1590 980 et
1606 947 1702 991 pavit
1719 947 1869 980 familias
1883 954 1922 981 ut
1939 960 2031 982 oveS.
2059 947 2147 982 Cum
2165 948 2260 980 enim

1278 997 1424 1042 imperia
1447 1004 1539 1032 stent
1561 998 1751 1038 divinitus,
1779 996 1874 1031 Deus
1897 999 1995 1032 addit
2016 998 2262 1040 gubernatori-

1278 1049 1344 1082 bus
1366 1049 1609 1090 autoritatem,
1635 1056 1674 1083 ut
1695 1051 1725 1083 1.
1745 1047 1884 1091 Regum
1905 1048 1980 1081 10.:
2017 1047 2062 1082 Et
2079 1049 2261 1092 abiit-cum

1279 1111 1319 1132 eo
1345 1110 1425 1144 pars
1448 1099 1637 1141 exercitus,
1666 1111 1817 1144 quorum
1842 1098 1937 1132 Deus
1960 1100 2118 1142 tetigerat
2144 1101 2260 1134 corda.

1279 1148 1326 1184 Et
1356 1150 1425 1183 alio
1454 1149 1609 1184 Psalmo:
1646 1149 1718 1193 Qui
1742 1152 1803 1183 dat
1834 1150 1981 1183 salutem
2012 1151 2164 1193 regibus,
2216 1148 2264 1184 Et

1280 1201 1437 1245 exempla
1456 1201 1616 1234 omnium
1639 1208 1791 1234 aetatum
1817 1207 2005 1241 testantur,
2031 1198 2191 1234 heroicos
2209 1201 2264 1233 vi-

1280 1264 1338 1285 ros
1351 1252 1537 1285 autoritate
1556 1253 1725 1292 valuisse,
1753 1258 1785 1285 et
1804 1264 1876 1284 non
1892 1251 2056 1285 humanis
2072 1252 2185 1285 modis
2204 1258 2265 1286 aut

1280 1303 1417 1335 viribus
1431 1303 1616 1336 retinuisse
1633 1303 1843 1337 voluntates.
1877 1301 1960 1335 ldeo
1979 1304 2264 1347 quandocunque

1280 1353 1462 1396 impendet
1478 1353 1644 1393 mutatio,
1672 1353 1841 1386 autoritas
1858 1359 2023 1387 mutatur.
2076 1350 2192 1386 Aliter
2208 1353 2263 1385 iu-

1279 1403 1372 1436 dicat
1399 1414 1589 1436 consensus
1615 1404 1809 1443 bonorum,
1843 1403 1912 1435 alio
1940 1403 2112 1436 inclinant
2143 1403 2265 1445 animi,

1281 1466 1386 1499 quam
1404 1461 1503 1492 ante,
1530 1460 1570 1487 ut
1586 1465 1680 1487 nunc
1696 1454 1738 1486 de
1754 1460 1846 1487 statu
1861 1453 2040 1497 pontificio
2059 1461 2214 1498 apparet.

1382 1518 1504 1553 Altera
1534 1532 1647 1562 poena
1687 1526 1739 1552 est
1768 1519 1913 1558 ultima,
1964 1519 2126 1552 videlicet
2165 1520 2266 1563 regni

1280 1571 1433 1610 amissio,
1461 1569 1509 1604 Ut
1526 1569 1623 1603 Sauli
1641 1570 1796 1602 succedit
1814 1569 1938 1609 David,
1966 1577 1998 1603 et
2013 1567 2265 1604 hicChaldaeis

1280 1629 1314 1655 et
1332 1620 1488 1667 Assyriis
1511 1622 1702 1653 succedunt
1719 1620 1818 1654 Medi
1841 1627 1875 1654 et
1894 1620 2026 1655 Persae.
2082 1620 2200 1666 Atque
2217 1621 2265 1655 ita

1279 1672 1360 1705 finis
1376 1679 1425 1705 est
1443 1671 1578 1716 primae
1601 1669 1826 1704 monarchiae
1854 1678 1887 1705 et
1907 1671 2005 1705 aurei
2027 1671 2137 1715 regni.

1379 1738 1551 1773 Desinant
1570 1739 1678 1782 igitur
1700 1750 1797 1771 nunc
1815 1751 1957 1783 quoque
1973 1739 2116 1784 tyranni
2138 1738 2265 1782 opibus

1279 1796 1312 1823 et
1329 1790 1485 1834 potentia
1508 1801 1569 1822 sua
1586 1790 1778 1830 confidere,
1804 1796 1835 1823 et
1853 1789 2005 1833 cogitent
2022 1801 2058 1823 se
2073 1789 2166 1823 facili
2184 1802 2266 1823 casu

1280 1853 1379 1886 posse
1404 1841 1565 1874 amittere
1588 1852 1648 1873 sua
1672 1840 1836 1884 imperia:
1871 1839 1918 1874 Ut
1943 1841 2032 1873 illud
2058 1840 2266 1874 florentissi-

1280 1904 1377 1924 mum
1395 1903 1542 1934 reguum
1561 1889 1968 1935 occupaveruntPersae,
1995 1891 2055 1935 qui
2071 1891 2264 1924 admodum

1280 1942 1420 1986 exiguas
1438 1943 1528 1975 vires
1547 1941 1649 1974 initio
1669 1939 1879 1975 habuerunt.
1932 1940 2181 1984 Agnoscebant
2199 1941 2266 1985 igi-

1280 2001 1337 2027 tur
1360 1992 1532 2026 divinitus
1563 2004 1598 2025 se
1632 1992 1761 2036 potitos
1792 2003 1865 2025 esse
1890 1992 2092 2037 Babylone,
2127 2004 2208 2025 nam
2231 2000 2266 2026 et

1279 2041 1482 2088 Xenophon
1508 2043 1650 2083 scribit,
1677 2041 1823 2086 Captam
1849 2053 1922 2075 esse
1939 2043 2062 2076 urbem
2090 2043 2151 2076 tali
2175 2049 2265 2077 tem-

1281 2106 1384 2139 pore,
1408 2106 1485 2127 cum
1503 2094 1767 2127 celebrarentur
1783 2092 1858 2126 dies
1874 2093 1964 2133 festi,
1992 2100 2026 2127 et
2047 2093 2265 2137 agitarentur

1280 2145 1443 2179 convivia
1467 2156 1590 2187 magna
1621 2144 1820 2184 securitate,
1847 2142 2022 2178 Alludens
2046 2142 2265 2178 hauddubie

1280 2197 1323 2230 ad
1341 2193 1410 2229 hoc
1424 2195 1627 2229 convivium
1644 2207 1662 2227 a
1680 2193 1828 2228 Daniele
1847 2195 2075 2238 descriptum.

1382 2254 1512 2289 Scribit
1533 2255 1637 2288 etiam
1661 2254 1751 2297 apud
1769 2252 1900 2299 Cyrum
1925 2253 2031 2288 fuisse
2052 2255 2140 2287 duos
2164 2254 2265 2298 prin-

1281 2307 1373 2351 cipes
1390 2319 1431 2339 ex
1445 2317 1551 2348 regno
1567 2302 1801 2344 Balthasaris,
1830 2303 2003 2338 Gobriam
2026 2311 2059 2338 et
2075 2304 2264 2346 Gadatam,

1281 2358 1343 2402 qui
1359 2356 1465 2401 primi
1482 2355 1628 2399 ingressi
1647 2362 1728 2389 sunt
1743 2356 1865 2389 urbem
1883 2361 1986 2400 atque
2001 2367 2132 2394 arcem,
2159 2361 2192 2388 et
2208 2367 2263 2388 re-

1281 2420 1357 2452 gem
1375 2407 1660 2447 trucidaverunt,
1687 2418 1769 2439 narn
1793 2405 1950 2439 Gobriae
1971 2406 2082 2439 filium
2101 2405 2137 2437 in
2156 2417 2264 2439 vena-

1282 2459 1380 2493 tione
1393 2469 1454 2491 rex
1467 2455 1654 2491 Balthasar
1671 2457 1800 2491 iniuste
1815 2469 1879 2501 per
1892 2456 2060 2489 invidiam
2077 2455 2262 2492 occiderat.

1281 2508 1335 2542 Ex
1359 2507 1485 2542 horum
1511 2515 1544 2541 et
1572 2508 1742 2541 similium
1779 2508 2000 2540 sermonibus
2034 2503 2128 2539 hand
2155 2508 2263 2541 dubie

1282 2559 1410 2593 Daniel
1428 2559 1517 2602 cepit
1534 2559 1752 2592 innotescere
1767 2558 1906 2591 duobus
1923 2557 2078 2599 regibus,
2102 2555 2211 2591 Dario
2229 2566 2263 2592 et

1282 2609 1388 2656 Cyro.
1423 2607 1498 2643 Etsi
1517 2616 1633 2643 autem
1656 2607 1749 2642 hunc
1765 2608 1915 2642 Darium
1929 2607 2077 2640 Medum
2094 2615 2174 2641 ante
2192 2609 2263 2654 Cy-

1283 2673 1363 2695 rum
1395 2659 1524 2694 Graeci
1554 2672 1631 2694 non.
1658 2659 1865 2699 nominant,
1894 2664 2013 2692 tamen
2035 2658 2177 2693 videtur
2201 2660 2265 2693 ille
