2379 2948
80 92 130 130 53
829 87 876 122 ΙΙ.
928 82 1079 122 LIBER
1103 82 1174 122 DE
1200 83 1376 125 ANIMAg
2068 84 2119 123 54

81 185 160 220 stas,
183 184 217 213 et
231 178 337 222 vulgo
354 177 493 213 Pleura.
527 174 677 212 Subtilis
692 182 724 210 et
739 184 888 208 nervosa
903 173 1070 206 substan·
1127 169 1339 206 architectus
1360 184 1435 207 non
1452 179 1580 208 temere
1601 170 1693 207 hanc
1710 173 1856 216 figuram
1875 173 1996 217 elegit,
2023 183 2113 219 quae

80 231 128 265 tia
158 236 227 270 est,
261 237 419 270 extensa,
454 236 495 262 ut
523 228 717 260 introrsum
745 225 870 258 vestiat
901 230 1013 257 costas
1037 229 1070 256 et
1123 222 1215 256 inter
1244 223 1374 256 solidas
1397 225 1511 268 prima
1533 231 1603 266 est,
1635 231 1668 258 et
1691 225 1735 258 ad
1754 221 1848 257 hunc
1868 231 2004 258 motum
2024 235 2110 257 con-

80 280 259 315 musculos
283 280 375 314 inter
399 286 519 313 costas.
580 275 657 309 Hoc
680 277 757 309 loco
787 275 933 308 morbus
955 274 1070 307 oritur
1123 272 1315 316 gruentior.

79 329 281 376 πλευρίτις,
308 342 386 364 cum
405 329 565 362 adfluunt
583 325 748 359 humores
764 326 807 359 ad
831 325 1008 358 musculos
1026 324 1069 356 il-
1094 326 1097 388 Ι

80 383 133 415 los
150 393 210 414 εει]
227 381 477 418 membranam,
503 385 535 412 et
550 378 599 411 ibi
616 377 885 410 inflammantur
901 383 933 409 et
948 382 1068 419 putre-

79 432 180 466 fiunt.
212 431 417 476 Sequuntur
432 435 547 463 autem
562 428 676 462 febres
690 426 968 466 ardentissimae,
986 425 1069 470 quia

80 495 160 526 pars
176 482 306 515 adfecta
324 491 397 513 non
414 479 537 523 procul
552 479 659 512 distat
677 490 694 511 a
713 478 827 518 corde,
856 484 887 510 et
907 476 1068 519 colligata

81 539 132 567 est
148 544 226 566 cum
245 527 522 574 diaphragmate,
549 529 645 574 quod
662 541 741 562 cum
760 529 805 562 sit
823 528 994 567 vicinum,
1012 527 1069 559 in-

81 581 236 623 calescit,
262 586 295 615 et
312 586 410 614 motu
427 592 491 614 suo
510 586 614 624 auget
630 578 957 613 inflammationem.

1223 339 1320 374 Situs
1337 346 1399 380 est,
1425 347 1464 374 ut
1481 341 1584 382 basis,
1608 342 1646 375 in
1666 354 1732 388 qua
1750 341 2012 386 generosissimi
2028 339 2109 375 tha·

1122 391 1205 423 lami
1222 397 1322 431 sunt,
1350 390 1520 436 exquisite
1531 393 1687 425 medium
1704 393 1854 437 pectoris
1869 399 2003 433 teneat,
2029 404 2110 425 mu-

1122 453 1180 475 cro
1197 448 1313 474 autem
1331 441 1484 484 erigatur
1503 439 1671 474 nonnihil
1689 445 1732 476 ad
1749 444 1931 477 sinistrum
1947 444 2050 483 latus,
2074 448 2107 476 et

1122 504 1166 525 ne
1189 499 1350 526 occurrat
1370 492 1507 525 ossibus
1530 492 1702 536 pectoris,
1730 500 1762 526 et
1780 501 1819 527 ut
1844 494 1987 529 sinistro
2004 492 2108 528 lateri

1121 544 1201 588 plus
1225 543 1351 576 caloris
1376 542 1530 584 tribuat,
1556 554 1636 576 cum
1660 543 1820 576 dextrum
1843 545 2030 579 adiuvetur
2051 554 2108 578 ca-

1122 595 1196 628 lore
1214 593 1335 638 epatis.

80 676 326 727 Περικάρὸιος
356 678 491 725 χιτών,
525 681 686 726 Capsula
718 679 842 716 cordis
870 690 939 714 seu
963 680 1068 713 Invo-
1162 712 1170 720 ,
1223 660 1305 695 D⁰⁰
1321 668 1411 720 funt
1435 667 1550 695 autem
1573 660 1689 718 cor‘h?
1708 660 1894 718 ven¹f¹f¹²l¹
1913 671 1974 694 seu
1990 658 2107 696 thala*

420 733 568 767 morum
590 732 722 767 cordis.
1122 725 1191 753 mi,
1218 724 1278 746 εει]
1302 723 1409 746 sinus.
1464 710 1560 745 Inter
1581 708 1645 744 hos
1669 717 1898 744 interstitium
1916 717 1984 751 est,
2011 713 2106 756 quod

1122 763 1309 806 distinguit
1338 761 1522 797 thalamos,
1584 760 1661 794 Hoc
1692 761 1922 795 interstitium
1952 772 2032 795 cum
2063 762 2107 796 sit

1122 825 1275 847 crassum
1301 821 1334 848 et
1358 814 1517 853 firmum,
1552 819 1585 846 et
1608 811 1718 845 oculis
1744 812 1998 857 conspiciatur,
2032 823 2108 845 non

1122 871 1212 898 recte
1239 865 1307 897 dici
1328 864 1470 898 tertium
1495 869 1653 896 ventrem
1678 862 1780 896 facile
1810 863 1959 897 iudicari
1983 869 2106 906 potest.

1121 914 1174 948 Ac
1199 927 1242 948 ne
1265 916 1408 960 quidem
1432 913 1589 958 conspici
1612 920 1746 947 meatus
1772 925 1834 958 per
1856 911 1924 947 hoe
1948 913 2107 947 intersti-

1121 966 1210 1001 tium
1227 966 1308 999 facti
1325 972 1491 1010 possunt,
1519 965 1579 997 sed
1596 965 1723 997 exudat
1741 965 1882 1007 sanguis
1899 964 1937 997 in
1954 964 2105 998 alterum

1121 1017 1357 1051 ventriculum
1374 1029 1436 1061 per
1449 1015 1715 1059 angustissimos
1730 1027 1848 1059 poros,

181 797 387 832 Proximum
410 798 631 832 domicilium
655 798 772 832 cordis
795 804 864 837 est,
892 796 988 842 quod
1012 807 1068 828 re-

79 849 251 884 centiores
267 848 455 882 nominant
465 847 652 894 Capsulam
670 849 804 889 cordis,
831 847 990 881 Galenus
1007 858 1068 880 πε-

80 897 272 945 ρικάρδιον
297 901 461 944 χιτῶνα,
495 907 529 934 et
557 900 659 933 multi
685 900 915 933 Involucrum
941 897 1068 932 cordis.

78 948 144 984 Est
167 957 283 984 autem
306 950 513 984 membrana
543 951 712 995 simplex,
745 950 854 983 nullis
882 949 1068 982 intertexta

80 1001 189 1042 fibris,
213 1002 271 1034 sed
289 1001 388 1034 firma
406 1007 439 1034 et
456 1001 584 1042 valida,
604 1002 713 1044 figura
736 1000 836 1034 nucis
853 1000 987 1044 pineae,
1011 999 1068 1031 in-

80 1058 138 1086 tus
155 1052 341 1086 cavitatem
356 1049 502 1093 habens,
529 1064 619 1098 quae
635 1052 750 1086 cordis
767 1051 988 1084 domicilium
1008 1056 1068 1089 est,
1543 1083 1550 1090 ⁸
1708 1082 1716 1089 ,
1879 1082 1888 1091 ,
1908 1082 1916 1090 ,
2078 1084 2087 1091 ‚

80 1108 158 1136 orta
175 1103 218 1135 ab
238 1102 322 1147 ipsis
336 1114 506 1135 venarum
527 1110 559 1136 et
577 1103 785 1137 arteriarum
804 1101 951 1139 tunicis,
979 1112 1068 1145 quae
1224 1082 1287 1118 Est
1305 1091 1421 1118 amem
1440 1085 1551 1117 (le-¹2¹³
1571 1079 1717 1117 [lffllaml
1735 1081 1819 1117 haec
1837 1083 1990 1124 utllltaS,
2014 1095 2108 1117 excl-

81 1165 142 1197 per
165 1150 256 1186 hanc
278 1154 520 1186 membranam
539 1154 737 1193 ducuntur,
762 1154 901 1195 alligata
924 1151 1070 1196 parieti-
1123 1147 1205 1193 Pefe
1228 1147 1267 1167 ‘x
1286 1146 1369 1168 cava
1386 1146 1472 1167 ‘'⁰¹¹¹''
1499 1145 1705 1191 ⁵³¹3g⁰¹¹¹em
1729 1145 1768 1167 ΕΟ
1793 1134 2108 1192 ’Πῆηθ,“ῗθ,ῐῃ’,(ἷ““

82 1204 149 1236 bus
179 1203 379 1237 mediastini
409 1210 443 1237 et
473 1202 731 1248 diaphragmati
761 1203 870 1236 firmis
907 1202 1069 1235 nexibus.
1124 1188 1172 1219 ἰη
1208 1192 1453 1230 praeparatum
1487 1191 1585 1241 etfn
1611 1185 1698 1216 ‘³⁰³⁵
1728 1185 2107 1243 p³r¹q⁵,d¹⁵t¹'¹bu¹t¹¹‚¹'·

81 1252 159 1286 Hoc
176 1253 401 1287 involucrum
428 1255 689 1289 munimentum
707 1261 756 1287 est
784 1254 917 1294 cordis,
945 1253 982 1285 in
1000 1265 1068 1297 quo
1124 1237 1244 1294 §ll-era
1267 1236 1470 1279 pnlmonem
1499 1235 1578 1275 am’
1605 1234 1713 1291 ‘'llem
1737 1235 2046 1292 SPIJUhOI'flxu‘lat
2069 1248 2108 1268 ¹¹¹

84 1305 132 1337 ita
149 1303 250 1343 latet,
276 1310 316 1335 ut
336 1304 523 1335 intervallo
543 1313 637 1338 cerm
654 1306 759 1339 distet
775 1305 934 1349 undique
950 1315 1010 1336 cor
1025 1304 1069 1336 ab
1124 1294 1305 1344 sunstrum
1337 1284 1549 1326 thalamum,
1580 1291 1613 1318 et
1645 1296 1681 1317 ln
1706 1292 1853 1330 spiritus
1874 1286 1998 1320 Vltales
2023 1298 2110 1320 con-

86 1355 183 1398 ipso,
217 1352 265 1386 ita
287 1359 327 1386 ut
352 1363 416 1385 nec
440 1352 507 1395 ipsi
532 1350 736 1392 adhaereat,
770 1367 834 1386 nec
856 1355 1005 1389 alterum
1029 1365 1069 1386 ex
1124 1345 1287 1371 ‘'eumn'’

84 1405 194 1437 altero
209 1409 330 1436 natum
345 1402 399 1436 sit.
429 1401 469 1435 ln
485 1400 550 1436 hac
566 1415 644 1436 arca
658 1403 858 1436 existimant
871 1414 930 1436 seu
945 1414 1069 1447 aquam
1218 1404 1317 1436 Duae
1335 1408 1417 1435 sunt
1433 1409 1548 1435 autem
1566 1412 1675 1434 venae
1694 1401 1820 1433 infixae
1834 1402 1958 1436 dextro
1974 1405 2110 1438 ventri-

85 1466 146 1488 seu
167 1454 348 1487 madorem
370 1453 445 1486 rori
468 1453 619 1487 similem
640 1465 730 1492 esse,
758 1466 826 1499 qua
851 1454 894 1487 sit
916 1465 1005 1498 opus
1029 1454 1068 1486 ad
1126 1454 1221 1487 culo:
1255 1452 1347 1486 Cava
1364 1453 1515 1491 scilicet,
1542 1464 1631 1497 quae
1650 1459 1700 1485 est
1717 1451 1848 1485 canalis
1866 1454 2047 1496 sanguinis
2065 1456 2111 1489 ab

85 1504 203 1538 cordis
224 1503 467 1547 irrigationem
487 1504 525 1537 in
542 1511 614 1538 tam
635 1504 783 1538 adsiduo
803 1512 902 1538 motu
926 1512 957 1538 et
974 1510 1070 1537 tanto
1127 1511 1224 1549 epate
1256 1504 1461 1538 transmissi.
1521 1502 1745 1547 Sparguntur
1770 1509 1885 1536 autem
1915 1510 1950 1538 et
1975 1505 2020 1538 ab
2041 1503 2111 1539 hoc

85 1555 214 1591 calore.
256 1553 334 1597 Qua
351 1566 441 1600 aqua
456 1552 622 1589 exhausta
638 1567 699 1588 cor
714 1555 940 1593 contabescit,
966 1555 1072 1600 idque
1128 1556 1203 1600 ipso
1225 1555 1344 1588 canale
1371 1554 1408 1587 in
1434 1566 1569 1587 summa
1594 1554 1667 1587 basi
1695 1553 1800 1586 exiles
1825 1554 1933 1596 rami,
1960 1567 2112 1590 coronae

86 1606 163 1640 fieri
189 1605 228 1638 in
255 1605 436 1639 moesticia
464 1606 648 1646 scribitur,
681 1614 720 1640 ut
743 1604 948 1639 Marchioni
977 1606 1073 1639 Casi-
1129 1606 1261 1651 specie,
1294 1606 1356 1650 qui
1383 1605 1591 1648 sanguinem
1619 1601 1756 1639 vehunt
1783 1605 1903 1637 minus
1933 1606 2111 1648 subtilem,

85 1657 177 1690 miro
204 1662 346 1690 mortuo
377 1668 437 1690 cor
460 1664 660 1702 exemptum
690 1656 791 1691 aiunt
822 1657 935 1691 simile
967 1657 1074 1691 fuisse
1128 1670 1198 1703 quo
1217 1657 1359 1700 proprie
1377 1669 1437 1689 cor
1460 1656 1627 1691 nutritur.
1681 1655 1802 1688 Altera
1826 1667 1915 1689 vena
1938 1656 1975 1689 in
1991 1658 2114 1692 dextro

85 1719 173 1752 pyro
200 1713 303 1743 tosto.
1129 1708 1326 1741 ventriculo
1346 1719 1386 1740 ex
1411 1707 1485 1751 ipso
1509 1708 1614 1739 corde
1637 1706 1776 1746 oriens,
1801 1706 2008 1741 nominatur
2024 1721 2115 1743 vena

1129 1756 1338 1798 arte-rinus,
1364 1758 1446 1803 quia
1470 1757 1605 1791 tunicas
1630 1754 1734 1789 habet
1760 1757 1944 1790 crassiores
1966 1765 1999 1791 et
2023 1766 2116 1793 arte-

533 1807 611 1840 001'·
1130 1810 1193 1842 riis
1224 1809 1374 1848 similes,
1409 1820 1476 1853 qua
1508 1807 1544 1839 in
1572 1807 1777 1850 pulmonem
1806 1804 1949 1841 vehitur
1974 1811 2116 1853 sanguis

194 1871 236 1905 ln
254 1869 319 1905 hac
342 1883 420 1905 arca
442 1872 572 1916 pendet
595 1869 654 1905 hic
671 1871 761 1905 vitae
779 1872 968 1914 dominus,
995 1870 1077 1911 Cor,
1131 1860 1312 1900 subtilior,
1340 1859 1401 1904 qui
1417 1856 1608 1899 exhalaret,
1634 1857 1701 1890 nisi
1723 1868 1811 1891 vena
1828 1858 2001 1893 munitior
2016 1869 2117 1895 esset.

91 1922 245 1957 liberum
265 1935 283 1956 a
300 1923 436 1967 reliquo
456 1934 615 1967 corpore,
633 1923 688 1956 cui
706 1923 812 1956 vitam
830 1922 988 1966 largitur,
1007 1921 1077 1954 nisi
1233 1925 1384 1959 Sinister
1400 1936 1482 1958 vero
1500 1921 1674 1958 thalamus
1691 1923 1793 1965 longe
1808 1926 2043 1967 praestantior
2057 1934 2118 1969 est,

92 1974 188 2018 quod
204 1973 235 2007 ei
251 1974 458 2008 adiunctum
477 1981 527 2007 est
544 1985 606 2017 per
620 1984 737 2013 venas,
764 1973 920 2014 arterias,
948 1980 980 2006 et
997 1984 1078 2006 ner·
1132 1984 1165 2010 et
1188 1976 1325 2010 officina
1351 1975 1425 2009 eius
1448 1974 1583 2019 operis,
1606 1975 1701 2019 quod
1728 1973 1953 2019 praecipuum
1971 1984 2022 2012 est
2039 1990 2120 2012 cor-

91 2035 174 2065 vos,
200 2024 330 2069 quibus
345 2031 512 2070 tanquam
530 2024 712 2058 canalibus
726 2024 850 2064 utitur,
876 2024 1015 2069 partim,
1040 2030 1079 2057 ut
1133 2028 1197 2063 dis.
1239 2026 1365 2069 Gignit
1381 2026 1475 2059 enim
1492 2025 1635 2069 spiritus
1650 2025 1772 2059 vitales
1789 2037 1827 2057 ex
1843 2027 2014 2070 sangnine
2033 2029 2118 2063 suh-

92 2075 208 2108 aliena
241 2075 408 2109 beneficia
440 2075 608 2120 accipiat,
644 2075 792 2120 partim,
827 2082 866 2110 ut
901 2086 962 2109 sua
996 2075 1079 2108 inde
1133 2078 1316 2115 tilissimo,
1344 2077 1404 2122 qui
1428 2089 1466 2110 ex
1482 2077 1604 2109 dextro
1622 2076 1701 2109 sinu
1720 2087 1760 2108 eo
1784 2077 1922 2111 exudat.
1974 2076 2038 2113 Est
2053 2090 2118 2113 au..

91 2125 260 2161 effundat.
1134 2137 1203 2165 tem
1227 2128 1371 2172 spiritus
1387 2127 1504 2162 vitalis
1528 2126 1745 2160 lucidissima
1763 2133 1796 2160 et
1812 2127 1949 2161 vivifica
1966 2129 2120 2172 flamma,

191 2183 396 2219 Substantia
412 2191 529 2218 autem
545 2184 662 2219 cordis
678 2191 728 2218 est
745 2184 882 2229 proprii
898 2183 1081 2219 cuiusdam
1135 2180 1260 2215 similis
1283 2186 1430 2213 naturae
1447 2178 1608 2219 coelesti,
1632 2189 1720 2223 quae
1737 2177 1887 2211 calorem
1904 2185 1937 2212 et
1954 2179 2063 2214 vitam
2081 2181 2120 2213 in

97 2235 235 2278 generis
258 2247 356 2276 caro,
382 2232 563 2269 dissimilis
588 2235 686 2269 carni
710 2236 748 2268 in
772 2236 910 2281 reliquo
935 2245 1082 2279 corpore
1134 2239 1249 2267 totum
1267 2242 1395 2275 corpus
1418 2229 1568 2275 perfert,
1592 2235 1627 2262 et
1654 2227 1920 2273 praecipuarum
1939 2231 2121 2266 actionum

98 2285 208 2330 spissa
232 2292 266 2320 et.
286 2287 378 2320 bene
402 2293 601 2331 compacta,
627 2287 770 2321 intextis
789 2287 887 2320 fibris
910 2298 970 2320 seu
988 2285 1083 2319 villis
1135 2294 1308 2327 organum
1332 2287 1394 2315 est·

97 2336 289 2370 arctissime
313 2336 504 2379 intricatis‚
524 2350 598 2371 non
613 2344 653 2371 ut
669 2338 798 2372 diserte
813 2337 985 2382 distingui
1001 2348 1083 2382 pos-

115 2387 125 2394 ·
270 2387 278 2394 ι
359 2387 367 2394 ·
1239 2347 1442 2383 Nascuntur
1455 2347 1493 2381 in
1510 2345 1576 2380 hoc
1594 2347 1669 2391 ipso
1685 2344 1881 2380 ventriculo
1897 2346 1968 2380 duo
1984 2348 2122 2382 canales

97 2393 187 2428 sint,
212 2394 252 2421 ut
268 2399 307 2420 in
322 2387 400 2421 aliis
415 2389 574 2433 corporis
588 2388 759 2434 partibus.

1139 2399 1397 2444 grandiusculi:
1430 2397 1572 2433 Arteria
1594 2403 1710 2437 aorta,
1735 2408 1825 2442 quae
1847 2397 2008 2431 omnium
2031 2405 2124 2433 arte-

202 2445 332 2489 Figura
351 2447 467 2481 cordis
483 2448 702 2494 pyramidem
719 2455 898 2494 utcunque
914 2448 1086 2487 imitatur,
1138 2452 1274 2485 riarum
1301 2451 1338 2483 in
1362 2458 1436 2485 toto
1461 2460 1606 2492 corpore
1631 2447 1737 2491 stipes
1761 2455 1830 2491 est,
1858 2460 1921 2492 per
1935 2461 2021 2493 quas
2045 2456 2125 2483 tan-

103 2499 164 2531 sed
189 2497 263 2531 basi
286 2497 411 2530 latiore
429 2509 468 2531 ac
494 2499 611 2541 gibba.
663 2498 765 2534 Lusit
782 2499 885 2533 Plato
903 2500 947 2533 de
965 2500 1087 2543 figura,
1141 2514 1247 2548 quam
1264 2514 1327 2546 per
1345 2502 1461 2534 alveos
1477 2498 1706 2543 praecipuum
1731 2498 1846 2532 cordis
1863 2499 2071 2533 beneficium
2088 2500 2126 2533 in

102 2549 183 2582 ideo
209 2548 361 2581 similem
383 2559 456 2581 esse
480 2550 671 2594 pyramidi,
697 2550 779 2595 quia
803 2562 882 2584 cum
904 2550 949 2584 sit
967 2551 1088 2594 igneae
1142 2564 1265 2587 omnes
1281 2552 1436 2596 corporis
1452 2556 1566 2593 partes
1580 2555 1712 2589 manat,
1730 2549 1894 2583 videlicet
1911 2547 2040 2584 halitus
2057 2551 2129 2592 ille,

103 2606 269 2641 naturae,
293 2599 516 2633 flammarum
534 2601 732 2644 pyramides
747 2601 885 2635 referat.
935 2599 1013 2636 Etsi
1027 2613 1090 2635 au-
1143 2615 1206 2637 seu
1236 2603 1375 2636 vivifica
1410 2601 1573 2642 flamma,
1612 2611 1675 2633 suo
1707 2599 1822 2633 calore
1850 2601 1974 2634 fovens
2008 2601 2128 2635 omniu

104 2658 175 2684 tem
198 2650 242 2684 de
271 2647 336 2684 hac
365 2661 466 2685 causa
492 2648 584 2684 nihil
606 2651 786 2686 adfirmari
808 2658 942 2697 potest,
973 2659 1091 2687 tamen
1145 2654 1324 2691 membra,
1352 2658 1386 2686 et
1402 2650 1557 2686 actiones
1575 2651 1758 2687 adiuvans.

1468 2697 1522 2735 4*
