2379 2948
213 78 287 114 995
798 76 922 111 PHlL.
950 73 1066 112 MEL.
1095 75 1304 112 SCRIPTA
1332 75 1635 113 EXEGETICA.
2160 80 2237 116 996

214 172 289 203 tur,
314 164 458 207 imperia
478 164 548 206 regi
569 175 585 195 a
603 163 698 203 Deo,
728 169 761 196 et
778 162 870 196 mitti
890 160 1046 206 Angelos
1071 164 1113 196 ad
1138 174 1198 195 cu-

212 215 431 247 stodiendam
454 214 664 252 Ecclesiam,
699 220 731 246 et
754 214 896 247 tandem
924 214 1111 261 promissio
1135 215 1197 246 ad-

214 266 310 298 ditur
331 266 372 297 de
396 277 476 308 pace
504 263 723 298 ludaeorum.
783 263 894 297 Terra
924 263 1133 309 Aquilonis,
1163 264 1198 296 id

215 324 283 355 est,
312 327 454 357 regnum
475 313 731 359 Babylonicum
757 314 930 359 quiescet,
958 328 1030 348 non
1050 316 1199 358 dissipa-

214 367 263 399 bit
290 377 349 397 vos
375 377 506 399 rursus.
559 364 764 398 Consolatio
784 373 834 399 est
860 373 891 400 et
908 367 1077 409 ingestu,
1104 366 1198 410 quod

214 428 341 449 corona
376 416 571 458 imponitur
599 428 735 448 summo
761 418 952 458 sacerdoti,
986 429 1089 462 quem
1119 428 1200 459 pro-

213 475 290 510 pter
316 473 436 511 typum
468 478 587 499 rursus
613 464 669 499 hic
703 468 864 501 nominat
889 466 1040 507 semaa,
1075 468 1109 499 id
1139 474 1200 503 est,

214 517 490 560 germinantem,
526 525 559 551 et
581 518 755 551 rationem
785 520 939 551 nominis
964 519 1081 558 addit,
1118 517 1199 562 quia

215 575 297 600 tunc
318 568 434 600 futura
455 568 497 600 sit
515 569 723 611 germinatio
749 576 781 602 et
807 570 926 613 templi
952 569 1140 611 extructio,
1168 576 1201 601 et

215 618 458 651 dulcissimum
483 627 549 659 est,
571 620 664 664 quod
690 621 732 652 de
752 621 939 653 concordia
958 621 1108 653 duorum
1135 630 1198 662 gu-

216 670 444 702 bernatorum
478 670 609 714 inquit:
651 669 848 703 Consilium
884 671 976 713 pacis
1009 671 1075 703 erit
1111 670 1203 702 inter

216 721 304 752 ‹luos
334 720 437 753 viros.
499 720 752 753 simulantem
780 721 996 763 significatur
1030 722 1202 753 adventus

217 769 387 809 Blessiae,
415 782 476 814 per
498 783 600 815 quem
626 783 705 803 vere
729 772 765 805 fit
782 770 958 804 Ecclesiae
982 771 1203 815 germinatio,

218 821 300 865 quia
318 822 390 864 ipse
411 821 541 864 profert
557 819 792 864 Evangelium
820 834 858 855 ex
877 823 955 855 sinu
975 823 1103 867 patris,
1130 823 1202 864 ipse

218 872 252 903 fit
279 871 418 904 victima
433 899 440 911 ,
469 872 542 915 ipse
561 879 743 905 conservat
759 873 993 906 ministerium
1004 872 1201 917 Evangelii,

218 929 250 955 et
268 929 317 955 est
334 921 471 962 efficax,
496 923 649 955 vivificat
668 930 699 956 et
719 924 827 956 salvat
847 926 1041 958 credentes.

457 998 590 1050 Caput
622 998 719 1038 VII.
755 1004 793 1039 et
821 999 940 1040 VIII.

321 1070 360 1104 ln
386 1072 628 1115 superioribus
652 1072 825 1119 capitibus
842 1073 1004 1106 recitatae
1021 1080 1102 1107 suut
1117 1085 1202 1106 con—
1227 1074 1230 1082 ⁴

218 1122 406 1155 solationes
424 1131 455 1156 et
473 1123 722 1165 promissiones
738 1125 779 1156 de
797 1124 1017 1157 restitutione
1035 1124 1154 1167 templi
1171 1130 1203 1156 et

219 1172 334 1211 urhis,
363 1185 457 1206 nunc
482 1174 602 1206 intexit
620 1174 815 1207 doctrinam
835 1175 878 1206 de
896 1174 1103 1208 discrimine
1128 1175 1203 1207 cul—

219 1230 337 1263 tuum,
373 1231 405 1257 et
440 1224 657 1257 severissime
681 1231 773 1258 taxat
801 1222 1130 1270 ἐθελοθρησκείας,
1165 1237 1204 1257 ac

219 1281 357 1307 revocat
377 1275 546 1318 populum
564 1276 606 1307 ad
624 1276 738 1308 cultus
754 1287 772 1308 a
788 1273 863 1308 Deo
880 1277 1075 1310 mandatos,
1129 1276 1203 1311 Oc-

221 1325 312 1358 casio
348 1323 431 1357 haec
460 1332 526 1364 est,
560 1337 654 1358 anno
677 1326 712 1360 4.
744 1326 947 1359 Artaxerxis
980 1326 1204 1369 Longimani,

221 1387 299 1408 cum
327 1375 396 1407 iam
423 1376 626 1418 procederet
648 1376 843 1409 aedificatio
869 1377 1009 1420 templi,
1037 1384 1069 1409 et
1092 1377 1203 1409 maior

220 1432 308 1458 esset
327 1426 561 1470 tranquillitas
578 1438 683 1470 quam
706 1427 819 1459 fuerat
843 1433 959 1467 antea,
985 1426 1205 1469 interrogant

222 1476 366 1521 quidam
390 1478 432 1509 de
457 1477 584 1510 ritibus
609 1477 843 1517 ieiuniorum,
871 1489 957 1522 quos
985 1476 1105 1510 Iudaei
1129 1478 1203 1510 sine

221 1528 389 1561 mandato
420 1528 542 1560 divino
574 1535 731 1571 tempore
762 1528 857 1560 exilii
890 1535 1133 1568 servaverant,
1166 1535 1203 1561 ut

222 1578 355 1610 luctum
382 1578 637 1619 significarent,
679 1590 798 1611 mense
821 1585 967 1624 quarto,
1007 1579 1089 1622 quia
1121 1585 1204 1611 tunc

221 1627 466 1673 Hierosolyma
484 1636 581 1672 capta
607 1635 696 1661 erat:
726 1641 842 1661 mense
858 1629 1004 1673 quinto,
1021 1629 1102 1673 quia
1121 1636 1204 1662 tunc

221 1677 549 1712 Nabuchodonosor
576 1680 811 1713 combusserat
839 1680 1025 1722 templum:
1087 1692 1204 1712 mense

221 1730 387 1773 septimo,
423 1730 505 1774 quia
531 1737 615 1763 tunc
645 1730 847 1763 interfectus
871 1737 944 1763 erat
970 1729 1141 1763 Godolias
1172 1738 1204 1763 et

221 1781 432 1820 multitudo,
467 1793 553 1825 quae
578 1793 655 1813 cum
674 1793 714 1814 eo
733 1780 771 1815 in
788 1779 984 1826 Aegyptum
1005 1781 1202 1824 profectura

221 1839 312 1870 erat,
335 1844 429 1864 nunc
455 1833 588 1864 reducti
612 1839 779 1876 tanquam
801 1832 938 1864 liberati
966 1839 1067 1874 voto,
1094 1833 1203 1866 inter-

222 1889 345 1924 rogant
365 1895 408 1914 an
426 1882 557 1914 diutius
581 1880 616 1914 hi
633 1883 721 1915 ritus
737 1883 900 1915 servandi
919 1882 1000 1916 sint.

324 1932 435 1966 'l‘axat
453 1933 559 1974 igitur
584 1930 758 1976 Propheta
781 1933 895 1965 cultus
918 1945 990 1965 non
1019 1935 1204 1967 mandatos

220 1995 238 2016 a
255 1981 349 2023 Deo,
375 1991 407 2016 et
425 1983 493 2022 ait,
521 1991 621 2015 antea
646 1995 785 2028 quoque
803 1984 932 2016 talibus
950 1985 1098 2026 peccatis
1121 1985 1203 2017 irri—
1227 2014 1229 2029 ,

221 2041 327 2067 tatam
347 2046 418 2066 esse
438 2034 524 2066 iram
542 2032 627 2074 Dei,
653 2042 796 2081 propter
813 2047 916 2078 quam
936 2035 1092 2078 dissipati
1111 2042 1203 2071 sunt,

221 2084 324 2118 Nunc
350 2085 448 2117 iubet
472 2085 767 2118 commonefactos
793 2085 970 2128 prioribus
994 2086 1117 2132 poenis
1133 2085 1202 2119 're-

222 2142 382 2168 verenter
413 2136 545 2168 discere
575 2136 791 2168 voluntatem
817 2134 883 2167 Dei
907 2143 939 2169 et
965 2148 1067 2169 veros
1088 2137 1202 2171 cultus

220 2193 416 2229 praestare,
455 2193 488 2219 et
523 2187 644 2219 inserit
687 2186 906 2219 dulcissimas
940 2187 1201 2230 promissiones,

221 2236 282 2270 Est
299 2237 391 2269 enim
411 2237 578 2270 continua
596 2244 629 2270 et
645 2238 765 2270 eadem
783 2236 904 2270 concio
922 2238 1061 2281 septimi
1087 2245 1119 2271 et
1143 2251 1201 2271 oc-

218 2288 287 2320 tavi
307 2287 439 2331 capitiS.
493 2287 684 2321 Veritatem
708 2294 741 2321 et
758 2300 876 2331 pacem
895 2287 1047 2330 diligite,
1073 2289 1201 2334 inquit.

225 2335 374 2371 Veritas
391 2338 562 2381 significat
578 2339 696 2371 omnia
715 2339 806 2372 hona
827 2350 930 2382 opera
949 2339 1082 2382 primae
1097 2341 1199 2373 tabu-

219 2388 290 2426 lae,
326 2402 443 2422 veram
468 2390 684 2431 doctrinam,
725 2401 842 2422 veram
873 2389 1089 2432 agnitionem
1123 2389 1200 2432 Dei,

220 2439 404 2479 timorem,
438 2441 558 2481 fidem,
592 2440 851 2474 invocationem
882 2453 954 2474 non
986 2441 1199 2477 simulatam.

218 2486 306 2521 Pax
319 2490 485 2532 significat
503 2491 619 2524 omnia
632 2491 723 2524 hona
742 2503 846 2538 opera
862 2492 1032 2524 secundae
1049 2493 1198 2528 tabulae.

217 2540 258 2572 In
284 2540 352 2572 fine
383 2541 503 2582 capitis
527 2542 638 2575 octavi
662 2542 805 2575 additur
828 2542 1013 2586 promissio
1037 2544 1079 2575 de
1097 2555 1197 2575 voca-

217 2598 314 2624 tione
341 2591 513 2633 gentium:

218 2641 324 2674 unius
356 2641 422 2674 viri
446 2640 586 2681 Iudaei,
620 2644 789 2677 dicentes:

566 2591 692 2625 Decem
723 2590 992 2636 apprehendunt
1021 2594 1197 2627 fimbriam
1248 2596 1334 2629 ficiis
1357 2595 1431 2629 eius
1455 2596 1568 2638 regni:
1606 2594 1757 2629 Exulla
1771 2594 1864 2641 filia
1888 2593 1985 2628 Zion
2008 2598 2068 2629 etc.

1249 162 1299 196 Ita
1316 174 1380 196 nos
1398 161 1578 208 Apostolis
1594 163 1754 197 adiuncti
1777 174 1916 204 summ,
1943 170 1976 197 et
1993 165 2036 198 ab
2051 165 2099 198 eis
2115 163 2236 200 Evan-

1250 213 1379 257 gelium
1404 215 1617 258 accepimus,
1645 222 1678 248 et
1702 214 1831 248 scimus
1855 211 1945 247 hanc
1969 215 2077 247 solam
2102 218 2235 251 doctri-

1252 276 1333 297 nam
1359 265 1401 297 de
1425 264 1499 298 Deo
1523 277 1640 298 veram
1666 277 1755 304 esse,
1785 277 1874 310 quae
1899 277 1961 309 per
1987 263 2177 309 Prophetas
2202 275 2236 302 et

1251 313 1440 359 Apostolos
1472 316 1600 350 tradita
1633 324 1699 356 est,
1733 317 1821 349 sicut
1851 316 1888 347 in
1915 315 2055 348 Psalmo
2089 317 2236 353 dicitur:

1250 365 1406 400 Laudate
1423 365 1617 400 Dominum
1636 369 1678 400 de
1697 367 1855 400 fontibus
1872 367 1992 400 Israe‘l.

1352 423 1508 467 Insignia
1528 425 1620 458 dicta
1638 426 1674 458 in
1696 426 1808 469 capite
1828 424 1861 458 7.
1879 432 1911 458 et
1930 423 2014 458 haec
2030 432 2123 466 sunt,
2141 428 2237 470 quod

1252 475 1481 519 imperiorum
1513 477 1680 509 duritiem
1711 477 1846 510 confert
1874 474 2076 509 Adamanti.
2140 477 2239 518 Item,

1252 528 1346 569 quod
1371 527 1418 559 ait
1443 526 1558 559 Deum
1585 527 1718 560 misisse
1742 528 1848 560 verba
1872 539 1932 560 sua
1962 538 2022 570 per
2044 525 2238 570 Prophetas

1255 576 1392 620 Spiritu
1417 589 1491 610 suo.
1555 576 1626 610 [hi
1650 585 1740 612 extat
1772 578 2013 611 testimonium
2038 578 2080 610 de
2103 577 2238 621 Spiritu

1254 635 1393 667 sancto,
1419 628 1514 672 quod
1528 628 1690 664 videlicet
1706 640 1842 673 semper
1859 629 2064 662 sanctificati
2081 629 2152 662 sint
2168 630 2238 662 ele-

1254 679 1300 712 cti
1318 679 1454 722 b‘piritu
1471 685 1605 712 sancto.

1364 736 1406 770 In
1438 738 1473 772 8.
1500 737 1610 780 capite
1646 748 1803 780 expresse
1836 737 1966 771 dicitur
1997 738 2041 771 de
2072 737 2238 781 peccatis:

1254 786 1349 820 Haec
1372 795 1454 822 sunt
1481 800 1569 833 qnae
1593 788 1672 828 odi,
1697 788 1781 821 dicit
1805 787 1991 822 Dominus.
2047 788 2118 823 Ubi
2142 789 2239 822 testi-

1254 839 1413 871 monium
1432 846 1522 872 extat
1539 846 1660 872 contra
1674 838 1790 872 Stoica
1804 839 2038 881 diliramenta,
2065 852 2153 885 quae
2172 840 2237 872 fin-

1254 897 1341 931 gunt
1364 889 1477 922 Deum
1502 890 1590 922 velle
1615 896 1768 933 peccata,
1804 902 1867 923 nec
1892 897 1974 924 sunt
1992 892 2177 936 ponendae
2201 891 2238 924 in

1254 939 1330 973 Deo
1347 941 1641 974 contradictoriae
1660 941 1869 974 voluntates.

1636 1032 1772 1086 Caput
1799 1033 1876 1073 lx,

1357 1104 1399 1138 In
1417 1105 1527 1149 capite
1544 1106 1581 1140 9.
1602 1106 1774 1150 praedicit
1797 1117 1954 1151 expresse
1971 1117 2101 1150 poenas
2116 1105 2242 1139 vicinis

1255 1157 1417 1201 gentihus
1428 1156 1551 1202 Syriae
1570 1164 1601 1190 et
1618 1155 1847 1191 Phoenicum.
1883 1158 2051 1191 Nominat
2067 1155 2241 1202 enimSy-

1258 1210 1342 1242 riam
1362 1205 1505 1241 Adrach
1524 1209 1567 1241 ab
1584 1209 1760 1247 ubertate,
1788 1215 1821 1242 et
1838 1209 1897 1249 ait,
1926 1208 2147 1247 Damascum,
2164 1206 2240 1252 Ty—

1258 1272 1354 1299 rum,
1390 1259 1579 1300 Sidonem,
1615 1258 1746 1292 Gazam
1778 1266 1811 1293 et
1844 1260 1930 1292 alias
1963 1260 2067 1292 urbes
2095 1258 2241 1298 vicinas,

1256 1323 1343 1356 quae
1368 1311 1436 1342 iam
1462 1310 1685 1343 laetabantur
1712 1311 1908 1344 calamitate
1934 1310 2166 1349 Iudaeorum,
2207 1315 2240 1342 et

1255 1374 1290 1394 se
1307 1361 1477 1405 putabant
1495 1372 1566 1392 esse
1589 1360 1778 1398 feliciores,
1807 1361 1887 1405 quia
1914 1361 1981 1393 alia
2005 1360 2152 1393 numina
2181 1370 2238 1392 co-

1256 1413 1387 1451 lerent,
1420 1410 1610 1443 amissuros
1643 1422 1715 1443 esse
1746 1411 1939 1457 potentiam
1969 1418 2002 1444 et
2028 1411 2238 1444 libertatem.

1256 1462 1355 1495 Hanc
1378 1461 1522 1505 impiam
1546 1461 1745 1493 vicinorum
1774 1462 2035 1505 persuasionem
2059 1466 2171 1497 taxat,
2205 1466 2240 1493 et

1256 1513 1425 1556 praedicit
1449 1518 1610 1544 secutura
1642 1512 1794 1551 excidia,
1828 1524 1867 1545 ac
1891 1511 2003 1545 Sidon
2038 1523 2110 1543 non
2133 1511 2240 1552 longo

1256 1572 1411 1606 tempore
1437 1568 1514 1605 post
1531 1560 1737 1594 Zachariam
1763 1563 1806 1595 ab
1824 1560 1927 1595 Ocho
1949 1573 2028 1605 rege
2053 1561 2239 1595 Persarum

1256 1614 1495 1648 crudelissime
1527 1619 1625 1656 capta
1656 1620 1706 1646 est
1731 1625 1793 1657 per
1816 1613 2064 1656 proditionem.
2124 1611 2239 1645 Dum-

1255 1677 1321 1710 que
1349 1665 1432 1698 urbs
1456 1670 1664 1705 occupatur,
1693 1664 1835 1697 Sidonii
1860 1664 1926 1707 ipsi
1952 1665 2075 1696 urbem
2101 1669 2133 1696 et
2155 1674 2240 1703 sese,

1256 1716 1419 1757 coniuges
1445 1721 1477 1747 et
1500 1714 1630 1746 liberos
1655 1721 1687 1747 et
1711 1715 1861 1747 familias
1884 1715 2049 1747 incendio
2077 1713 2239 1756 perdide-

1257 1774 1349 1802 runt.
1375 1765 1422 1800 Et
1440 1765 1559 1798 scribit
1578 1763 1758 1798 Diodorus
1776 1765 1916 1799 Siculus
1932 1765 2078 1809 pag.43.
2096 1765 2239 1808 periisse

1256 1818 1333 1862 plus
1353 1829 1457 1862 quam
1475 1816 1600 1850 40000
1618 1814 1817 1851 hominum.

1353 1876 1488 1922 Tyrum
1508 1876 1707 1909 Alexander
1731 1883 1860 1918 septem
1884 1876 2064 1909 mensibus
2087 1875 2236 1915 obsedit,

1257 1936 1292 1962 ut
1315 1934 1434 1961 narrat
1458 1925 1638 1960 Diodorus
1661 1939 1738 1974 pag.
1760 1927 1841 1960 133.
1869 1939 1935 1971 qua
1960 1928 2100 1959 tandem
2129 1938 2236 1969 expu-

1253 1983 1356 2023 gnata
1371 1979 1471 2013 7000
1491 1979 1527 2010 in
1545 1978 1807 2021 oppugnatione
1824 1977 1994 2011 trucidata
2012 1983 2114 2015 sunt,
2136 1976 2237 2010 2000

1256 2036 1372 2073 postea
1401 2029 1581 2073 suspendit
1602 2029 1820 2069 Alexander,
1847 2035 1880 2061 et
1897 2028 2006 2061 multa
2022 2028 2133 2061 millia
2151 2040 2238 2060 ven-

1254 2080 1355 2115 didit.
1414 2079 1492 2113 Hoc
1524 2079 1696 2112 excidium
1723 2086 1823 2112 antea
1849 2086 1881 2112 et
1905 2077 2028 2112 Esaias
2053 2078 2236 2121 praedixit,

1253 2132 1313 2177 qui
1336 2131 1497 2165 nominat
1521 2137 1640 2172 gentes
1667 2127 1822 2170 Kithim,
1850 2130 1884 2162 id
1910 2136 1978 2169 est,
2008 2129 2234 2171 BIacedones,

1253 2190 1285 2216 et
1310 2181 1532 2222 Dodannim‚
1559 2181 1594 2214 id
1621 2187 1689 2222 est,
1717 2180 1926 2213 Dodanaeos
1952 2179 2105 2214 Graecos
2135 2192 2235 2214 ever-

1251 2245 1351 2267 suros
1370 2232 1518 2278 Tyrum.
1571 2230 1617 2265 Et
1636 2230 1729 2265 Gaza
1752 2233 1795 2264 ab
1814 2230 2016 2265 Alexandro
2041 2238 2137 2275 capta
2155 2231 2234 2266 fuit.

1253 2284 1333 2318 Post
1350 2281 1412 2317 has
1430 2294 1569 2327 poenas,
1595 2282 1711 2327 inquit
1726 2280 1925 2324 Zacharias,
1951 2281 2060 2328 Syros
2077 2289 2109 2316 et
2119 2279 2234 2315 Phoe-

1252 2336 1345 2368 nices
1378 2334 1489 2368 socios
1521 2334 1596 2367 sore
1629 2333 1752 2378 populi
1787 2332 1913 2374 Israel,
1954 2333 1990 2368 id
2023 2340 2092 2373 est,
2137 2333 2233 2365 futu-

1253 2398 1328 2419 rum
1360 2397 1451 2429 esse,
1500 2391 1539 2418 ut
1577 2382 1732 2418 Ecclesia
1774 2385 1959 2428 colligatur
1999 2385 2101 2418 etiam
2140 2383 2232 2416 inter

1251 2437 1352 2481 ipsos.

1351 2494 1501 2528 Addidit
1526 2494 1631 2537 igitur
1647 2493 1835 2528 Zacharias
1858 2496 1998 2538 longam
2017 2500 2050 2526 et
2066 2493 2230 2526 dulcissi-

1248 2558 1339 2578 mam
1365 2546 1570 2578 concionem
1596 2546 1638 2577 1‘02
1656 2545 1803 2583 Messio,
1831 2553 1863 2579 et
1883 2547 1926 2577 de
1944 2545 2050 2577 modo
2069 2556 2108 2577 ac
2125 2544 2230 2576 bene-

2136 2592 2230 2628 Ecce

845 2642 979 2678 ibimus
1005 2645 1196 2681 vobiscum.
1245 2644 1334 2681 Rex
1352 2651 1435 2680 tuus
1455 2645 1560 2682 venit.
1596 2645 1759 2681 Affirmat
1775 2653 1962 2681 venturum
1981 2657 2052 2679 esse
2063 2644 2228 2679 Messiam

2362 1542 2366 1545 ·
2359 1432 2373 1525 ωιτν.
2369 1382 2370 1385 Α
