2379 2948
248 120 323 157 859

252 206 456 249 Antigonus
480 203 602 238 Asiam
632 200 826 241 minorem,
861 196 1052 243 Antipater
1075 196 1242 230 Macedo-

253 259 364 292 niam.

350 307 485 341 Natura
511 302 619 337 Pardi
642 302 697 335 vel
721 298 920 335 Pantherae
947 299 1110 333 convenit
1131 297 1243 331 Grae-

251 359 300 393 cis
325 356 496 400 ingeniis,
531 361 613 388 sunt
637 353 855 393 maculosae,
891 353 1103 394 fragrantes,
1137 348 1242 382 terri-

251 409 315 443 bili
340 407 467 452 capite‚
501 412 678 438 venantur
702 404 831 437 bestias
855 404 983 441 odore,
1010 408 1043 434 et
1069 400 1242 433 occultato

251 459 381 503 capite,
414 455 671 490 animosissime
702 454 874 488 dimicant
909 465 973 497 pro
1004 452 1094 485 natis
1127 457 1159 484 et
1186 462 1243 482 so-

252 511 353 550 bole,
379 508 478 542 nulla
503 507 571 541 tela
597 505 849 546 formidantes,
877 504 1069 548 capiuntur
1087 501 1169 534 vino
1188 500 1245 533 in-

254 561 422 594 ebriatae.

355 634 490 677 Quarta
508 631 616 665 b'estia
634 630 806 673 significat
821 629 1027 664 Romanum
1048 625 1247 670 imperium,

256 687 350 732 quod
383 684 552 728 significat
581 682 742 714 omnium
776 681 851 714 fore
882 677 1244 714 truculentissimum:

258 738 313 770 vel
337 736 419 782 quia
443 733 529 767 foris
544 732 738 766 difficilima
754 732 846 765 bella
864 731 986 774 gessit,
1014 729 1067 761 vel
1085 727 1165 772 quia
1183 725 1245 760 ha-

257 788 335 822 buit
353 786 506 831 plurima
524 783 641 817 civilia
659 783 762 823 bella,
790 783 843 815 vel
862 781 943 826 quia
961 780 1110 813 maxime
1127 777 1248 811 saeviit

257 841 295 872 in
312 836 505 872 Ecclesiam
518 861 526 875 ‚
553 834 608 866 vel
628 834 710 878 quia
731 833 862 866 delevit
877 838 1015 875 gentem
1033 830 1221 863 Iudaicam.

361 888 430 922 Sed
455 885 640 930 praecipue
659 885 878 917 observanda
896 889 945 916 est
965 881 1049 915 haec
1064 880 1249 925 particula,

259 940 354 985 quod
392 936 526 982 inquit:
578 934 775 969 Residuum
816 934 966 978 pedibus
1008 931 1248 966 conculcabat.

258 991 353 1025 Haec
380 989 515 1033 pictura
531 986 702 1029 significat
723 993 934 1030 postremam
959 983 1096 1028 imperii
1116 988 1249 1027 partem

261 1041 463 1075 habituram
489 1038 567 1081 plus
593 1037 811 1070 crudelitatis
835 1043 867 1070 et
890 1036 1140 1068 calamitatum.
1202 1031 1250 1066 Ut

261 1097 404 1137 apparet
421 1089 558 1123 ltaliam
584 1100 679 1121 nunc
703 1087 807 1121 annis
831 1088 903 1120 fere
921 1098 993 1118 non
1014 1084 1127 1128 gentis
1147 1083 1250 1115 mise-

262 1142 420 1178 rabiliter
459 1139 682 1173 dilaceratam
726 1150 818 1178 esse,
870 1137 1025 1182 primum
1065 1148 1082 1168 a
1115 1133 1251 1174 Gottis,

261 1192 427 1232 Graecis,
453 1196 572 1234 postea
596 1202 613 1222 a
633 1188 897 1232 Longohardis‚
926 1187 1055 1220 deinde
1078 1198 1096 1219 a
1123 1185 1252 1218 nostris

262 1242 541 1288 imperatoribua
566 1252 678 1285 usque
700 1241 742 1272 ad
768 1237 834 1272 hoc
858 1247 1014 1283 tempus,
1041 1236 1251 1274 Residuum‚

263 1296 299 1329 id
325 1301 393 1335 est,
428 1299 561 1336 partem
591 1291 730 1334 imperii
755 1290 946 1335 reliquam,
972 1288 1105 1328 Pedes,
1133 1288 1169 1319 id
1193 1294 1254 1327 est,

264 1344 433 1392 postremi
450 1343 695 1383 imperatores,
723 1342 872 1374 maxime
891 1339 1160 1374 conculcabunt.

369 1395 436 1429 Sed
462 1404 535 1426 non
560 1393 673 1426 solum
692 1392 989 1425 accommodanda
1010 1397 1059 1423 est
1077 1388 1253 1431 significa·

266 1449 316 1482 tio
335 1447 378 1480 ad
396 1444 533 1483 civilia,
560 1455 682 1476 verum
702 1443 803 1476 etiam
822 1443 864 1474 ad
884 1440 1090 1474 Ecclesiam.
1141 1437 1254 1480 Reges

266 1495 437 1543 postremi
460 1494 610 1527 maxime
635 1493 894 1526 conculcabunt
919 1490 1132 1529 Ecclesiam,
1166 1489 1255 1521 sicut

269 1551 339 1583 iam
363 1546 467 1581 annis
490 1544 659 1578 sexcentis
681 1551 845 1588 apparet,
871 1541 985 1585 Reges
1003 1552 1074 1574 esse
1090 1539 1256 1572 satellites

268 1598 501 1635 Pontificum,
527 1603 559 1629 et
582 1595 824 1628 crudelitatem
847 1591 1057 1626 horribilem
1079 1591 1116 1623 in
1134 1588 1257 1623 Eccle-

271 1652 356 1685 siam
377 1657 534 1682 exercere
552 1646 594 1679 ad
614 1645 853 1679 defensionem
871 1643 1065 1676 idolatriae.

371 1699 500 1733 Decem
533 1708 667 1730 cornua
694 1695 890 1738 significant
919 1693 1087 1726 maximas
1114 1690 1257 1734 provin-

271 1753 341 1787 cias
375 1747 530 1794 imperii,
574 1746 645 1780 Nec
674 1747 717 1780 de
755 1757 906 1779 numero
939 1743 1042 1777 anxie
1072 1743 1256 1786 disputan—

272 1805 357 1838 dum
383 1808 448 1840 est,
477 1797 695 1843 septenarius
720 1804 752 1830 et
779 1796 944 1830 denarius
968 1794 1093 1828 usitate
1117 1793 1151 1825 in
1172 1791 1258 1824 scri-

272 1853 387 1898 pturis
406 1850 602 1894 significant
621 1860 787 1891 magnum
808 1858 1005 1884 numerum,
1033 1851 1071 1877 ut
1090 1844 1127 1875 in
1144 1842 1257 1875 Hiob:

273 1903 333 1939 En
365 1902 478 1936 decies
508 1912 563 1932 me
588 1899 820 1932 confunditis.
888 1895 973 1930 Item
1000 1896 1036 1927 in
1064 1892 1259 1936 Evangelio

274 1951 406 1989 Matth.
425 1949 497 1986 25.:
535 1949 657 1984 Simile
682 1957 733 1983 est
758 1960 904 1992 regnum
932 1947 1111 1980 coelorum
1139 1946 1260 1977 decem

276 2004 487 2048 virginibus.
540 1999 712 2043 Intelligit
734 2000 842 2043 igitur
872 1999 980 2031 multa
1005 1996 1121 2040 ampla
1142 2006 1261 2038 regna,
1286 2011 1287 2033 ι

277 2069 317 2090 ac
335 2055 436 2100 plura
453 2063 557 2097 quarn
577 2051 773 2095 superiores
792 2047 1016 2082 monarchiae
1035 2045 1250 2081 habuerunt.

381 2104 450 2139 Sed
475 2110 591 2136 tamen
615 2102 642 2134 si
668 2103 746 2146 quis
771 2101 864 2133 volet
881 2110 1086 2138 numerare,
1114 2109 1187 2129 non
1207 2097 1260 2128 in-

280 2163 357 2201 epte
389 2154 536 2201 quadrat
562 2151 778 2186 enumeratio
805 2151 1034 2183 maximarum
1064 2147 1263 2191 provincia-

280 2220 378 2246 rum,
411 2212 451 2240 ut
485 2203 605 2244 Italia,
651 2201 845 2246 Hispania,
885 2199 1023 2238 Gallia,
1058 2197 1290 2238 Germania‚=

280 2258 485 2303 Illyricum,
532 2253 699 2292 Graecia,
746 2252 884 2291 Africa,
928 2248 1127 2295 Aegyptus,
1170 2247 1265 2288 Asia,
1290 2266 1291 2272 κ

282 2309 395 2354 Syria.
433 2305 509 2339 Hae
532 2306 674 2338 fuerunt
698 2303 932 2347 amplissimae
952 2300 1094 2343 imperii
1120 2301 1266 2342 provin-
1290 2291 1292 2331 l

283 2360 373 2399 ciac,
410 2370 449 2391 ac
485 2356 634 2399 singulis
660 2355 796 2387 vicinae
828 2359 942 2397 partes
968 2351 1149 2384 addendae
1174 2357 1267 2390 sunt,
1290 2339 1293 2382 l

284 2417 324 2443 ut
343 2408 484 2454 illyrico
501 2406 705 2444 Pannonia,
734 2403 903 2438 Graeciae
918 2401 1144 2436 Macedonia.

387 2480 556 2516 Exoritur
579 2488 694 2514 autem
718 2480 755 2512 in
779 2479 895 2512 fronte
918 2477 1040 2520 ingens
1067 2487 1177 2508 cornu
1205 2476 1269 2508 tri-
1292 2469 1294 2489 ¹

285 2535 352 2567 bus
375 2533 450 2565 aliis
474 2534 642 2566 cornibus
663 2531 808 2564 evulsis:
839 2528 876 2561 ld
899 2540 1009 2561 cornu
1027 2527 1075 2559 ait
1093 2527 1269 2570 potentius
1293 2508 1295 2543 l

285 2585 361 2617 fore
377 2583 518 2616 caeteris
536 2583 661 2616 vicinis
673 2609 682 2622 ,
709 2587 926 2614 mutaturum
943 2577 1149 2621 religionem
1164 2574 1269 2609 Chri-

287 2635 350 2672 sti,
377 2640 411 2666 et
431 2629 636 2668 habiturum
657 2634 815 2676 ingentes
832 2641 1026 2667 successus,
1055 2628 1267 2662 bellaturum

288 2696 365 2718 cum
385 2682 534 2718 Sanctis.

837 112 962 147 PHlL.
991 109 1106 146 MEL.
1136 107 1345 145 SCRIPTA
1372 105 1674 144 EXEGETICA.

2197 106 2271 141 869

1393 193 1489 227 Haec
1508 203 1647 226 necesse
1664 199 1713 226 est
1733 190 1882 235 intelligi
1898 191 1941 224 de
1956 202 2062 234 regno
2082 192 2200 240 aliquo
2217 204 2276 225 ex-

1292 252 1369 279 orto
1395 245 1433 277 in
1454 244 1683 288 dissipatione
1702 242 1885 277 Romanae
1909 239 2151 282 monarchiae,
2179 244 2275 288 quod

1293 304 1343 331 est
1366 296 1546 341 potentius
1568 294 1711 328 caeteris
1729 293 1864 337 regnis,
1891 299 1923 326 et
1939 291 2122 336 profitetur
2134 294 2276 336 religio-

1294 360 1373 380 nem
1393 359 1430 380 ac
1447 346 1644 380 doctrinam
1661 351 1877 390 pugnantem
1893 355 1971 376 cum
1981 341 2194 385 Evangelio,
2220 344 2277 377 in-

1293 398 1427 433 terfecit
1444 397 1611 437 Sanctos,
1640 403 1673 430 et
1691 393 1797 429 habet
1813 395 1972 438 ingentes
1990 404 2177 428 successus.

1394 456 1483 491 Cum
1513 464 1628 490 autem
1659 462 1794 489 constet
1819 454 1931 487 multo
1955 459 2035 486 ante
2060 452 2280 496 praeteriisse

1294 515 1451 552 tempus,
1493 520 1562 553 quo
1594 506 1757 541 Romana
1789 501 1996 539 monarchia
2029 503 2183 547 collapsa
2217 510 2280 542 est,

1295 557 1477 592 historiam
1505 558 1630 591 mundi
1648 558 1928 596 consideremus,
1954 562 1987 589 et
2004 566 2043 587 ex
2062 554 2137 597 ipso
2153 560 2280 587 eventu

1296 621 1475 643 sumamus
1492 609 1828 652 interpretationem.
1877 605 2086 640 Praesertim
2101 617 2179 638 cum
2195 602 2282 638 haec

1296 661 1369 705 ipsa
1400 660 1565 693 vaticinia
1595 659 1745 692 maxime
1776 658 1904 693 tradita
1930 656 2016 697 sint,
2052 662 2091 689 ut
2114 661 2282 688 moneant

1298 718 1330 744 et
1348 711 1556 744 confirment
1573 710 1666 754 pios,
1692 721 1844 755 quorum
1860 716 1952 742 aetas
1971 707 2096 740 incidit
2112 706 2148 738 in
2165 717 2204 739 ea
2222 718 2283 749 pe-

1298 762 1428 803 ricula,
1455 773 1543 807 quae
1569 760 1755 794 minitatur
1770 758 1947 794 Ecclesiae
1970 770 2063 790 nova
2087 757 2148 790 illa
2166 756 2283 790 domi-

1298 814 1414 853 natio,
1450 813 1566 846 oriens
1599 819 1677 856 post
1701 811 1890 856 collapsam
1915 809 2116 845 Romanam
2140 818 2284 842 monar-

1299 861 1426 898 chiam.

1403 939 1507 982 Quod
1533 945 1582 972 est
1606 944 1722 972 autem
1741 948 1888 980 regnum
1905 937 2020 970 statim
2037 941 2160 968 natum
2176 934 2285 968 colla-

1300 993 1404 1025 bente
1435 990 1597 1025 Romana
1629 986 1874 1026 mornarchia,
1914 997 2116 1032 proponens
2147 986 2286 1027 dogma,

1301 1043 1395 1088 quod
1428 1049 1545 1084 aperte
1577 1040 1871 1074 contumeliosum
1903 1044 1953 1071 est
1984 1037 2021 1069 in
2051 1035 2182 1069 Filium
2206 1035 2289 1075 Dei,

1301 1101 1335 1127 et
1360 1100 1478 1135 aperte
1501 1092 1618 1125 abolet
1643 1090 1853 1134 scripturam
1881 1085 2121 1133 propheticam
2144 1092 2177 1119 et
2201 1098 2288 1130 apo-

1302 1144 1479 1183 stolicam,
1517 1150 1549 1176 et
1574 1142 1665 1185 cogit
1691 1141 1799 1174 armis
1821 1140 1906 1173 alias
1930 1138 2062 1172 Gentes
2085 1137 2127 1169 ad
2155 1137 2289 1180 ample-

1303 1195 1466 1228 ctendam
1498 1205 1644 1233 novam,
1678 1191 1956 1225 commentitiam
1988 1196 2022 1223 et
2054 1187 2198 1232 impiam
2224 1187 2290 1220 do-

1303 1246 1472 1283 ctrinam,
1507 1251 1540 1278 et
1563 1243 1720 1288 potentia
1752 1242 1920 1275 omnibus
1948 1239 2065 1283 regnis
2087 1237 2290 1272 antecellit?

1302 1296 1374 1331 Res
1398 1295 1557 1340 loquitur
1581 1295 1654 1338 ipsa
1678 1294 1714 1326 id
1738 1305 1809 1326 esse
1834 1303 1981 1334 regnum
2000 1286 2291 1326 Mahometicum‚

1305 1345 1370 1380 hoc
1396 1353 1462 1386 est,
1491 1345 1738 1380 Saracenicum
1762 1350 1795 1377 et
1818 1342 2029 1377 Turcicum,
2061 1351 2142 1372 nam
2161 1338 2290 1372 Turci-

1305 1410 1383 1430 cum
1401 1403 1517 1429 ortum
1535 1402 1584 1428 est
1599 1407 1637 1428 ex
1655 1393 1863 1428 Saracenico
1875 1419 1884 1433 ‚
1913 1404 1974 1425 seu
1990 1402 2070 1433 pars
2086 1396 2145 1424 est.

1406 1454 1478 1488 Nec
1501 1454 1677 1487 admisceo
1702 1449 1785 1485 huic
1802 1452 1879 1484 loco
1896 1449 2111 1494 pontificiam
2129 1447 2292 1480 domina-

1305 1506 1454 1545 tionem,
1480 1517 1561 1537 nam
1579 1502 1663 1536 haec
1680 1503 1748 1535 alio
1768 1502 1843 1535 loco
1860 1500 2090 1539 describitur,
2117 1505 2155 1531 ut
2173 1504 2292 1541 postea

1306 1556 1481 1590 indicabo.
1534 1555 1596 1588 Fit
1618 1551 1676 1586 hic
1701 1553 1832 1586 mentio
1849 1551 1948 1595 regni
1970 1550 2077 1583 armis
2093 1547 2293 1587 constituti,

1305 1614 1339 1641 at
1362 1605 1558 1639 dominatio
1586 1603 1762 1648 pontificia
1788 1602 1983 1647 praestigiis
2014 1598 2294 1634 ceremoniarum

1308 1665 1341 1691 et
1366 1655 1545 1702 hypocrisi
1568 1655 1695 1695 crevit,
1724 1661 1757 1687 et
1780 1654 1888 1696 magis
1905 1651 2030 1685 alienis
2048 1650 2155 1684 armis
2172 1660 2293 1692 regum

1308 1720 1413 1753 quam
1438 1707 1511 1740 suis
1536 1705 1670 1739 munita
1697 1711 1758 1738 est.
1812 1703 1980 1749 Sequitur
2001 1708 2115 1735 autem
2133 1700 2223 1733 alius
2241 1700 2295 1732 lo-

1309 1770 1369 1792 cus
1393 1758 1504 1798 infra,
1532 1768 1635 1802 quem
1663 1768 1741 1788 cnm
1766 1754 1898 1788 Paulus
1921 1754 1964 1787 ad
1991 1751 2205 1797 pontificiam
2230 1751 2295 1783 do-

1309 1809 1539 1842 minationem
1574 1807 1780 1846 transferat,
1819 1817 1946 1851 sequar
1974 1810 2008 1837 et
2038 1814 2100 1846 ego
2132 1799 2295 1846 Apostoli

1310 1859 1635 1904 interpretationem
1656 1864 1694 1890 ut
1712 1858 1821 1891 decet.

1411 1917 1515 1951 Nunc
1539 1917 1581 1949 de
1603 1915 1770 1949 vaticinio
1795 1912 1900 1947 huius
1917 1912 1985 1946 loci
2002 1911 2114 1945 dicam
2133 1909 2297 1944 breviter·

1312 1968 1543 2003 Conveniunt
1564 1967 1604 1999 ad
1632 1965 1878 2000 Saracenicum
1905 1975 2062 2007 regnum.
2122 1960 2297 2005 Tempus,

1311 2019 1503 2058 Doctrina,
1532 2017 1693 2050 Potentia
1719 2023 1750 2049 et
1767 2015 1891 2049 Locus.

1414 2068 1467 2102 De
1491 2075 1646 2111 tempore
1669 2074 1773 2100 notae
1796 2072 1877 2099 sunt
1898 2062 2082 2098 historiae:
2119 2061 2191 2095 lam
2209 2059 2297 2094 Gal-

1315 2122 1398 2154 liam
1426 2119 1553 2153 Franci
1584 2118 1767 2160 tenebant,
1805 2115 1941 2149 ltaliam
1965 2112 2193 2156 Longobardi
2217 2123 2296 2145 cum

1288 2189 1290 2197 x
1316 2173 1352 2205 in
1379 2171 1514 2204 oriente
1537 2166 1762 2202 Mahometus
1786 2165 1943 2200 Heraclii
1969 2173 2126 2208 tempore
2153 2162 2298 2196 seditio-

1316 2235 1395 2255 nem
1426 2226 1543 2253 movet
1569 2219 1706 2252 circiter
1728 2229 1862 2251 annum
1889 2230 1907 2250 a
1933 2215 2041 2250 natali
2064 2212 2197 2248 Christi
2212 2212 2298 2248 623.

1316 2272 1523 2307 Collabente
1542 2270 1648 2312 igitur
1665 2266 1870 2302 monarchia
1879 2267 2041 2303 Romana
2051 2264 2298 2299 Saracenicum

1318 2335 1464 2367 regnum
1483 2321 1712 2354 constitutum
1731 2326 1800 2359 est,
1828 2326 1860 2353 et
1878 2319 2021 2365 quidem
2038 2315 2136 2349 brevi
2154 2325 2298 2357 magnae

1318 2376 1428 2408 factae
1446 2379 1529 2405 sunt
1546 2371 1770 2404 accessiones.

1418 2422 1587 2457 Doctrina
1605 2421 1817 2454 describitur
1834 2418 1869 2451 in
1883 2425 1981 2452 >textu
1996 2429 2074 2451 cum
2090 2415 2150 2456 ait,
2176 2412 2298 2449 Cornu

1319 2473 1449 2508 habere
1472 2473 1591 2506 oculos
1608 2470 1781 2512 hominis,
1808 2476 1894 2503 et-os
1910 2469 2058 2513 loquens
2074 2466 2237 2510 grandia,
2266 2473 2298 2499 et

1321 2524 1572 2559 contumeliosa
1591 2524 1626 2555 in
1648 2522 1770 2557 Deum.

1416 2574 1567 2608 <Constat
1586 2571 1847 2610 mahometum,
1875 2568 2037 2603 horribili
2055 2569 2199 2601 audacia
2214 2568 2299 2601 abo—

1322 2628 1392 2659 lere
1416 2625 1535 2658 omnia
1554 2621 1811 2667 Prophetarum
1836 2627 1869 2654 et
1884 2620 2137 2663 Apostolorum
2162 2618 2300 2661 scripta.

1321 2676 1384 2712 Est
1406 2684 1522 2710 autem
1545 2675 1763 2708 verissimum
1784 2679 1815 2706 et
1833 2671 2061 2716 praecipuum
2077 2670 2214 2714 signum
2232 2666 2302 2703 Ec·
