2379 2948
155 108 253 145 1209

293 196 635 243 Aryumentum
664 207 718 230 ac
746 195 1006 240 dispositio

443 262 604 303 Psalmi
634 261 861 304 CXXVII.

505 337 606 365 Grad
617 347 634 365 u
644 347 697 365 um
721 337 802 365 vni.

203 399 291 432 Nisi
307 398 494 433 Dominus
512 396 777 445 aedificaverit
799 396 972 438 domum,
997 395 1150 443 frustra

203 449 381 484 laborant
398 452 461 495 qui
478 447 683 496 aedificant
707 460 805 483 eam.
839 453 909 483 etc.

257 518 447 552 Generalis
478 517 601 552 concio
626 524 678 551 est
702 517 865 561 opposita
893 517 1006 550 coecis
1034 514 1151 550 homi-

152 581 240 602 num
257 569 418 607 iudiciis,
447 580 538 614 quae
564 569 703 613 fingunt
725 569 802 601 sine
824 566 898 601 Deo
919 566 1074 601 humana
1095 580 1150 602 sa-

151 621 304 665 pientia,
332 620 515 663 diligentia
544 626 578 654 et
594 620 823 665 apparatibus
851 632 950 663 posse
974 631 1029 653 res
1055 620 1151 653 salu-

151 678 244 706 tares
262 671 318 715 agi
336 672 373 704 in
392 671 571 715 lmperiis,
600 671 637 704 in
653 670 824 712 Ecclesia,
852 672 888 704 in
905 669 1150 706 Oeconomiis.

254 722 360 756 Hunc
381 735 537 756 errorem
554 734 656 768 saepe
673 730 767 757 taxat
790 735 857 755 vox
883 723 1026 764 divina,
1062 724 1151 756 sicut

151 772 303 808 Ioannes
338 774 473 820 inquit:
524 774 607 808 Non
638 782 752 818 potest
787 774 855 807 sihi
882 771 989 807 homo
1013 786 1151 807 sumere

151 825 362 870 quicquam,
388 826 457 858 nisi
476 827 598 859 datum
617 826 660 859 sit
680 826 711 860 ei
728 838 746 859 a
765 825 853 860 Deo.
907 823 955 858 Et
972 824 1150 858 Dominus

150 876 285 921 inquit:
309 876 396 911 Sine
414 889 470 910 me
487 876 580 911 nihil
600 878 745 922 potestis
769 878 892 910 facer«.
947 875 993 910 Et
1011 877 1151 920 sapien-

150 927 200 961 tia
222 926 288 961 Dei
316 929 411 973 apud
434 928 663 963 Salomonem
697 929 831 974 inquit:
874 927 986 961 Penes
1015 941 1070 961 me
1101 935 1151 962 est

150 979 342 1013 consilium
375 986 408 1013 et
433 991 624 1016 successus.
692 980 751 1014 Sic
785 980 893 1023 igitur
923 987 1005 1014 sunt
1036 980 1150 1013 felicia

150 1031 299 1064 consilia
316 1038 348 1064 et
368 1032 526 1073 labores,
552 1044 631 1065 cum
652 1030 750 1065 Deus
774 1043 839 1064 nos
863 1031 1020 1067 adiuvat.
1074 1030 1151 1065 Ad-

151 1081 252 1116 iuvat
275 1089 393 1116 autem
420 1084 624 1117 laborantes
650 1083 746 1116 iuxta
775 1083 1018 1124 vocationem,
1045 1090 1077 1116 et
1094 1083 1151 1115 in-

150 1141 318 1168 vocantes
337 1135 465 1179 ipsum,
483 1135 580 1169 iuxta
599 1135 732 1168 dictum
746 1134 896 1167 Psalmi:
928 1133 1149 1168 Commenda

151 1182 227 1219 Deo
246 1185 338 1218 viam
357 1193 476 1227 tuam,
510 1194 542 1220 et
558 1198 657 1231 spera
677 1187 715 1219 in
734 1198 836 1230 eum,
866 1193 898 1220 et
919 1185 992 1230 ipse
1010 1186 1123 1220 faciet.

254 1236 357 1270 Hanc
389 1238 597 1282 sapientiam
624 1238 800 1270 discamus
830 1250 870 1270 ex
899 1235 967 1270 hoc
990 1236 1150 1271 Psalmo:

150 1287 306 1331 primum
333 1296 478 1335 propter
503 1288 652 1333 gloriam
670 1287 749 1323 Dei.

253 1338 394 1374 Deinde
413 1348 451 1374 ut
471 1341 642 1380 sciamus,
674 1341 856 1385 quomodo
879 1340 1053 1384 regendae
1079 1339 1151 1373 sint

150 1390 306 1424 actiones
323 1398 484 1433 nostrae,
517 1391 704 1433 videlicet,
734 1400 958 1426 coerceamus
976 1403 1041 1424 nos
1057 1392 1150 1424 iutra

149 1449 261 1476 metas
279 1443 496 1485 vocationis,
521 1449 555 1476 et
572 1442 609 1475 in
625 1454 663 1476 ea
681 1443 894 1484 serviamus,
919 1450 951 1476 et
966 1443 1070 1475 simul
1089 1454 1151 1486 pe—

150 1501 267 1528 tamus
291 1495 464 1529 auxilium
489 1492 618 1533 aDe0‚
660 1501 694 1528 et
714 1507 856 1528 oremus
880 1507 945 1527 nos
969 1494 1045 1527 fieri
1068 1506 1149 1527 vasa

150 1545 417 1579 misericordiae
455 1553 489 1580 et
513 1557 647 1588 organa
677 1546 845 1580 salutaria
873 1546 978 1580 nobis
1005 1552 1039 1579 et
1061 1546 1150 1578 aliis.

150 1596 359 1632 Intueamur
383 1597 487 1630 etiam
512 1597 758 1637 collationem,
791 1597 948 1639 Agamus
972 1596 1047 1630 Deo
1071 1608 1151 1639 gra-

150 1649 237 1689 tias,
263 1649 359 1693 quod
377 1648 492 1681 vocati
510 1658 632 1681 sumus
648 1648 692 1680 ad
711 1647 849 1680 labores
869 1646 944 1680 Deo
962 1647 1151 1691 placentes,

151 1707 187 1734 et
204 1701 247 1732 ad
267 1700 486 1743 agnitionem
505 1699 628 1743 ipsius,
650 1711 714 1732 nec
733 1699 938 1742 frangamus
957 1710 1022 1731 nos
1038 1698 1149 1731 inuti-

150 1752 248 1785 libus
275 1750 583 1790 contentionibus,
613 1749 704 1784 sicut
729 1749 902 1790 Pericles,
936 1747 1151 1784 Demosthe-

152 1815 217 1837 nes
240 1810 273 1836 et
297 1803 358 1836 alii
384 1801 677 1836 innumerabiles.
743 1799 791 1835 Et
820 1813 921 1845 saepe
951 1808 1151 1845 repetamus

151 1852 240 1888 haec
263 1855 374 1888 dicta:
409 1853 492 1888 Scio
519 1853 695 1894 Domine,
729 1865 801 1886 non
829 1860 878 1886 est
911 1850 1067 1886 hominis
1095 1853 1150 1885 via

152 1906 247 1946 eius,
278 1907 312 1938 id
333 1912 400 1946 est,
440 1918 514 1939 non
537 1905 610 1938 sola
640 1902 828 1938 hominum
859 1903 1043 1947 diligentia
1075 1904 1151 1937 sine

152 1957 285 1992 auxilio
310 1956 377 1990 Dei
407 1964 522 2002 potest
546 1968 648 2000 agere
685 1956 864 1990 salutaria.
928 1954 1032 1988 Item:
1066 1955 1151 1990 Sine

153 2020 211 2042 me
230 2007 324 2043 nihil
346 2008 492 2054 potestis
511 2009 637 2041 facere.
691 2006 738 2042 Et
756 2006 1030 2040 consolationes:
1062 2006 1152 2040 Ecce

155 2071 219 2103 ego
238 2061 423 2094 vobiscum
445 2072 522 2094 sum
541 2071 653 2105 usque
672 2060 716 2093 ad
736 2059 1080 2092 consummationem
1098 2070 1152 2091 se-
1176 2045 1180 2122 ὶ

155 2111 239 2147 culi.
295 2110 401 2145 Item:
434 2110 655 2146 Commenda
667 2110 743 2146 Deo
760 2110 853 2143 viam
872 2117 980 2151 tuam,
1004 2117 1035 2144 et
1051 2122 1151 2154 spera

157 2163 195 2195 in
211 2174 310 2203 eum,
340 2169 375 2197 et
389 2163 463 2206 ipse
488 2163 603 2197 faciet.

262 2221 403 2255 Primus
427 2234 548 2256 versus
574 2221 772 2267 propositio
799 2227 865 2255 est:
905 2219 991 2255 Sine
1021 2220 1153 2255 auxilio
1178 2231 1181 2243 ¹

155 2271 236 2308 Dei
252 2281 335 2307 sunt
351 2273 445 2307 irriti
461 2280 608 2308 conatus
624 2271 785 2308 humani.

261 2333 448 2368 Secundus
475 2345 598 2367 versus
620 2333 808 2379 explicatio
838 2340 907 2374 est,
940 2331 1155 2379 hypotyposi

751 107 816 145 IX.
865 105 1236 143 COMMENTARH
1266 105 1317 141 IN
1345 105 1591 143 PSALMOS.

2102 106 2199 143 1210

1208 192 1353 227 adiuvat
1376 193 1489 235 Deus,
1530 191 1586 227 his
1618 193 1676 227 dat
1702 192 1877 226 secundos
1900 198 2066 234 eventus,
2100 199 2132 226 et
2160 190 2199 225 hi

1208 257 1281 277 non
1305 245 1561 278 contabescunt
1579 245 1824 286 solicitudine,
1858 250 1897 277 ut
1912 243 2046 286 David,
2073 242 2200 289 Cyrus,

1209 296 1429 337 Alexander,
1458 295 1598 340 Scipio,
1626 296 1720 330 inter
1744 307 1900 329 summos
1926 301 1959 329 et
1983 295 2200 328 difficilimos

1209 348 1347 381 labores
1363 353 1481 380 tamen
1501 347 1681 392 quiescere
1695 353 1861 391 possunt,
1896 353 1929 380 et
1954 345 2081 390 repetit
2103 345 2200 379 affir-

1209 399 1375 432 mativam
1408 398 1706 442 propositionem:
1742 395 1845 431 Filii
1871 401 1958 430 sunt
1985 393 2200 430 haereditas

1209 448 1302 491 Dei,
1329 450 1366 483 id
1386 455 1455 489 est,
1483 450 1566 482 felix
1581 450 1742 488 soboles,
1769 449 1888 482 felices
1903 446 2123 489 scholastici,
2147 448 2199 481 fe-

1208 502 1290 535 lices
1306 501 1531 544 magistratus
1549 507 1632 534 sunt
1648 501 1785 534 donum
1801 500 1881 536 Dei.
1937 497 2100 534 Fructus
2119 509 2202 532 ven-

1207 551 1274 586 tris
1291 557 1342 586 est
1362 562 1513 591 merces,
1542 552 1577 585 id
1598 558 1670 594 est,
1702 552 1787 585 felix
1803 551 1942 585 soboles
1959 558 2009 585 est
2027 551 2198 597 quiddam

1207 606 1327 639 datum
1344 616 1362 637 a
1380 603 1468 638 Deo.

1308 655 1468 699 Quartus
1487 665 1609 687 versus
1627 653 1825 687 similitudo
1850 660 1916 687 est:
1953 650 2056 687 Sicut
2078 651 2199 699 sagit-

1207 712 1264 740 tae
1283 703 1412 740 valida
1431 718 1547 739 manu
1572 708 1757 738 contortae
1774 704 1923 752 sariunt
1946 708 2099 746 melam,
2140 715 2201 738 nec

1206 756 1475 805 impediuntur,
1503 757 1552 790 sic
1580 754 1645 790 hos
1671 757 1817 789 iuvenes
1835 756 1955 789 felices
1978 755 2071 789 nulli
2093 767 2201 789 cona-

1206 818 1262 845 tus
1294 808 1470 850 hostium,
1509 808 1608 842 nulla
1634 808 1891 852 impedimenta
1915 807 2115 851 reprimunt
2143 807 2200 839 vel

1206 868 1389 902 evertunt,
1406 867 1444 894 ut
1462 859 1667 893 Alexander
1682 859 1807 893 volitat
1827 870 1889 903 per
1908 857 2047 900 Asiam,
2071 865 2105 892 et
2118 857 2202 891 nul-

1208 914 1262 947 lae
1280 914 1406 950 urbes,
1433 912 1526 944 nulli
1543 911 1715 944 exercitus
1732 922 1812 943 eum
1831 910 2024 954 reprimere
2042 916 2201 954 possunt.

1310 964 1469 1007 Quintus
1492 974 1614 996 versus
1636 960 1890 1007 epiphonema:
1919 960 2025 995 Beata
2045 967 2095 994 est
2111 960 2200 995 civi-

1208 1025 1277 1057 taS,
1305 1016 1362 1049 cui
1380 1015 1467 1049 tales
1484 1015 1739 1058 gubernatores
1757 1014 1815 1046 dat
1830 1011 1947 1054 Deus,
1983 1023 2064 1056 ergo
2090 1023 2202 1055 agno-

1206 1079 1343 1101 scamus
1376 1067 1452 1101 sine
1480 1065 1615 1099 auxilio
1636 1065 1701 1099 Dei
1734 1064 1870 1098 nullam
1904 1063 2200 1107 gubernationem

1207 1120 1345 1152 felicem
1363 1130 1447 1151 esse.
1501 1116 1682 1150 Hactenus
1699 1115 1861 1149 doctrina
1879 1115 2025 1149 recitata
2043 1121 2112 1155 est,
2130 1114 2199 1148 iam

1206 1171 1407 1204 consideret
1423 1169 1533 1202 lector
1549 1169 1729 1214 quomodo
1753 1168 1797 1200 ad
1822 1178 1924 1200 usum
1949 1167 2198 1199 transferenda

1207 1223 1270 1263 sit,
1305 1228 1338 1255 et
1355 1221 1416 1266 qui
1434 1220 1578 1253 effectus
1595 1219 1694 1264 sequi
1711 1219 1883 1260 debeant,
1916 1217 2101 1259 videlicet,
2135 1216 2202 1250 Ti-

1208 1286 1286 1307 mor
1305 1273 1391 1313 Dei,
1425 1284 1469 1304 ne
1486 1282 1695 1304 moveamus
1721 1270 1857 1315 aliquid
1885 1276 2009 1303 contra
2033 1269 2201 1302 mandata

1208 1323 1291 1365 Dei,
1318 1324 1375 1357 vel
1392 1330 1487 1357 extra
1507 1322 1748 1362 vocationem,
1793 1321 1876 1366 quia
1893 1321 2023 1354 talibus
2042 1319 2202 1353 consiliis

1207 1378 1415 1409 adversatur
1442 1373 1549 1408 Deus.
1604 1372 1744 1406 Deinde
1768 1372 1853 1405 fides
1877 1378 1913 1405 et
1936 1371 2134 1412 invocatio,
2162 1383 2202 1404 ac

1208 1427 1329 1471 petitio
1345 1425 1487 1466 auxilii,
1515 1425 1551 1457 in
1570 1423 1612 1457 iis
1630 1424 1807 1467 negociis,
1842 1435 1932 1468 quae
1949 1423 2116 1456 mandato
2134 1420 2202 1456 Dei

1205 1485 1238 1512 et
1255 1479 1351 1512 iuxta
1369 1476 1592 1511 vocationem
1611 1475 1866 1519 suscipiuntur.
1920 1472 1973 1507 De
1994 1473 2124 1519 quibus
2149 1480 2202 1507 te-

1207 1531 1322 1564 nenda
1342 1537 1392 1563 est
1418 1528 1539 1572 regula
1565 1539 1667 1571 saepe
1694 1526 1857 1571 repetita:
1885 1523 2106 1559 Commenda
2125 1523 2202 1559 Deo

1207 1582 1298 1614 viam
1316 1588 1413 1614 tuam
1426 1607 1436 1621 ,
1463 1585 1496 1612 et
1516 1590 1616 1623 spera
1635 1578 1672 1610 in
1691 1590 1791 1617 eum,
1819 1584 1852 1611 et
1868 1577 1942 1622 ipse
1959 1576 2075 1611 faciet.

1345 1675 1765 1720 Ar91c7nentumac
1795 1670 2058 1715 dispositio

1477 1731 1638 1773 Psalmi
1677 1729 1928 1772 CXXVIII.

1566 1805 1763 1833 Graduum
1788 1803 1840 1832 lx.

1255 1860 1400 1892 Beatus
1427 1860 1548 1892 omnis
1576 1859 1639 1902 qui
1667 1859 1779 1891 timet
1807 1858 2031 1901 Dominum,
2072 1859 2110 1890 et
2139 1858 2201 1901 qui

1255 1912 1295 1945 in
1322 1912 1396 1944 viis
1421 1911 1504 1943 eius
1532 1908 1713 1943 ambulat.

1308 1978 1472 2011 psalmus
1489 1984 1541 2011 est
1557 1976 1806 2011 oeconomicus
1823 1977 1973 2014 docem,
2009 1975 2124 2020 qualis
2142 1985 2204 2007 oe-

1206 2031 1368 2064 conomia
1387 2028 1463 2062 Deo
1490 2030 1643 2073 placeat,
1679 2035 1712 2062 et
1735 2029 1779 2062 sit
1804 2028 1908 2069 felix,
1946 2026 2129 2067 videlicet,
2164 2026 2202 2059 in

1206 2094 1274 2127 qua
1302 2088 1465 2114 servatur
1496 2078 1583 2114 haec
1614 2081 1707 2114 vitae
1739 2080 1878 2123 regula,
1922 2077 2041 2112 Milita
2069 2078 2199 2110 bonam

1208 2133 1393 2173 militiam,
1430 2130 1566 2165 habens
1583 2132 1687 2165 fidem
1714 2139 1747 2166 et
1774 2132 1904 2164 bonam
1934 2127 2200 2162 conscientiam.

1207 2185 1368 2218 Primum
1388 2184 1503 2217 luceat
1519 2184 1557 2216 in
1574 2183 1827 2228 patrefamilias
1843 2182 1948 2221 fides,
1976 2187 2008 2214 et
2027 2180 2072 2214 sit
2096 2179 2134 2212 in
2161 2191 2202 2212 eo

1207 2237 1316 2271 timor
1334 2235 1424 2276 Dei,
1460 2236 1494 2268 id
1521 2241 1592 2275 est,
1629 2233 1833 2268 obedientia
1857 2233 2052 2265 secundum
2080 2231 2203 2264 omnia

1210 2293 1414 2333 praecepta,
1450 2294 1482 2320 et
1500 2286 1628 2319 serviat
1646 2286 1683 2318 in
1706 2296 1768 2318 sua
1794 2283 1991 2317 vocatione.
2045 2281 2127 2315 Tali
2151 2283 2205 2315 fa-

1210 2339 1329 2373 miliae
1343 2338 1596 2383 promissiones
1612 2335 1678 2370 hoc
1696 2337 1775 2369 loco
1800 2341 2069 2379 proponuntur,
2103 2333 2204 2367 labo-

157 2385 362 2420 describens
386 2384 651 2419 solicitudinem
677 2392 713 2419 et
736 2385 916 2428 angustias
942 2384 1056 2418 animi
1080 2384 1155 2417 sine
1179 2392 1183 2432 ᾗ
1209 2403 1266 2426 res
1283 2397 1389 2424 erunt
1407 2390 1542 2429 felices,
1577 2387 1781 2431 coniugium
1806 2385 2041 2432 tranquillum
2068 2391 2102 2419 et
2128 2385 2204 2418 soe-

156 2436 233 2472 Deo
260 2448 386 2481 magna
419 2436 593 2470 conantis.

159 2541 389 2575 solicitudine
408 2552 536 2585 panem
557 2540 672 2574 edere.

261 2599 407 2634 Tertius
432 2610 554 2632 versus
578 2595 766 2632 antithesis
784 2605 819 2632 et
843 2599 1051 2633 affirmativa
1076 2610 1157 2632 sen-

657 2435 815 2470 Labores
844 2437 937 2471 irriti
967 2442 1051 2470 sunt
1079 2435 1156 2469 sine
1180 2434 1183 2484 ζ

155 2488 234 2524 Deo
253 2500 357 2522 mane
374 2499 530 2532 surgere,
558 2499 637 2522 sero
655 2488 815 2522 cubitum
834 2489 897 2530 ire,
919 2495 953 2523 et
970 2488 1009 2521 in
1029 2499 1155 2531 magna
1180 2490 1183 2505 ¹

1210 2443 1367 2477 cundum
1379 2467 1394 2484 ‚
1431 2448 1463 2474 et
1480 2441 1542 2474 tali
1560 2439 1715 2473 familiae
1728 2465 1736 2480 ,
1771 2446 1804 2473 et
1821 2437 2018 2482 posteritati
2039 2436 2114 2470 eius
2131 2447 2205 2470 ser-

1212 2495 1354 2528 vabitur
1372 2492 1514 2537 publica
1531 2490 1688 2525 Ecclesia
1706 2498 1739 2524 et
1756 2490 1880 2535 patria.

1313 2543 1387 2578 Iam
1419 2543 1531 2586 cogita
1555 2549 1686 2588 quanta
1712 2541 1918 2585 magnitudo
1946 2546 1980 2573 et
2004 2538 2202 2584 amplitudo

1209 2597 1255 2631 sit
1273 2594 1402 2629 horum
1424 2595 1624 2632 bonorum,
1660 2594 1704 2627 de
1731 2593 1861 2638 quibus
1884 2590 1942 2625 hic
1966 2591 2116 2632 dicitur,
2150 2590 2204 2622 vi-

157 2652 268 2686 tentia
292 2658 359 2685 est:
395 2650 473 2685 Deo
504 2651 649 2684 iuvante
675 2661 795 2683 sumus
821 2662 952 2694 organa
977 2649 1157 2685 salutaria,
1180 2665 1183 2679 l
1210 2648 1356 2687 delicet,
1391 2645 1613 2680 conservatio
1640 2645 1771 2689 privati
1794 2651 1826 2678 et
1848 2643 1986 2689 publici
2010 2649 2137 2681 status,
2170 2646 2204 2673 et

158 2701 266 2738 Deus
299 2700 364 2737 dat
391 2700 535 2737 dilectis
559 2700 638 2735 suis
667 2712 853 2744 somnum,
891 2701 929 2735 id
959 2708 1030 2744 est,
1067 2712 1157 2747 quos
1179 2689 1183 2743 ἶ
1209 2698 1408 2740 Ecclesiae,
1449 2697 1488 2731 in
1514 2709 1584 2743 qua
1605 2697 1770 2731 incoatur
1793 2695 1864 2730 vita
1891 2702 2045 2729 aeterna.

2106 2691 2205 2726 Haec
