2379 2948
127 130 224 166 1149

120 219 265 262 propter
286 202 493 257 karitatem,
522 216 557 249 id
579 222 647 257 est,
675 216 735 250 das
753 216 937 250 victoriam
957 228 1047 260 quae
1064 224 1114 251 est

122 267 260 310 signum
283 274 317 300 et
340 268 526 308 vexillum,
551 280 621 312 quo
645 268 846 310 agnoscitur
870 274 928 300 tua
949 279 1114 310 praesen-

121 318 180 359 tia,
209 325 240 351 et
257 331 326 363 quo
342 319 441 362 signo
459 319 597 351 sublato
613 318 841 351 confirmatur
856 318 941 350 fides
956 318 994 350 in
1012 326 1112 352 coetu

120 369 273 412 piorum.
334 368 382 403 Ut
412 370 463 413 pii
497 376 680 412 conspecta
712 369 922 402 liberatione
953 369 992 401 in
1025 371 1113 402 mari

119 420 228 454 rubro
257 420 498 460 laetabantur,
534 426 567 453 et
593 419 897 453 confirmabantur
922 416 990 453 hoc
1015 421 1114 454 testi-

119 471 241 505 monio
260 471 476 515 praesentiae
493 469 571 504 Dei.

220 529 333 564 Causa
355 531 463 574 igitur
483 536 533 563 est
555 529 806 562 liberationum
825 530 959 574 prima,
983 537 1022 564 ut
1040 542 1112 563 ser-

119 587 220 615 vetur
236 581 392 615 Ecclesia
411 593 455 614 ne
473 580 636 614 funditus
655 580 816 615 intereat.

220 639 358 674 Deinde
376 638 481 673 huius
497 639 719 673 liberationis
736 647 895 673 autorem
912 641 987 674 vult
1003 653 1111 684 agno-

119 692 168 725 sci
193 689 307 730 Deus,
336 698 368 724 et
394 692 484 724 sicut
506 691 702 734 praecepit,
731 702 766 724 se
791 692 950 724 invocari
976 699 1009 725 et
1032 704 1050 725 a
1077 704 1112 725 se

118 742 292 787 expectari
311 742 499 782 auxilium,
526 748 566 775 ut
584 741 759 775 discamus
778 754 841 775 nos
860 743 890 775 ei
907 755 1009 776 curae
1027 755 1111 783 esse,

118 806 182 827 nec
215 793 453 827 existimemus
483 799 542 825 aut
576 803 678 836 casu,
723 799 783 826 aut
810 790 966 838 physicis
998 794 1111 827 causis

117 844 234 877 omnia
259 844 346 878 fieri.
403 843 452 877 Ita
476 856 554 877 cum
583 855 684 887 opem
704 844 805 884 tulit,
832 845 907 878 vult
925 856 990 877 nos
1008 845 1109 878 fateri

117 907 151 928 se
176 896 293 927 adesse
312 893 510 936 Ecclesiae,
536 901 568 928 et
589 892 654 927 hac
676 895 743 927 fide
768 901 799 927 et
817 906 875 939 spe
893 896 1110 937 confirmata,

115 945 191 978 vult
215 957 279 978 nos
301 946 339 978 in
362 946 516 978 ferendis
540 945 723 978 laboribus
746 946 917 986 docendi,
944 954 976 980 et
992 948 1109 979 omni-

115 997 180 1030 bus
198 996 362 1041 periculis
379 996 610 1030 confessionis
628 997 886 1030 constantiores
904 1008 986 1032 esse.

215 1064 308 1099 Sunt
326 1065 433 1108 igitur
450 1077 571 1099 causae
586 1065 708 1098 finales
726 1066 968 1109 liberationis,
997 1073 1035 1099 ut
1052 1066 1106 1098 di-

112 1116 169 1160 xi,
197 1123 236 1149 ut
262 1123 421 1149 servetur
438 1114 613 1157 Ecclesia,
642 1123 681 1150 ut
695 1123 906 1160 agnoscatur
922 1115 989 1149 Dei
1007 1129 1106 1160 prae-

113 1167 243 1208 sentia,
269 1174 302 1200 et
320 1174 357 1200 ut
376 1168 460 1200 fides
477 1167 718 1203 confirmetur.
771 1167 840 1202 Sed
858 1179 959 1201 causa
977 1168 1107 1211 impul-

113 1219 186 1251 siva
203 1218 240 1251 in
258 1218 439 1252 voluntate
450 1216 518 1252 Dei
535 1225 603 1259 est,
631 1230 693 1251 cur
707 1218 822 1259 iuvet,
849 1226 887 1252 ut
905 1219 1108 1252 testificetur

113 1270 156 1302 de
186 1269 348 1302 veritate:
385 1269 467 1314 quia
500 1269 589 1302 sicut
619 1270 662 1302 ab
686 1269 788 1302 initio
814 1268 910 1302 Deus
935 1270 1106 1303 immensa

112 1320 354 1353 misericordia
380 1320 492 1353 edidit
517 1320 803 1364 promissionem:
832 1320 880 1353 ita
899 1320 1027 1353 deinde
1045 1332 1105 1353 sua

111 1371 270 1404 bonitate
294 1377 327 1403 et
350 1371 507 1414 potentia
526 1367 709 1415 prohibet,
739 1382 784 1403 ne
801 1383 869 1403 vox
887 1383 906 1403 a
925 1383 960 1403 se
976 1371 1105 1404 tradita

112 1421 232 1465 generi
250 1418 407 1454 humano
426 1421 660 1464 extinguatur.
714 1420 885 1454 Videmus
901 1422 1104 1466 principum

111 1474 267 1511 furores,
296 1479 329 1506 et
353 1472 478 1517 populi
503 1472 692 1506 stulticiam
718 1478 751 1505 et
775 1472 1046 1515 negligentiam,
1074 1479 1106 1506 et

110 1524 273 1556 videmus
304 1524 411 1557 factas
437 1534 510 1556 esse
535 1523 750 1556 mutationes
774 1520 995 1557 ethnicarum
1023 1524 1105 1556 reli-

110 1575 257 1617 gionum
281 1575 439 1614 crebras,
465 1575 510 1608 ita
536 1586 600 1607 nec
625 1574 786 1607 doctrina
808 1572 995 1617 Evangelii
1020 1587 1104 1607 con-

109 1625 242 1658 servari
267 1631 401 1669 posset,
434 1625 502 1657 nisi
524 1623 620 1658 Deus
642 1636 717 1657 eam
740 1631 773 1658 et
796 1632 1038 1666 conservaret,
1073 1632 1105 1658 et

111 1677 262 1710 subinde
292 1677 511 1716 restitueret,
549 1675 586 1708 in
611 1672 702 1708 hanc
727 1676 937 1709 sententiam
965 1673 1022 1709 hie
1049 1676 1103 1708 in-

110 1727 205 1773 quit,
233 1727 377 1760 liberari
396 1725 589 1760 Ecclesiam
608 1738 652 1759 ne
669 1726 797 1760 veritas
815 1726 1051 1770 extinguatur.

212 1785 371 1829 Quintus
387 1797 508 1820 versus
524 1785 686 1830 repetitio
703 1792 754 1819 est
771 1786 995 1830 precationis.

212 1845 339 1880 Sextus
362 1858 481 1880 versus
504 1845 694 1889 gratulatio
713 1852 780 1886 est,
808 1857 897 1890 quae
913 1852 1031 1878 narrat
1051 1845 1103 1878 vi—

109 1897 255 1938 ctorias,
283 1904 315 1930 et
338 1897 458 1931 miscet
485 1896 735 1941 promissiones
759 1897 917 1937 divinas,
945 1897 1025 1941 quia
1050 1897 1103 1929 vi-

110 1948 241 1982 ctoriae
267 1960 340 1981 non
365 1948 479 1981 solum
500 1955 645 1992 propter
662 1959 726 1980 nos
744 1947 856 1991 ipsos,
883 1954 943 1981 aut
959 1954 1103 1991 propter

109 2006 229 2032 nostra
255 2000 439 2032 commoda
465 1999 678 2043 expetendae
704 2005 805 2037 sunt,
833 1999 890 2032 sed
917 1999 1102 2042 praecipue

109 2050 313 2084 referendae
337 2056 420 2084 sunt
445 2051 489 2083 ad
514 2047 610 2083 hunc
634 2050 760 2089 finem,
789 2056 827 2083 ut
850 2050 969 2094 plures
993 2061 1099 2092 agno-

108 2107 208 2135 scant
230 2100 362 2142 Deum,
391 2108 423 2135 et
447 2102 533 2135 fiant
557 2102 714 2135 membra
739 2107 899 2134 aeternae
924 2099 1101 2134 Ecclesiae

109 2152 187 2187 Dei.
240 2150 317 2185 Hae
341 2151 508 2186 victoriae
532 2158 613 2186 sunt
631 2164 711 2186 vere
728 2152 901 2195 gloriosae
919 2158 949 2184 et
970 2150 1100 2185 saluta—

109 2214 184 2243 res,
211 2214 300 2247 quae
325 2209 357 2236 et
381 2204 625 2246 gubernantur
645 2203 879 2248 promissione
898 2203 1039 2243 divina,
1068 2211 1100 2237 et

108 2255 152 2287 ad
178 2252 273 2287 hunc
295 2254 399 2287 finem
419 2255 640 2295 referuntur,
667 2262 705 2288 ut
723 2255 841 2298 plures
857 2254 971 2288 Deum
991 2266 1099 2297 agno·

110 2312 218 2341 scant.
289 2303 372 2338 Ideo
401 2305 532 2350 inquit:
572 2303 678 2338 Deus
708 2303 872 2353 loquitur
904 2305 942 2338 in
972 2309 1100 2338 sancio

108 2368 196 2397 suo,
223 2356 259 2388 id
283 2363 351 2396 est,
378 2355 415 2388 in
431 2357 630 2390 sanctuario
648 2368 729 2390 suo:
759 2355 825 2390 hoc
841 2363 909 2395 est,
938 2368 1001 2399 ago
1019 2368 1098 2399 gra-

108 2408 173 2441 tias
182 2406 257 2441 Deo
274 2407 367 2453 quod
379 2405 570 2441 Ecclesiam
586 2407 756 2449 condidit,
778 2409 873 2453 quod
891 2408 1000 2441 edidit
1016 2420 1098 2452 pro-

107 2459 310 2492 missionem
343 2458 494 2501 gratiae‚
530 2465 563 2491 et
587 2456 678 2492 hanc
702 2459 795 2493 inter
820 2471 885 2493 nos
911 2465 1030 2497 sonat,
1066 2466 1098 2492 et

107 2521 173 2543 nos
206 2511 249 2543 ad
281 2516 459 2543 aeternam
491 2509 689 2543 societatem
722 2517 839 2544 vocat:
874 2522 938 2553 ago
970 2510 1097 2554 gratias

108 2561 213 2595 etiam
229 2572 293 2605 pro
311 2558 377 2594 hoc
394 2560 564 2604 singulari
581 2560 763 2599 beneficio,
785 2562 879 2606 quod
897 2559 988 2595 hanc
1005 2562 1098 2606 poli-

107 2612 190 2645 tiam
216 2619 250 2646 et
276 2613 462 2646 constituit
486 2619 519 2646 et
544 2618 678 2649 servat,
705 2618 743 2644 ut
761 2612 804 2645 sit
822 2610 1014 2656 hospitium
1032 2614 1097 2646 do-

107 2663 257 2704 ctrinae,
281 2669 314 2696 et
334 2665 438 2697 nobis
458 2676 559 2707 opem
583 2663 648 2696 sert
665 2662 701 2694 in
720 2663 843 2706 hellis,
871 2675 914 2696 ne
933 2661 1017 2696 haec
1032 2677 1095 2708 po-

106 2713 180 2748 litia
206 2714 376 2750 deleatur.
429 2714 507 2750 Hoc
532 2716 619 2748 duce
637 2713 772 2758 partior
789 2711 950 2755 Sichem,
978 2715 1011 2747 id
1033 2722 1094 2756 est,

726 130 787 166 IX.
841 128 1206 168 COMMENTARII
1231 130 1282 166 IN
1309 129 1552 169 PSALMOS.

2062 139 2159 175 1150

1141 224 1143 229 ’
1167 215 1235 251 hoc
1257 218 1346 251 duce
1369 218 1544 253 vincimus
1563 226 1596 254 et
1611 220 1802 255 retinemus
1820 219 2009 257 honestum
2028 231 2156 259 statum

1167 268 1205 301 in
1222 269 1363 313 oppidis
1383 271 1511 303 nostris
1532 277 1564 304 et
1582 272 1719 305 vicinis.

1270 327 1440 362 Nominat
1464 336 1578 362 autem
1603 329 1762 372 Sichem,
1793 333 1875 376 quia
1900 334 2034 376 gratior
2060 335 2157 368 locus

1168 386 1238 420 est,
1264 380 1358 424 quod
1382 379 1487 412 fuerit
1512 378 1705 424 hospitium
1732 380 1897 417 Abrahae
1919 385 2094 419 venientis
2118 386 2156 418 in

1169 430 1326 465 Canaan.
1379 429 1453 464 Sita
1477 431 1544 464 fuit
1568 439 1681 465 autern
1700 430 1842 466 Sichem
1868 447 1940 468 non
1964 437 2086 480 procul
2112 438 2156 470 ab

1167 482 1255 514 urbe
1272 480 1471 521 Samariae,
1499 494 1588 526 quae
1610 483 1722 516 multo
1747 491 1824 525 post
1840 487 1982 520 condita
2000 494 2068 528 est,
2096 489 2155 520 sed

1167 539 1205 565 ut
1227 533 1324 565 locus
1348 532 1467 577 aliquo
1491 534 1596 566 modo
1622 535 1769 577 cogitari
1793 537 1918 578 possit,
1946 537 2052 570 situm
2071 550 2155 571 con-

1166 583 1377 627 templemur
1395 584 1494 616 urbis
1512 591 1614 616 notae
1633 592 1664 618 et
1684 596 1828 628 maguae
1845 586 2042 629 Samariae,
2068 601 2157 633 quae

1165 646 1287 677 regum
1314 634 1536 667 domicilium
1560 635 1645 674 suit,
1673 637 1731 669 sed
1756 648 1858 669 mons
1882 636 2037 671 Garizim
2060 639 2155 671 indi-

1165 691 1220 718 cat
1244 685 1362 718 situm.
1416 684 1557 719 Certum
1583 686 1677 718 enim
1704 693 1754 720 est
1779 686 1919 720 Sichem
1942 689 2043 722 valde
2069 690 2155 722 vici-

1165 748 1246 768 nam
1272 735 1378 769 fuisse
1402 733 1485 769 huic
1508 737 1642 777 monti,
1670 737 1731 781 qui
1756 738 1827 770 fere
1851 739 1889 771 in
1912 739 2028 772 medio
2044 745 2156 773 terrae

1163 785 1369 820 Cananaeae
1403 793 1470 827 est,
1505 787 1542 819 in
1574 800 1614 820 eo
1638 794 1752 821 tractu
1778 801 1881 833 quem
1906 790 2022 824 tenuit
2043 791 2156 824 tribus

1163 835 1348 882 Ephraim.
1400 837 1529 871 Narrat
1548 845 1663 872 autem
1682 837 1773 872 Gen.
1786 840 1842 875 12.
1860 840 1897 872 in
1915 838 2056 874 Sichem
2077 853 2156 874 rur-

1163 900 1222 921 sus
1247 888 1448 931 apparuisse
1473 889 1586 923 Deum
1612 888 1794 931 Abrabae,
1828 898 1862 924 et
1886 892 2156 935 promissionem

1162 939 1375 983 repetivisse.
1427 940 1550 974 Postea
1575 952 1615 973 ex
1632 952 1706 984 cap.
1726 940 1818 976 Gen.
1836 942 1898 977 33.
1915 949 2059 987 apparet
2074 941 2155 977 huic

1162 987 1303 1023 Sichem
1321 997 1422 1023 antea
1441 1003 1572 1024 nomen
1590 991 1694 1024 fuisse
1709 991 1839 1028 Salem.

1266 1047 1401 1083 Suebot
1425 1051 1521 1083 locus
1548 1057 1597 1083 est
1622 1051 1713 1084 ultra
1738 1049 1924 1085 Iordanem
1951 1054 1993 1086 ad
2017 1059 2156 1086 torren-

1161 1108 1229 1134 tem
1258 1099 1382 1141 Iaboc,
1417 1101 1478 1134 ubi
1505 1100 1608 1134 Iacob
1641 1102 1805 1135 defensus
1829 1110 1880 1137 est
1900 1110 2022 1137 contra
2047 1102 2155 1143 Esau,

1163 1151 1253 1186 Gen.
1274 1151 1334 1184 33.

1262 1201 1325 1235 Est
1357 1209 1390 1235 et
1417 1201 1547 1235 Gilead
1575 1215 1677 1236 mons
1703 1204 1795 1237 ultra
1820 1203 2008 1238 Iordanem
2034 1217 2155 1238 versus

1160 1253 1350 1291 Arabiam,
1402 1265 1532 1286 nomen
1571 1254 1741 1297 significat
1780 1267 1942 1288 acervum
1983 1257 2155 1300 lapidum,

1161 1304 1242 1348 quia
1275 1304 1326 1337 ibi
1350 1303 1471 1337 Lahan
1501 1311 1534 1338 et
1561 1304 1665 1338 Iacob
1691 1307 1864 1348 congestis
1889 1306 2088 1350 lapidibus,
2123 1314 2155 1340 et

1160 1354 1268 1388 veteri
1306 1366 1405 1388 more
1441 1356 1532 1389 facto
1565 1363 1796 1390 monumento
1832 1357 1956 1390 foedus
1986 1357 2155 1397 fecerunt,

1160 1404 1250 1439 Gen.
1269 1405 1329 1440 31.

1260 1454 1351 1490 Cum
1369 1462 1484 1489 autern
1504 1456 1541 1489 in
1558 1453 1614 1490 his
1632 1457 1826 1490 locisDeus
1844 1458 2020 1493 manifesti
2037 1465 2154 1492 osten-

1159 1507 1251 1541 derit
1273 1518 1308 1540 se
1332 1507 1451 1540 adesse
1480 1506 1601 1549 Iacob,
1630 1509 1816 1552 praecipue
1839 1506 1967 1542 horum
1993 1510 2153 1543 locorum

1159 1558 1376 1591 mentionem
1394 1558 1494 1596 facit,
1522 1566 1568 1601 ut¹
1580 1559 1744 1592 lectorem
1765 1560 1807 1592 de
1825 1560 2037 1594 testimoniis
2053 1573 2152 1605 prae-

1159 1609 1290 1642 sentiae
1306 1609 1367 1641 Dei
1388 1609 1423 1640 in
1443 1606 1599 1642 Ecclesia
1615 1611 1814 1643 admoneat.

1259 1665 1375 1700 lmus
1401 1671 1451 1700 est
1476 1665 1678 1709 ltffanasse,
1705 1672 1735 1701 et
1752 1665 1943 1715 Ephraim
1961 1668 2153 1716 fortitudo

1159 1716 1290 1765 capitis
1314 1717 1402 1756 mei,
1431 1722 1461 1750 el
1479 1715 1580 1752 Iuda
1607 1716 1687 1752 dux
1710 1730 1822 1754 meus,
1877 1719 1969 1753 Loca
1993 1721 2151 1755 tribuum

1157 1776 1239 1803 nota
1266 1776 1298 1803 et
1323 1769 1360 1802 in
1386 1777 1574 1813 conspectu
1597 1782 1669 1803 esse
1693 1771 1911 1805 discentibus
1929 1778 2091 1814 oportet,
2120 1779 2151 1805 et

1157 1832 1235 1853 cum
1261 1820 1337 1853 sine
1362 1820 1579 1864 inspectione
1605 1821 1806 1855 tabularum
1824 1822 1881 1855 vix
1901 1821 2050 1866 intelligi
2070 1835 2151 1867 pos-

1156 1871 1248 1912 sint,
1282 1872 1446 1905 lectorem
1481 1869 1652 1905 adhortor
1676 1879 1714 1906 ut
1739 1873 1877 1907 tabulas
1903 1884 2039 1916 semper
2066 1886 2150 1907 con-

1156 1923 1365 1966 templetur,
1400 1929 1433 1955 et
1466 1923 1509 1955 ad
1548 1920 1714 1956 historias
1744 1924 1914 1959 conferat.
1977 1923 2089 1957 Moab
2119 1932 2149 1957 et

1154 1972 1271 2007 Edom
1294 1974 1438 2007 suerunt
1463 1973 1601 2007 vicinae
1619 1974 1780 2017 regiones
1800 1975 1837 2006 in
1855 1972 1987 2008 Arabia
2006 1973 2150 2008 Petraea

1154 2032 1233 2068 post
1256 2025 1370 2058 lacum
1394 2022 1661 2068 Asphaltitem.'
1704 2024 1874 2058 Nominat
1899 2032 2014 2059 autern
2038 2025 2148 2059 Moab

1154 2076 1334 2109 lavacrum
1364 2082 1509 2120 propter
1535 2075 1610 2109 loca
1635 2076 1786 2119 irrigua,
1820 2076 1870 2108 ibi
1894 2077 1988 2109 enim
2016 2076 2148 2109 flumen

1153 2134 1226 2161 erat
1243 2138 1411 2170 magnum
1429 2124 1555 2160 Arnon
1576 2134 1609 2161 et
1627 2127 1772 2172 quidam
1790 2127 1851 2160 alii
1869 2127 1980 2160 fluvii.

1255 2185 1445 2220 Philistaea
1463 2193 1578 2220 autem
1595 2187 1710 2229 regio,
1737 2198 1824 2229 pene
1842 2186 1879 2218 in
1895 2186 2056 2229 opposito
2075 2192 2146 2219 tra-

1153 2245 1210 2271 ctu
1234 2238 1299 2271 sita
1322 2238 1387 2271 suit
1413 2238 1456 2270 ad
1478 2236 1614 2283 Tyrum
1639 2244 1671 2271 et
1687 2236 1877 2275 Sidonem,
1906 2244 1938 2270 et
1962 2235 1998 2269 hi
2020 2249 2146 2281 prope-

1152 2290 1297 2322 modum
1324 2288 1455 2322 limites
1480 2289 1624 2322 suerunt
1651 2288 1747 2330 regni
1773 2286 1939 2326 Davidis,
1975 2289 2020 2320 ad
2046 2300 2146 2320 occa*

1152 2352 1228 2373 sum
1254 2340 1328 2372 loca
1356 2339 1554 2384 propinqua
1575 2338 1672 2385 Tyro
1693 2345 1726 2371 et
1744 2338 1888 2379 Sidoni,
1917 2345 1949 2372 et
1966 2339 2008 2371 ad
2028 2345 2144 2372 ortum

1152 2392 1244 2425 ultra
1264 2388 1501 2435 Aspllaltitem
1521 2388 1637 2423 Edom
1657 2396 1689 2422 et
1707 2388 1829 2424 Moab.

1254 2450 1295 2484 In
1321 2462 1416 2483 nono
1442 2457 1474 2484 et
1493 2449 1629 2482 decimo
1649 2459 1748 2481 versu
1771 2449 1950 2482 conclusio
1968 2449 2143 2494 sequitur:

1150 2501 1239 2536 Cum
1260 2501 1496 2546 promissione
1513 2507 1571 2533 tua
1590 2506 1621 2533 et
1640 2499 1832 2532 manifestis
1850 2500 2061 2534 testimoniis
2077 2498 2144 2534 boc

1149 2565 1296 2596 regnum
1320 2552 1538 2592 condideris,
1566 2562 1666 2595 spero
1692 2558 1724 2585 te
1750 2548 1840 2583 mihi
1863 2552 1988 2585 ducem
2012 2551 2086 2585 sore
2106 2552 2142 2584 in

1148 2604 1224 2638 loca
1245 2604 1389 2637 munita.

1252 2664 1292 2696 In
1316 2663 1384 2695 fine
1411 2669 1621 2705 repetuntur
1640 2662 1781 2707 querela
1801 2668 1833 2696 et
1851 2662 2025 2705 precatio,
2053 2663 2143 2697 sicut

1121 2711 1122 2724 ¹
1149 2715 1298 2747 subinde
1323 2714 1359 2747 in
1386 2714 1487 2747 novis
1511 2714 1691 2748 aerumnis
1714 2720 1894 2747 exercetur
1910 2712 2084 2755 Ecclesia,
2110 2720 2142 2748 et
