2379 2948
221 109 315 145 1327
818 102 944 137 PHIL.

319 191 458 228 Deinde
481 191 636 225 continet
658 187 716 223 hic
741 189 839 222 locus
862 190 967 223 etiam
992 190 1115 223 utilem
1142 191 1207 223 do·-

217 245 369 280 ctrinam
397 245 440 277 de
469 241 726 282 contractibus,
773 242 867 286 quod
902 240 998 275 Deus
1034 241 1206 285 approbet

216 303 435 333 contractus,
469 294 549 338 quia
569 290 626 326 hie
643 300 673 325 et
691 292 857 336 praecipit
883 300 915 326 et
935 300 1039 326 ornat
1055 293 1207 337 promis-

216 348 389 381 sionibus,
445 344 531 378 Item
557 344 652 389 quod
687 344 800 376 officia
833 351 1079 377 contractuum
1114 350 1207 376 recte

214 399 321 438 facta,
349 397 418 430 sint
436 396 550 429 cultus
569 393 647 428 Dei.
702 393 887 428 Discamus
913 395 1020 438 igitur
1035 407 1109 428 non
1129 401 1207 428 tan-

214 456 288 484 tum
306 454 451 493 propter
467 446 657 480 utilitatem
683 446 902 490 corporalem
926 452 1125 479 contractus
1148 458 1207 479 ex-

215 500 384 533 ercendos
412 509 502 538 esse,
538 498 596 530 sed
627 497 797 531 addamus
831 504 865 531 et
889 495 984 531 hunc
1010 498 1133 538 finem,
1168 504 1208 530 ut

216 563 279 595 per
297 562 355 584 eos
371 549 446 583 Deo
465 548 671 583 serviamus.

318 609 429 643 Porro
448 615 485 641 ut
506 609 549 641 de
568 608 790 642 mutuatione
815 609 1002 653 praecipit,
1029 607 1076 641 ita
1102 607 1208 640 intel·
1233 625 1234 630 =

215 662 364 704 ligamus
394 659 549 704 praecipi
581 659 686 692 etiam
713 660 755 693 de
781 660 859 692 aliis
884 659 1140 701 contractibus,
1168 658 1205 690 in

216 712 345 758 quihus
366 722 453 755 opus
472 717 523 744 est
542 710 757 754 pauperibus
770 711 887 744 alieno
903 711 1048 746 auxilio.
1076 708 1121 743 Et
1131 709 1207 742 vult

214 763 375 797 Psalmus
398 767 597 795 contractus
621 761 710 795 iuste
726 762 896 803 exerceri,
918 762 993 795 sine
1011 761 1208 801 fraudibus,

216 873 249 900 et
266 866 309 899 sit
329 870 514 898 contentus
531 863 703 896 mediocri
721 864 850 908 precio.
889 863 988 897 Talis
1005 864 1112 897 emtio
1130 863 1208 895 lau-

217 917 321 950 datur
339 915 506 948 Proverb.
521 914 598 948 11.:

215 967 406 1007 ledicetur,
448 972 481 998 et
524 965 724 999 benedictio
766 966 935 1000 vendenti

215 1018 342 1064 Fitque
367 1015 434 1050 hoc
457 1023 681 1061 praeceptum
706 1017 898 1056 illustrius,
934 1030 1013 1051 cum
1038 1016 1208 1060 intelligi-

214 1081 293 1102 mus
314 1069 362 1102 sic
379 1067 513 1112 requiri
533 1065 618 1100 baec
635 1067 760 1109 officia,
788 1075 827 1102 nt
845 1066 1103 1113 prohibeantur
1121 1079 1208 1101 con-

217 1120 322 1154 traria
349 1126 504 1163 peccata,
539 1118 704 1153 videlicet
725 1120 897 1159 avaricia,
932 1120 1097 1165 rapinae,
1132 1120 1207 1152 sur—

217 1179 271 1209 ta,
300 1171 460 1211 fraudes,
487 1181 625 1205 usurae.

317 1229 452 1263 Harum
473 1230 622 1274 pestium
643 1231 756 1263 maior
773 1237 823 1263 est
842 1230 1010 1272 varietas,
1039 1243 1144 1276 quam
1169 1236 1209 1264 ut

217 1281 274 1315 hic
300 1281 435 1329 possint
461 1281 595 1325 species
618 1282 831 1315 enumerari.
894 1281 962 1315 Sed
989 1289 1108 1315 tamen
1135 1293 1207 1314 non

216 1340 267 1366 est
289 1333 574 1376 intempestivum
598 1330 656 1365 hic
677 1333 719 1365 de
743 1332 860 1366 usuris
885 1333 1020 1374 dicere,
1051 1344 1208 1378 praeser-

215 1384 279 1417 tim
304 1396 382 1417 cum
406 1395 501 1416 nunc
526 1383 599 1416 sine
622 1384 728 1416 modo
747 1390 914 1420 crescant.

217 1442 284 1475 est,
312 1434 400 1480 quin
417 1434 460 1467 sit
477 1446 582 1477 grave
599 1441 778 1478 peccatum
790 1462 798 1475 ‚
815 1441 931 1479 petere
948 1446 1073 1468 usuras
1085 1462 1093 1475 ,
1112 1435 1207 1468 iuxta

218 1486 279 1519 illa
297 1492 480 1530 praecepta
497 1497 597 1529 saepe
614 1485 778 1528 repetita,
794 1485 934 1519 Psalmo
957 1485 1030 1520 14:
1057 1485 1128 1528 Qui
1148 1497 1209 1530 pe-

217 1537 358 1570 cuniam
378 1547 476 1568 suam
495 1548 567 1568 non
588 1536 685 1569 dedit
704 1536 747 1568 ad
765 1548 920 1571 usuram.

320 1594 384 1628 llla
408 1601 524 1628 autem
550 1601 600 1628 est
622 1606 746 1637 magna
771 1596 946 1639 quaestio,

217 1654 291 1680 ctus
316 1646 386 1679 sint
409 1644 574 1679 usurarii.
637 1644 757 1678 Trado
783 1646 890 1687 igitur
912 1646 1071 1689 regulam
1096 1646 1132 1678 in
1151 1657 1209 1688 ge-

215 1851 290 1885 Deo
308 1850 511 1883 serviamus.

318 1915 456 1950 Deinde
482 1923 514 1951 et
539 1917 626 1950 illud
645 1916 827 1949 sciendum
845 1925 906 1953 est.
960 1916 1135 1950 Iudicium
1166 1917 1209 1949 de

218 1967 458 2002 contractibus
474 1974 506 2000 et
525 1968 566 1999 de
583 1967 716 2007 usuris,
744 1975 781 2000 ut
799 1969 841 2000 de
865 1969 941 2002 aliis
959 1969 1065 2002 rebus
1088 1967 1209 2012 politi-

217 2020 286 2060 cis,
323 2019 511 2062 petendum
535 2030 607 2050 esse
630 2030 648 2050 a
675 2018 881 2061 magistratu
906 2020 1022 2059 civiti,
1051 2017 1117 2053 hoc
1146 2027 1207 2062 est,

218 2120 452 2154 sentientibus
471 2132 549 2152 cum
566 2120 712 2154 ratione.
766 2119 857 2154 Nam
876 2122 911 2154 in
929 2122 1084 2169 politicis
1103 2122 1209 2155 rebus

217 2173 384 2205 debemus
402 2182 522 2215 parere
546 2171 678 2204 iudicio
698 2171 812 2205 civilis
837 2173 1078 2215 magistratus,
1104 2172 1131 2205 si
1156 2179 1208 2206 ta-

216 2235 297 2257 men
316 2234 387 2255 non
402 2229 533 2267 pugnet
551 2234 629 2255 cum
654 2222 792 2256 ratione
810 2221 968 2258 honesta.
1022 2224 1141 2267 Quare
1166 2223 1208 2257 iis

216 2274 454 2308 contractibus
467 2300 475 2313 ‚
493 2285 580 2318 quos
597 2273 794 2318 approbant
810 2275 919 2318 leges,
943 2275 995 2309 uti
1014 2286 1207 2320 possumus

217 2325 269 2358 Ac
292 2325 421 2359 diserte
448 2325 545 2365 dico,
578 2325 621 2357 de
646 2325 859 2369 approbatis.
913 2325 990 2360 Etsi
1018 2326 1113 2359 enim
1141 2327 1206 2359 ali-

216 2376 296 2409 cubi
328 2376 540 2420 permittunt
573 2387 715 2417 usuras,
750 2389 822 2410 non
848 2384 965 2410 tamen
996 2377 1206 2422 approbant,

217 2427 300 2474 quia
318 2427 409 2470 leges
429 2438 501 2459 non
523 2434 668 2471 possunt
688 2429 854 2461 omnibus
871 2429 965 2463 vitiis
985 2429 1130 2463 mederi.

321 2484 505 2518 Praeterea
539 2497 628 2530 quae
652 2486 722 2519 sint
748 2498 876 2520 usurae
907 2488 1051 2531 proprie
1081 2487 1207 2531 dictae,

217 2535 319 2569 otiam
345 2536 550 2569 discendum
577 2543 627 2570 est
650 2548 668 2570 a
687 2537 833 2581 legibus.
887 2537 1086 2572 Prudenter
1110 2539 1205 2572 enim

216 2586 444 2619 iudicandum
464 2594 534 2630 est,
558 2600 602 2620 ne
620 2594 748 2621 temere
765 2597 964 2623 contractus
986 2590 1095 2635 aliqui
1120 2590 1205 2633 legi-

217 2637 295 2670 timi
311 2637 533 2673 damnentur.

216 2688 314 2729 liter,

972 101 1089 139 MEL.
1116 100 1326 138 SCRIPTA
1355 100 1654 138 EXEGET1CA.

215 822 254 848 ut
272 827 350 848 cum
370 812 515 858 pauperi
536 824 624 856 opus
649 819 698 846 est
721 813 917 853 frumento,
944 813 1043 846 dives
1064 813 1208 852 vendat,
1233 828 1234 853 g
1260 803 1388 838 licitus·

1232 870 1234 874 ·
1260 855 1391 887 emitur
1409 862 1523 887 certus
1539 855 1690 895 fundus,
1719 866 1781 898 pro
1798 854 1889 888 iusto
1916 862 1949 888 et
1967 855 2094 889 usitato
2121 856 2252 899 precio,

627 912 870 948 Abscondenti
892 915 1110 948 frumentum
1132 926 1207 947 ma-

978 967 1208 1000 frumentum.
1233 972 1234 1006 ᾗ

967 1384 1039 1418 Nec
1057 1384 1206 1418 dubium
1232 1396 1234 1404 ⁴

981 1596 1040 1640 qui
1068 1601 1208 1628 contra·
1232 1594 1233 1599 ¹

1232 2062 1234 2067 ,
1259 2029 1337 2062 aliis
1375 2028 1624 2068 serxitutibus.

217 2071 261 2104 ab
286 2069 370 2114 ipsis
395 2069 531 2112 legibus
558 2075 648 2101 recte
676 2075 710 2102 et
734 2081 815 2102 sane
840 2070 1046 2111 intellectis,
1075 2077 1106 2103 et
1124 2082 1207 2103 con-
1232 2070 1233 2074 ’

588 2638 770 2673 Interdum
789 2641 884 2674 enim
902 2641 1037 2674 indocti
1061 2652 1230 2685 genera-
1229 2662 1231 2667 ι

348 2699 472 2721 omnes
503 2690 635 2723 reditus
667 2702 727 2725 seu
750 2703 874 2725 census
899 2692 1103 2737 improbant
1127 2699 1204 2726 tan-
1227 2688 1230 2733 j
1256 2700 1368 2734 certo,
1403 2693 1461 2726 sed
1490 2704 1528 2725 ex
1555 2692 1722 2725 omnibus
1740 2691 1843 2724 bonis
1859 2689 2091 2734 Reipublicae
2109 2691 2245 2725 solutu·

2159 108 2253 144 1528

1259 200 1365 234 quam
1398 189 1592 223 usurarios.
1653 188 1736 222 Ideo
1763 196 1879 223 autem
1905 191 2092 235 diligenter
2117 193 2252 227 diiudi-

1259 241 1362 273 candi
1389 247 1470 274 sunt
1501 246 1720 279 contractus,
1753 247 1791 274 ut
1818 240 1985 284 legitimis
2009 249 2151 278 utamur
2176 257 2252 278 ma-

1259 291 1333 324 iore
1350 292 1497 336 pietate,
1527 299 1561 326 et
1578 304 1658 325 vere
1680 304 1719 325 ac
1742 292 1832 325 serio
1850 292 2000 327 vitemus
2018 304 2151 328 usuras.
2203 295 2251 329 At

1259 340 1326 376 boc
1342 349 1498 388 tempore
1511 343 1736 387 impudenter
1752 350 1933 386 petuntur,
1953 356 2024 377 non
2038 345 2153 378 solum
2169 358 2252 379 cen-

1259 394 1420 433 tesimae,
1454 407 1542 440 quae
1564 395 1669 428 etiam
1698 395 1833 438 legibus
1860 394 2025 429 civilibus
2053 394 2252 440 prohibitae

1259 452 1361 486 sunt,
1393 447 1452 479 sed
1477 446 1580 479 etiam
1614 446 1894 487 ducentesimae,
1931 458 2080 491 quarum
2110 448 2252 491 petitio-

1258 508 1339 529 nem
1369 495 1501 531 ethnici
1530 509 1646 530 severe
1664 498 1873 545 puniebant.
1927 496 1999 531 Nec
2016 498 2140 531 leviter
2168 511 2250 542 pec-

1259 554 1338 580 cant
1358 549 1609 591 gubernatores
1631 547 2014 593 Rerumpublicarurn,
2049 550 2144 594 quod
2170 550 2252 584 talia

1259 599 1350 632 furta
1378 599 1552 639 tolerant,
1579 599 1650 631 imo
1676 600 1785 644 aliqui
1812 600 1849 632 in
1876 600 2076 634 societatem
2102 602 2252 644 praedae

1259 649 1425 691 veniunt,
1452 657 1486 683 et
1503 657 1604 689 sunt,
1631 656 1670 683 ut
1696 651 1744 684 ait
1762 648 1962 694 Propheta,
1993 650 2079 684 socii
2095 651 2226 685 furum.

1362 700 1485 734 Dicam
1522 707 1639 734 autem
1676 702 1719 734 ‹le
1754 701 1967 746 quibusdam
2005 703 2253 738 contractibus,

1260 751 1370 795 Saepe
1389 752 1511 797 quaeri
1527 752 1632 792 solet,
1660 764 1704 784 an
1724 759 1924 786 contractus
1949 754 2182 787 redemtionis
2205 754 2251 788 sit

1441 802 1532 837 Sunt
1551 810 1667 836 autern
1686 810 1755 837 tres
1772 803 1922 837 formae:
1953 804 2072 837 Prima
2100 811 2150 838 est
2172 817 2251 839 cum

1259 906 1317 938 sed
1346 917 1425 938 cum
1454 912 1555 950 pacto
1582 906 1624 938 de
1645 906 1884 940 revendendo.
1942 905 2104 939 Secunda
2137 907 2250 940 forma

1259 963 1329 997 est,
1357 968 1436 990 cum
1457 957 1586 990 emitur
1603 957 1738 990 reditus
1763 957 1798 989 in
1817 957 1928 990 fundo
1946 963 2060 1000 certo,
2087 969 2166 991 cum
2192 970 2254 1002 pa-

1260 1014 1313 1041 cto
1331 1008 1373 1041 de
1390 1008 1628 1041 revendendo.

1362 1057 1438 1091 Hae
1460 1060 1550 1092 duae
1582 1059 1715 1092 formae
1746 1065 1827 1092 sunt
1851 1056 1945 1091 haud
1972 1058 2081 1092 dubie
2104 1059 2253 1102 legitimi

1260 1117 1476 1148 contractus,
1505 1117 1537 1144 et
1554 1122 1625 1143 non
1642 1116 1723 1143 sunt
1745 1109 1916 1151 usurarii,
1945 1110 2027 1154 quia
2049 1118 2131 1145 sunt
2151 1122 2252 1144 verae

1260 1168 1293 1195 et
1318 1161 1494 1204 legitimae
1519 1173 1558 1194 ac
1579 1173 1652 1194 non
1679 1161 1863 1193 simulatae
1889 1161 2072 1195 emtiones.
2127 1159 2253 1195 Conti-

1260 1223 1345 1246 nent
1363 1212 1457 1245 enim
1475 1212 1722 1246 substantialia
1740 1212 1957 1255 emtionum,
1986 1211 2157 1253 Mercem,
2173 1224 2253 1256 pre-

1260 1263 1352 1297 cium
1379 1263 1530 1302 iustum,
1566 1271 1599 1297 ct
1623 1274 1844 1296 consensum.
1909 1260 1996 1296 Nam
2020 1275 2117 1296 merx
2141 1270 2191 1297 est
2215 1264 2253 1296 in

1260 1315 1377 1358 priore
1401 1326 1481 1347 casu
1506 1314 1579 1359 ipse
1602 1315 1753 1355 fundus,
1782 1314 1818 1346 in
1847 1314 2040 1358 posteriore
2059 1327 2137 1348 casu
2155 1326 2252 1348 merx

1260 1372 1311 1399 est
1338 1366 1393 1399 ius
1426 1365 1514 1398 illud
1547 1366 1582 1397 in
1611 1366 1723 1398 sundo
1753 1365 2000 1405 constitutum,
2036 1372 2073 1399 ut
2099 1373 2253 1410 quotan-

1260 1417 1314 1450 nis
1332 1416 1416 1449 inde
1431 1416 1516 1449 certi
1536 1416 1670 1448 reditus
1686 1416 1881 1451 solvantur.
1910 1415 1948 1448 Id
1968 1416 2022 1449 ius
2039 1416 2108 1449 emi
2127 1422 2253 1460 potest,

1259 1474 1298 1501 ut
1325 1468 1352 1500 si
1373 1467 1451 1512 quis
1474 1467 1699 1507 servitutem,
1726 1473 1862 1507 actum,
1890 1473 1950 1500 aut
1977 1467 2044 1500 iter
2071 1467 2109 1499 in
2135 1467 2251 1501 alieno

1259 1518 1370 1551 fundo
1387 1518 1454 1551 sibi
1479 1525 1621 1551 emeret.

1361 1568 1433 1601 'Nec
1459 1575 1597 1613 pactum
1628 1569 1670 1601 de
1700 1569 1928 1601 revendendo
1963 1568 2056 1602 tollit
2088 1575 2250 1602 naturam

1259 1620 1442 1659 emtionis,
1469 1631 1576 1664 quare
1601 1626 1633 1652 et
1657 1626 1790 1653 veteres
1815 1620 1907 1663 leges
1924 1621 2122 1664 approbant
2146 1620 2251 1653 talem

1232 1686 1233 1703 ι
1260 1677 1497 1708 contractum,
1521 1677 1559 1703 ut
1580 1677 1726 1703 testatur
1743 1671 1814 1712 lex,
1839 1671 1867 1703 si
1886 1671 2056 1711 fundum,
2083 1671 2121 1703 in
2139 1671 2250 1704 Codi-

216 1709 308 1737 nere,
335 1694 570 1738 Evangelium
589 1696 749 1729 concedit
768 1697 870 1729 nobis
889 1698 940 1730 uti
959 1698 1209 1736 contractibus,
1232 1710 1233 1739 3
1259 1734 1295 1755 ce
1344 1723 1386 1754 de
1414 1721 1524 1765 pactis
1546 1721 1639 1754 inter
1655 1729 1823 1754 &morem
1842 1728 1874 1755 et
1892 1722 2112 1755 venditorem

1308 1750 1315 1763 3
2117 1748 2125 1757 n

217 1749 304 1782 sicut
320 1755 352 1781 et
370 1745 427 1780 hic
451 1747 610 1780 Psalmus
632 1753 796 1787 testatur,
824 1755 855 1781 et
875 1748 1018 1793 quidem
1040 1749 1208 1781 debemus
1232 1759 1234 1778 2

218 1801 266 1833 eis
288 1799 360 1840 uti,
385 1806 550 1843 tanquam
577 1798 750 1831 exercitiis
776 1799 993 1839 dilectionis,
1022 1800 1058 1832 in
1081 1799 1208 1844 quibus
1232 1808 1233 1815 ¹

2179 1721 2251 1755 De-

1260 1774 1343 1807 bent
1367 1780 1481 1805 autem
1506 1770 1720 1813 Christiani,
1755 1781 1793 1806 ut
1817 1781 1917 1805 antea
1944 1773 2077 1806 dictum
2105 1780 2172 1812 est,
2200 1774 2250 1806 le-

1259 1836 1340 1867 gum
1372 1823 1513 1857 iudiciis
1546 1823 1714 1857 adsentiri
1757 1825 1799 1856 ‹le
1834 1830 1959 1857 natura
1997 1830 2250 1865 contractuum,

1260 1875 1463 1919 praesertim
1482 1886 1560 1907 cum
1580 1875 1764 1908 doctorum
1783 1876 1960 1908 honorum
1979 1882 2012 1908 et
2028 1876 2246 1919 prudentum

1232 1939 1234 1951 ³
1259 1926 1389 1960 iudicia
1408 1933 1619 1968 congruunt.

1361 1977 1472 2011 Debet
1488 1983 1604 2009 autem
1622 1978 1784 2010 accedere
1805 1974 1889 2010 haec
1908 1977 2116 2022 aequalitas,
2144 1984 2182 2011 ut
2211 1977 2247 2010 in

1671 2029 1698 2060 si
1734 2028 1863 2072 periret
1896 2029 2046 2068 fundus,
2087 2028 2249 2072 periisset

1259 2081 1362 2113 etiam
1398 2079 1464 2112 iter
1498 2080 1534 2111 in
1559 2079 1689 2112 fundo:
1727 2079 1773 2111 sic
1807 2078 1939 2112 reditus
1966 2079 2107 2122 periisse
2130 2079 2251 2114 existi-

1258 2131 1410 2164 mandus
1428 2137 1497 2170 est,
1526 2142 1604 2163 cum
1628 2130 1759 2163 fundus
1774 2130 1889 2190 periit.
1943 2128 1988 2163 Et
2006 2131 2166 2175 quamvis
2191 2143 2248 2164 ac-

1259 2182 1351 2215 cedit
1377 2181 1626 2225 oppignoratio
1649 2181 1800 2213 aliorum
1826 2173 2024 2221 bonorum,
2051 2193 2111 2215 seu
2135 2179 2183 2227 h)
2186 2193 2249 2226 po-

1259 2231 1377 2271 theca,
1402 2239 1519 2265 tamen
1537 2244 1609 2265 non
1630 2239 1813 2276 propte1ea
1832 2232 1982 2266 xiciatur
2000 2233 2119 2268 emtio.
2154 2232 2248 2275 Quia

1258 2283 1506 2332 oppignoratio
1545 2295 1618 2315 non
1648 2284 1858 2316 adversatur
1894 2290 2038 2316 naturae
2071 2283 2246 2318 emtionis.

1258 2336 1309 2369 Ac
1337 2337 1379 2368 de
1401 2333 1456 2368 bis
1479 2334 1616 2367 duabus
1639 2334 1762 2367 formis
1779 2341 1996 2376 contractus,
2021 2346 2108 2380 quas
2125 2346 2247 2368 recen—

1257 2387 1332 2426 sui,
1359 2386 1476 2419 minus
1491 2385 1692 2428 ambigitur.
1747 2384 1834 2418 Nam
1859 2386 1885 2418 si
1910 2385 1988 2430 quis
2012 2387 2132 2419 dextre
2153 2385 2246 2418 iudi-

1257 2438 1349 2471 cabit
1362 2464 1370 2478 ,
1399 2443 1561 2480 agnoscet
1579 2448 1660 2469 vere
1678 2448 1749 2469 csse
1770 2437 1952 2470 emtiones.

1316 2492 1320 2497 '
1346 2487 1398 2522 De
1414 2487 1514 2522 tertia
1540 2487 1652 2520 forma
1677 2488 1754 2531 plus
1772 2494 1819 2521 est
1836 2487 2128 2531 disputationum.
2155 2486 2243 2520 Cum

1256 2540 1386 2573 emitur
1410 2538 1545 2572 reditus
1570 2551 1641 2571 non
1670 2539 1706 2571 in
1726 2539 1837 2572 sundo
1854 2545 1968 2579 certo,
1996 2539 2053 2571 sed
2073 2538 2109 2569 in
2126 2538 2245 2571 omni-

1257 2591 1323 2624 bus
1353 2589 1456 2624 bonis
1489 2589 1658 2629 alicuius,
1694 2596 1732 2622 ut
1755 2590 1782 2622 si
1810 2590 1888 2634 quis
1911 2595 2001 2622 emat
2026 2588 2180 2622 reditum
2201 2590 2245 2622 ab

1255 2642 1372 2687 aliqua
1399 2640 1558 2682 ciuitate,
1586 2652 1674 2686 quae
1700 2640 1876 2684 promittit
1900 2651 1955 2682 se,
1984 2650 2055 2671 non
2076 2651 2115 2672 ex
2131 2640 2243 2673 fundo
