2379 2948
117 103 193 139 597
707 100 772 137 111.
824 98 981 134 INlTIA
1009 96 1305 133 DOCTRINAE
1332 99 1589 138 PHYSICAE.
2079 102 2154 138 398

121 195 214 218 cesse
236 191 303 225 est,
331 190 364 217 et
387 195 494 217 unam
518 183 605 216 oriri
630 194 769 215 novam.
822 181 880 214 Sic
904 179 1110 222 intelligunt
1135 179 1139 230 ξ
1163 191 1315 212 crescere
1339 188 1371 214 et
1394 184 1589 226 coagulari,
1615 184 1704 219 sicut
1720 196 1834 230 neque
1858 182 2004 219 humida
2029 188 2149 220 termi-

119 235 289 268 unionem
321 236 365 267 de
395 234 662 268 continuatione
689 231 856 265 materiae
879 237 913 264 et
934 231 978 262 de
1003 241 1109 272 gene·
1162 230 1239 262 nari
1259 239 1404 273 possunt
1424 234 1500 266 sine
1517 235 1620 270 sicco.

121 285 270 319 ratione.
1133 273 1137 334 J
1263 287 1375 323 Addit
1405 298 1541 334 postea:
1586 292 1761 327 Constant
1790 306 1828 327 ex
1854 302 1945 328 terra
1978 302 2011 329 et
2047 307 2146 340 aqua.

221 342 327 377 Extat
347 344 453 386 igitur
475 344 511 375 in
530 339 659 374 scholis
677 347 709 373 et
733 340 799 373 alia
818 339 978 372 definitio
997 339 1109 381 magis
1134 365 1135 389 3
1161 338 1256 383 Ergo
1280 347 1313 374 et
1337 352 1377 373 ex
1400 341 1547 385 reliquis
1565 343 1758 377 elementis.
1811 345 1914 380 Valet
1931 357 2148 390 consequen-

118 394 293 428 dilucida:
323 394 451 427 Mixtio
470 399 520 425 est
539 392 718 433 generatio
736 392 869 423 formae
893 390 1109 424 substantia·
1133 408 1134 415 κ
1161 391 1227 432 tia,
1254 391 1336 436 quia
1358 403 1432 424 non
1462 398 1576 435 potest
1599 393 1675 425 fieri
1704 397 1969 437 transmutatio,
1995 397 2063 430 nisi
2086 409 2147 440 per

117 445 161 477 lis
185 457 225 478 ex
248 444 392 478 materia
410 442 638 475 mixtihilium
651 468 661 482 ‚
687 442 720 473 vi
742 447 894 486 quatuor
911 440 1108 485 primarum
1133 417 1136 463 i
1161 442 1348 476 contraria.
1384 439 1431 475 Et
1448 442 1590 487 quidem
1612 443 1687 476 sine
1700 445 1814 478 calore
1829 447 1926 480 nulla
1944 447 1980 481 fit
1999 460 2146 481 conver-

119 496 327 541 qualitatum
345 495 444 533 facta,
469 504 620 537 quarum
637 500 769 525 certum
788 498 1107 536 temperamentum
1133 495 1135 498 ’
1161 493 1212 526 sio
1244 492 1455 535 frigidorum
1489 493 1757 527 elementorum.
1811 495 1893 530 Ideo
1924 509 2062 532 necesse
2095 505 2145 531 est

120 553 152 580 et
175 546 249 590 ipsa
272 547 384 578 forma
406 542 568 588 requirit.
621 541 716 576 Haec
733 542 891 576 definitio
916 542 1027 585 magis
1043 541 1108 575 ali·
1133 519 1135 575 i
1160 543 1252 587 ignis
1270 550 1303 577 et
1319 543 1408 577 aeris
1425 549 1590 577 naturam
1610 545 1786 581 accedere.

119 604 251 641 qllanto
271 595 435 634 declarat,
462 594 547 638 quid
566 593 609 626 Sil
629 591 773 640 PhySlca
788 593 923 634 miXKiO,
951 591 1036 626 haec
1054 592 1107 625 Vi·
1264 601 1362 635 Idem
1384 602 1569 636 confirmat
1592 601 1658 636 hoc
1682 605 1801 639 modo,
1854 603 1907 638 Ex
1934 606 2058 640 iisdem
2083 620 2146 642 na-

118 648 262 685 delicet,
288 657 377 691 quae
393 651 443 678 ⁶³⁵1
460 644 652 687 generflUO·
1161 654 1310 694 scimur,
1346 664 1484 694 sumus,
1517 660 1550 687 et
1575 654 1766 690 nutrimur.
1818 654 2006 690 Nutrimur
2033 665 2146 691 autem

1161 711 1312 749 quatuor
1327 704 1521 738 elementis.
1551 703 1661 748 Igitur
1675 712 1708 739 et
1723 707 1918 740 substantia
1937 714 1987 741 est
2004 720 2043 740 ex
2062 719 2148 752 qua-

1160 761 1242 788 tuor
1275 755 1468 790 elementis.
1526 754 1706 788 Minorem
1738 757 1893 791 ostendit
1923 758 2147 802 experientia.

711 846 718 853 ·
907 845 915 852 Ι
1160 804 1306 838 Plantae
1331 812 1364 838 et
1394 805 1588 840 animantia
1622 806 1831 840 nutriantur
1855 814 1966 849 terra,
1999 820 2086 853 aqua
2116 816 2147 841 et

218 845 312 881 sunt
346 847 486 890 gradus·
548 845 629 880 Alia
663 858 757 880 emm
788 852 871 880 ⁵¹¹¹st
906 845 1108 890 lmpffl'feete
1160 856 1252 891 aere.
1303 854 1349 889 Et
1369 855 1445 889 sine
1463 857 1578 890 calore
1594 869 1658 890 nec
1676 858 1859 891 conversio
1876 859 2086 893 nutrimenti
2111 859 2146 891 in

115 899 245 939 mixtsss
271 897 339 931 31Ῑὸ
359 898 510 942 perfecte
527 897 647 931 mixta·
1160 907 1392 940 substantiam
1418 907 1545 941 nutriti
1571 907 1646 941 fieri
1671 914 1802 952 potest,
1830 920 1892 942 nec
1919 910 2007 942 actio
2032 910 2147 954 aliqua

218 956 425 1001 Imperfecte
459 955 609 989 mixtum
645 952 713 989 hoc
745 955 853 988 modo
885 955 1107 996 describunt,
1161 963 1210 990 est
1231 957 1439 999 frigidarum
1465 959 1632 1002 partium·
1684 957 1913 993 Concurrunt
1938 960 2045 1003 igitur
2063 973 2148 1005 qua-

115 1008 210 1054 quod
228 1019 302 1040 non
319 1013 455 1041 constat
472 1018 513 1039 ex
531 1007 699 1040 omnibus
716 1005 917 1046 elementis,
941 1013 980 1039 ut
997 1017 1108 1049 vapo-
1160 1014 1241 1041 tuor
1259 1008 1440 1043 elementa.

115 1071 181 1093 res.
233 1057 302 1092 Sed
321 1069 422 1091 causa
442 1058 644 1102 quaerenda
660 1064 729 1098 est,
756 1068 865 1101 quare
883 1056 966 1090 talia
984 1057 1107 1090 dican-
1263 1065 1357 1099 Haec
1375 1073 1579 1110 argumento
1599 1079 1639 1101 eo
1658 1069 1810 1110 recitavi,
1835 1069 1918 1114 quia
1935 1070 2071 1103 erudite
2088 1071 2150 1103 ad-

113 1117 172 1144 tur
187 1108 388 1154 imperfecte
403 1108 522 1141 mixta·
1160 1123 1307 1150 monent
1324 1118 1366 1149 de
1387 1118 1492 1149 modo
1510 1119 1764 1160 generationis,
1792 1132 1900 1164 quare
1917 1118 2064 1153 humida
2084 1121 2150 1154 sic-

218 1167 260 1201 In
294 1167 520 1210 generatione
551 1167 687 1210 priores
713 1167 849 1200 formae
875 1165 1106 1199 mixtibilium
1161 1168 1209 1200 cis
1226 1167 1544 1210 miscerioporteat.
1577 1167 1674 1209 Item,
1702 1182 1806 1214 quam
1818 1171 2064 1204 transmutatio
2075 1184 2147 1204 non

113 1229 258 1265 prorsus
280 1224 559 1261 corrumpuntur
586 1224 691 1262 atque
714 1217 943 1251 abiiciuntur.
996 1214 1044 1249 At
1069 1215 1106 1248 in
1159 1219 1220 1251 fiat
1242 1218 1310 1250 nisi
1337 1218 1475 1251 actione
1500 1219 1776 1261 contrariorum,
1809 1233 1871 1254 nec
1898 1221 1972 1254 fieri
2001 1233 2148 1254 conver-

114 1269 180 1304 hac
195 1268 397 1313 imperfecta
413 1268 585 1301 mixtione
600 1280 675 1301 non
691 1274 742 1301 est
757 1268 907 1311 perfecta
927 1273 1104 1300 transmu-
1160 1269 1297 1301 sionem
1315 1268 1390 1300 sine
1414 1268 1546 1308 calore,
1575 1270 1655 1313 quia
1673 1271 1768 1303 calor
1788 1278 1839 1304 est
1855 1272 1966 1305 activa
1985 1272 2148 1317 qualitas,

115 1320 219 1360 tatio,
246 1325 281 1352 et
303 1319 440 1361 integra
465 1318 626 1361 priorum
650 1319 846 1351 formarum
870 1316 1040 1357 abiectio,
1067 1322 1106 1349 ut
1160 1327 1192 1353 et
1209 1319 1392 1361 coniungit
1408 1316 1636 1361 homogenea.
1690 1319 1734 1353 Et
1753 1321 1919 1354 recitatur
1940 1319 1997 1355 hic
2014 1323 2146 1356 dictum

114 1371 228 1404 nubes
253 1369 368 1402 vicina
388 1375 438 1401 est
452 1374 598 1401 naturae
615 1380 735 1413 aquae.
779 1368 861 1400 ldeo
878 1365 962 1399 haec
979 1367 1104 1399 mixtio
1158 1369 1328 1402 memoria
1356 1369 1521 1411 dignum:
1555 1368 1702 1404 ἅπαντα
1727 1369 1898 1416 Τρζᾳέῖαι
1924 1372 1999 1411 τοῖς
2024 1371 2150 1411 αὐτοῖς

113 1433 187 1455 non
204 1425 255 1453 est
269 1419 414 1463 proprie
428 1418 624 1461 generatio,
651 1420 709 1451 sed
727 1418 932 1451 coniunctio
949 1417 1106 1450 dissimi-
1158 1420 1196 1459 ἐξ
1212 1415 1333 1464 ὦνπερ
1350 1417 1458 1453 ἐστὶν.
1512 1419 1602 1453 Late
1619 1421 1713 1453 enim
1732 1419 1837 1454 liuius
1854 1422 1938 1456 dicti
1956 1434 2038 1456 usus
2056 1431 2146 1467 patet

113 1472 201 1505 lium
219 1481 408 1513 corporum
425 1468 661 1502 resolutorum
674 1496 683 1509 ,
711 1476 841 1509 terrae,
867 1475 899 1501 et
916 1480 1037 1512 aquae,
1067 1468 1103 1500 in
1129 1495 1133 1527 l
1160 1471 1195 1503 in
1214 1470 1414 1503 iudicandis
1429 1471 1565 1503 naturis
1581 1478 1613 1505 et
1632 1472 1872 1507 nutrimentis.

113 1533 182 1568 qua
205 1521 245 1554 fit
268 1519 356 1552 levis
378 1519 551 1553 alterati&
610 1518 700 1552 Nam
727 1525 861 1563 partes,
896 1530 982 1563 quas
1010 1530 1101 1563 aqua
1259 1527 1495 1561 Considerent
1518 1535 1634 1562 autem
1662 1529 1819 1563 iuniores
1842 1530 2003 1564 ordinem
2029 1533 2065 1564 in
2084 1530 2147 1565 hac

114 1570 263 1611 exhalat,
284 1582 356 1603 ‘¹0¹¹
372 1569 514 1614 penitus
531 1569 703 1604 flbiidum
719 1571 867 1603 formam
886 1581 1007 1614 aquae,
1027 1576 1105 1603 “¹¹¹¹-
1159 1579 1335 1613 doctrina.
1388 1576 1514 1611 Exorsi
1535 1590 1655 1613 sumus
1674 1592 1691 1612 a
1707 1592 1856 1615 numero
1881 1582 2147 1621 elementorum,

112 1631 189 1657 tum
215 1620 334 1655 addita
361 1627 453 1653 101'1'8
478 1621 693 1661 alteramur,
726 1621 816 1654 fiunt
842 1621 1042 1664 spissiores,
1071 1626 1105 1654 θῑ
1130 1646 1132 1659 ι
1158 1637 1276 1674 postea
1313 1641 1393 1662 suas
1426 1630 1612 1673 qualitates
1645 1631 1794 1674 singulis
1833 1633 2078 1674 attribuimus,
2114 1641 2145 1667 et

113 1672 214 1720 quasi
253 1671 496 1714 coagUlantffl'·
558 1669 622 1705 ESt
664 1671 770 1715 igitur
802 1671 1005 1714 imperf-‘³²¹³
1043 1682 1103 1703 ⁵⁰¹1
1129 1663 1132 1702 i
1158 1681 1367 1725 qualitatum
1389 1686 1502 1712 certae
1520 1688 1601 1714 sunt
1626 1681 1789 1715 actiones.
1843 1682 1937 1716 Hinc
1952 1682 2043 1718 fiunt
2059 1685 2145 1717 alte-

112 1723 258 1763 mixtio,
284 1733 346 1755 580
368 1721 561 1765 generatio·
614 1721 704 1755 Nam
728 1734 843 1767 neque
872 1721 1007 1765 priores
1030 1722 1104 1754 fos*
1130 1708 1132 1742 Ι
1158 1731 1330 1770 rationes,
1364 1730 1608 1764 alterationem
1634 1733 1794 1776 sequitur
1821 1733 1962 1773 mixtio,
2005 1735 2145 1767 mixtio-

113 1785 190 1808 mae
216 1783 360 1817 PPOI'SUS
391 1772 625 1813 abistiumffl',
652 1779 685 1806 et
714 1784 827 1805 novae
858 1772 992 1804 formae
1021 1778 1105 1805 ⁵¹¹¹st
1158 1793 1238 1814 nem
1258 1781 1459 1825 generatio,
1483 1781 1648 1825 deinceps
1669 1782 1779 1825 igitur
1795 1784 1838 1816 de
1860 1785 2147 1827 generationibus

111 1824 347 1868 imperseflae·
375 1821 460 1856 Ideo
479 1829 595 1856 amem
613 1834 685 1855 ¹¹⁰⁰
705 1823 741 1856 fit
757 1822 909 1866 perfeeta
925 1828 1104 1855 transmu·
1159 1833 1349 1865 dicendum
1378 1831 1456 1866 erit.
1509 1831 1576 1864 Sed
1602 1833 1699 1875 prius
1724 1833 1848 1867 usitata
1874 1835 2032 1879 quaestio
2057 1836 2145 1868 reci-

111 1875 216 1916 tatio,
243 1874 326 1919 qnia
343 1885 416 1906 1¹⁰⁰
435 1873 601 1906 ⁰⁵tf01'135
616 1873 706 1907 3οῑἷο
723 1873 1000 1912 contrariorum,
1027 1872 1103 1905 ⁵51¹ss
1158 1889 1267 1923 tetur,
1309 1883 1353 1914 de
1383 1893 1450 1926 qua
1480 1893 1605 1925 magna
1638 1890 1719 1916 sunt
1752 1885 1962 1926 certamina,
1997 1898 2075 1919 cnm
2101 1886 2144 1920 sit

112 1938 180 1973 qua
199 1925 297 1959 nulla
323 1930 439 1968 potest
461 1923 536 1956 fieri
554 1924 688 1966 integra
709 1923 975 1963 transmutatio,
1002 1923 1103 1956 ideo·
1157 1933 1272 1966 ociosa
1291 1932 1483 1972 subtilitas,
1511 1939 1544 1966 et
1563 1933 1664 1966 facile
1683 1934 1871 1968 diiudicari
1895 1937 2020 1979 possit,
2047 1937 2146 1970 vide-

111 1988 179 2022 que
194 1975 396 2020 imperfecte
410 1974 519 2007 mixta
537 1974 639 2007 facile
655 1974 835 2007 dissiliunt
853 1980 885 2006 et
900 1973 1104 2006 dissolvun-
1157 1984 1254 2017 ficet:
1282 1982 1472 2026 Quomodo
1490 1982 1560 2016 sint
1576 1984 1746 2018 elementa
1765 1985 1801 2018 in
1820 1986 1940 2022 „fixtoo

111 2035 181 2062 tur.
230 2025 477 2060 Resolvuntur
494 2031 609 2058 autem
636 2025 840 2058 immediate
864 2025 901 2057 in
920 2025 1104 2066 elementa,

114 2078 203 2112 sicut
220 2088 260 2109 ex
276 2076 347 2109 illis
365 2075 566 2109 immediate
580 2082 656 2109 orta
674 2082 769 2110 sunt.
1285 2074 1466 2116 Quomodo
1483 2072 1579 2110 ‘sunt
1600 2077 1783 2112 elementa
1809 2080 1850 2113 in
1870 2076 2018 2114 mixto?

217 2134 373 2169 Perfecto
396 2134 546 2168 mixtum
569 2145 708 2168 necesse
734 2141 784 2168 est
801 2146 841 2167 ex
860 2141 1012 2179 quatuor
1031 2135 1101 2168 ele·
1256 2139 1380 2174 Dicam
1397 2141 1502 2185 plane
1519 2149 1551 2176 et
1567 2143 1735 2177 &evitem
1761 2143 1801 2177 In
1812 2144 1920 2177 mixto
1937 2151 2050 2178 manet
2067 2156 2142 2176 ma-

114 2185 243 2220 menfis
257 2191 427 2225 constare,
455 2186 502 2218 ita
518 2191 559 2219 Ut
576 2185 748 2219 elementa
766 2185 929 2226 mediate,
957 2183 1024 2219 hoc
1041 2192 1102 2226 est,
1155 2191 1242 2225 teria
1261 2192 1536 2233 elementorum,
1562 2201 1707 2228 manent
1731 2201 1765 2228 et
1779 2195 1981 2240 qualitateS,
2008 2196 2066 2228 sed
2085 2207 2140 2228 re-

115 2236 292 2270 mediante
308 2235 425 2280 aliqua
443 2235 650 2270 alteratione
667 2243 888 2271 concurrant.
924 2236 1002 2270 Hoc
1016 2236 1101 2270 Ari·
1154 2242 1350 2284 missiores,
1378 2249 1411 2276 et
1426 2243 1469 2276 ad
1488 2244 1665 2288 quoddam
1683 2251 2016 2289 temperamentum,
2043 2247 2140 2290 quod

113 2286 254 2321 stoteles
269 2285 404 2319 erudite
423 2287 618 2322 confirmat.
1153 2300 1281 2327 vocant
1313 2295 1466 2339 κρᾶσιν,
1508 2294 1614 2337 vulgo
1646 2295 1923 2339 complexionem
1956 2297 2139 2337 reductae,

214 2344 393 2378 Primum:
435 2341 569 2378 Omnia
599 2346 751 2389 perfecte
774 2346 880 2380 mixta
905 2353 989 2380 sunt
1011 2346 1100 2380 circa
1153 2345 1367 2378 conveniens
1384 2344 1435 2377 illi
1453 2356 1566 2378 novae
1580 2345 1725 2386 formae,
1752 2358 1839 2390 quae
1856 2353 2055 2388 generatur,
2077 2348 2136 2380 sed

114 2405 263 2436 terram,
296 2402 336 2428 ut
359 2394 514 2438 lapides,
547 2397 707 2437 metalla,
743 2397 951 2432 animantia.
1003 2396 1098 2440 Ergo
1124 2421 1128 2463 Ι
1153 2395 1247 2440 ipsae
1270 2396 1404 2429 formae
1426 2395 1672 2428 substantiales
1695 2396 1950 2430 elementorum
1977 2408 2137 2431 corrum—

113 2454 275 2482 constant
293 2458 332 2478 ex
349 2451 452 2479 terra.
497 2444 597 2479 Valet
612 2448 882 2492 consequentia,
909 2448 989 2481 ideo
1004 2448 1097 2481 enim
1152 2453 1304 2490 puntur,
1333 2446 1466 2491 alioqui
1499 2446 1645 2479 mixtum
1668 2457 1741 2479 non
1772 2454 1860 2480 esset
1892 2453 1984 2481 certa
2009 2455 2135 2482 natura

113 2503 282 2542 appetunt
306 2503 452 2535 terram,
478 2495 587 2528 veluti
612 2497 743 2538 locum,
767 2499 848 2543 quia
874 2497 1007 2532 babent
1032 2499 1099 2532 ali-
1124 2466 1127 2527 Ι
1151 2497 1256 2530 unius
1273 2497 1412 2540 speciei.

112 2560 218 2594 quam
243 2555 355 2581 terrae
370 2554 546 2580 naturam.
1252 2555 1347 2589 Haec
1371 2563 1420 2588 est
1449 2567 1547 2593 vera,
1579 2555 1684 2599 plana
1713 2563 1747 2590 et
1778 2556 1926 2601 simplex
1953 2557 2135 2598 sententia,

214 2606 326 2640 Addit
340 2606 486 2639 deinde:
513 2603 687 2638 Constant
704 2616 743 2638 ex
760 2612 862 2639 terra.
897 2606 992 2651 Ergo
1008 2614 1040 2641 et
1056 2619 1096 2640 ex
1151 2620 1255 2652 quam
1280 2606 1488 2639 eruditiores
1513 2606 1585 2638 fere
1614 2618 1736 2640 omnes
1759 2608 1910 2653 amplexi
1936 2616 2038 2650 sunt,
2071 2609 2133 2653 qui

115 2668 224 2702 aqua,
250 2657 331 2702 quia
357 2657 445 2690 sicca
469 2668 540 2689 non
565 2662 713 2700 possunt
735 2656 811 2689 sine
839 2654 987 2691 humido
1010 2670 1097 2692 con-
1150 2655 1205 2691 his
1221 2657 1336 2691 verbis
1357 2668 1432 2689 eam
1457 2656 1622 2691 recitant:
1651 2655 1835 2693 Elementa
1860 2666 1943 2694 sunt
1965 2659 2002 2692 in
2024 2659 2131 2692 mixto

321 771 465 806 Suntne
491 770 638 818 gradus
670 768 902 805 mixtorum?
