2379 2948
184 96 256 132 421
817 96 880 132 IV.

181 180 311 213 toricae
329 187 465 214 tantum
492 181 647 215 forenses
673 189 706 215 et
729 182 907 216 suasoriae
929 182 1113 222 materiae,
1141 190 1173 216 et

180 230 406 266 laudationes
424 234 643 266 tribuuntur.

341 318 400 352 De
427 316 545 352 tribus
569 315 768 363 generibus
798 328 1016 352 causarum.

282 384 323 417 ln
348 385 434 418 locis
457 384 675 418 inventionis
700 384 854 428 primum
887 397 1015 428 genera
1049 397 1170 419 causa-

178 447 256 468 rum
275 436 558 475 distribuuntur,
588 435 623 467 id
642 432 708 467 hoc
726 436 875 469 consilio
902 437 951 472 fit.
1007 435 1048 469 In
1073 443 1168 471 tanta
1194 453 1196 474 ς

176 487 344 520 varietate
363 486 609 529 negociorum,
637 485 797 519 diversae
816 487 916 531 quasi
933 488 1058 521 classes
1071 488 1168 522 loco-

177 549 255 570 rum
273 538 453 570 faciendae
471 537 627 572 suerunt.
663 536 751 570 Nam
773 538 861 570 aliie
878 539 1061 577 materiae,
1080 540 1168 572 alios

175 588 362 633 requirunt
385 588 491 622 locos.
548 587 720 632 Ideoque,
747 599 812 629 ne,
839 589 867 621 si
892 601 1015 623 omues
1041 591 1107 623 loci
1128 591 1165 624 in

174 651 286 672 unum
305 651 466 671 acervum
485 639 640 682 congesti
657 646 790 677 essent,
816 640 970 673 difficilis
986 648 1073 674 esset
1092 642 1163 674 elc-

174 690 261 730 ctio,
296 690 463 722 materiae
496 690 765 731 discernuntur,
802 698 840 724 ut
874 692 1018 725 cuilibet
1043 694 1192 735 generir

172 740 227 773 sui
245 740 311 773 loci
329 740 455 773 subiici
475 741 621 784 possint,
650 748 683 774 et
700 740 918 784 deprehenso
937 755 1063 786 genere
1081 755 1162 776 cau-

172 802 239 831 sae,
266 791 364 836 quasi
382 791 535 835 regione,
561 792 676 825 statim
693 792 777 824 sciat
794 794 1056 838 unusquisque,
1083 795 1162 839 qui-

169 842 235 874 bus
254 842 339 875 locis
358 849 427 876 tota
446 854 499 875 res
519 843 651 875 includi
669 844 804 878 debeat.
845 843 941 886 Quas
958 852 1073 878 autem
1090 846 1162 879 uti—

168 892 284 926 litates
305 901 480 937 praeterea
497 891 620 927 habeat
643 892 725 929 haec
751 896 979 937 negociorum
1007 897 1160 940 partitio,

168 945 273 987 paulo
294 953 370 987 post
388 946 632 985 ostendemus,
659 946 847 989 propositis
866 948 1043 990 exemplis.

271 995 386 1039 Vulgo
406 996 472 1029 tria
496 1003 684 1029 numerant
701 1008 826 1039 genera
853 1009 1048 1032 causarum.
1087 997 1158 1031 De-

166 1048 459 1087 monstrativum,
495 1060 565 1092 quo
591 1048 793 1080 continetur
819 1048 894 1081 laus
918 1055 951 1082 et
978 1049 1156 1092 vitupera—

165 1097 227 1132 tio.
280 1097 581 1138 Deliberativum,
611 1099 704 1143 quod
731 1105 888 1131 versatur
912 1099 948 1131 iu
974 1101 1155 1133 suadendo

166 1155 198 1181 et
215 1148 467 1182 dissuadendo.
523 1148 715 1191 Iudiciale,
743 1151 837 1193 quod
868 1157 990 1184 tractat
1014 1158 1154 1183 coutro-

166 1198 295 1232 versias
320 1200 488 1234 forenses,
556 1198 630 1242 Ego
661 1201 864 1232 addendum
894 1213 1017 1234 censeo
1050 1199 1155 1236 διδα-

166 1247 341 1284 σκαλικὸν
351 1262 473 1294 genus,
501 1254 594 1295 quod
613 1251 675 1284 etsi
694 1252 734 1283 ad
755 1250 973 1284 dialecticam
987 1253 1151 1296 pertinet,

163 1308 301 1340 tamen,
328 1301 390 1334 ubi
405 1302 633 1344 negociorum
654 1313 779 1344 genera
808 1309 1053 1342 recensentur,
1080 1315 1152 1336 non

134 1381 138 1382 .
162 1358 213 1384 est
231 1353 604 1395 praetermittendum,
627 1352 851 1395 praesertim,
879 1365 958 1385 cum
978 1351 1044 1386 hoc
1065 1361 1152 1386 tem—

160 1414 246 1447 pore
263 1402 318 1434 vel
338 1403 526 1436 maximam
544 1414 646 1435 usum
669 1403 706 1434 iu
725 1400 892 1436 Ecclesiis
918 1402 1062 1445 habeat,
1089 1406 1151 1438 ubi

161 1466 235 1487 non
263 1460 401 1487 tantum
435 1454 613 1486 suasoriae
638 1453 826 1486 conciones
852 1452 1036 1488 habendae
1059 1463 1152 1497 sunt,

161 1506 220 1537 sed
244 1504 356 1537 multo
379 1505 517 1548 saepius
547 1502 712 1537 homines
746 1505 1011 1538 dialecticorum
1044 1518 1152 1548 more,

161 1557 204 1588 de
222 1556 446 1599 dogmatibus
462 1555 644 1598 religionis
662 1556 810 1588 docendi
831 1564 932 1595 sunt,
959 1563 995 1589 ut
1018 1570 1054 1590 ea
1072 1570 1151 1601 per—

158 1608 247 1640 fecte
268 1618 477 1650 cognoscere
495 1607 642 1651 possint.
671 1605 733 1639 Est
751 1614 865 1640 autem
886 1605 1151 1643 διδασκαλικὸν

159 1670 286 1702 genus,
321 1656 508 1692 methodus
529 1658 589 1690 illa
612 1658 782 1700 docendi,
818 1670 906 1702 quae
932 1660 1085 1692 traditur
1113 1660 1149 1692 in

158 1710 359 1752 dialectica,
389 1710 489 1742 cuius
512 1708 720 1753 particulam
745 1709 969 1744 retinuerunt
992 1708 1150 1744 rhetores

158 1761 196 1793 in
219 1767 310 1794 statu
334 1760 486 1795 finitivo.
540 1758 602 1793 Est
629 1766 661 1792 et
687 1760 1005 1803 demonstrativum
1029 1773 1149 1804 genus,

157 1811 263 1845 affine
280 1809 533 1856 διδασκαλικῴ
549 1810 680 1853 generi.
735 1809 968 1856 Plaerumque
986 1812 1081 1844 enim
1099 1820 1148 1846 est

157 1862 316 1896 definitio
329 1891 338 1904 ,
365 1863 425 1896 sed
443 1862 652 1906 amplificata
668 1862 885 1895 ornamentis
902 1862 1079 1901 oratoriis,
1109 1870 1147 1896 ut

156 1921 324 1959 tanquam
362 1914 516 1959 pictura,
567 1913 610 1945 ab
643 1912 814 1955 imperitis
851 1913 959 1955 magis
990 1915 1146 1958 conspici

156 1965 283 2009 possit,
319 1972 358 1998 ut
387 1965 415 1998 si
441 1965 520 2009 quis
544 1964 664 1996 laudet
692 1963 802 2006 legeS,
837 1971 868 1997 et
892 1965 934 1996 de
958 1965 1146 1998 autoritate
1171 1989 1173 2000 2

155 2017 271 2058 legum
292 2016 394 2054 dicat,
422 2016 451 2049 is
469 2015 611 2048 definiet
630 2015 733 2057 leges,
761 2021 794 2047 et
811 2015 1051 2048 definitionem
1070 2028 1145 2049 am-

155 2067 337 2111 plificabit.
390 2066 560 2106 Psalmus,
579 2066 667 2098 dixit
691 2065 877 2106 dominus,
906 2074 998 2100 recte
1022 2067 1057 2099 in
1078 2065 1144 2100 hoc

157 2129 283 2162 genere
310 2126 481 2162 ponetur,
520 2118 641 2150 laudat
671 2116 765 2149 enim
791 2114 982 2152 Christum.
1027 2118 1143 2163 Atque
1169 2150 1171 2164 s

155 2169 242 2202 'haec
266 2169 419 2203 laudatio
450 2168 658 2213 simpliciter
686 2167 845 2201 definitio
878 2170 1049 2214 quaedam
1081 2176 1142 2209 est,

156 2219 324 2253 describit
355 2221 446 2253 enim
478 2231 664 2264 personam
697 2217 849 2260 Christi,
891 2228 1142 2254 commemorat

156 2272 232 2305 eius
247 2270 380 2311 officia,
405 2271 547 2315 exponit
563 2269 759 2304 Dominum
777 2283 863 2312 esse,
891 2272 950 2316 qui
974 2284 990 2304 a
1011 2273 1141 2305 dextris
1167 2275 1169 2306 ἲ

155 2321 223 2356 Dei
248 2322 388 2362 sedeat,
414 2319 480 2354 hoc
506 2328 574 2362 est,
599 2322 672 2365 pari
700 2322 857 2366 potentia
882 2335 960 2355 cum
987 2320 1062 2355 Deo
1086 2335 1141 2356 re—
1166 2331 1168 2355 ἶ

156 2379 257 2418 gnet,
286 2372 387 2405 addit
403 2373 463 2405 ubi
482 2373 685 2416 proditurus
702 2372 757 2413 sit,
784 2374 948 2407 videlicet
977 2374 1013 2405 in
1041 2373 1141 2415 Sion,
1166 2393 1168 2415 ÷

156 2425 252 2470 quod
271 2431 499 2468 superaturus
515 2423 559 2456 sit
577 2420 708 2456 hostes:
736 2421 816 2457 Erit
833 2431 867 2458 et
885 2426 1056 2465 sacerdos,
1084 2425 1139 2457 in-

156 2476 252 2521 quit,
279 2487 342 2520 per
359 2486 462 2519 quem
481 2473 678 2518 placabitur
695 2475 799 2507 nobis
819 2474 934 2514 Deus,
961 2474 1008 2509 Et
1024 2477 1139 2509 addit:

155 2527 268 2572 qualis
304 2526 348 2560 sit
375 2527 516 2559 futurus
548 2525 727 2565 sacerdos,
769 2526 933 2560 videlicet
965 2533 1141 2567 aeternus,

155 2590 227 2611 non
246 2577 444 2617 Leviticus,
470 2577 529 2609 sed
552 2574 611 2620 qui
635 2575 837 2616 benedicat,
863 2578 923 2621 qui
949 2579 1142 2611 annunciet

935 94 1211 132 ELEMENTA
1241 95 1576 139 RHETORICES.

153 2628 397 2661 remissionem
424 2633 657 2672 peccatorum.
710 2624 848 2659 Deinde
865 2629 1031 2662 describit
1057 2640 1141 2672 sup-

155 2679 260 2723 plicia
279 2679 492 2723 impiorum,
525 2677 586 2722 qui
614 2674 697 2709 huic
721 2675 876 2711 Domino
900 2679 1141 2713 adversantur.
1167 2711 1170 2713 ,

2141 117 2214 153 422

1230 180 1271 214 In
1289 182 1358 215 fine
1374 185 1574 221 subindicat
1592 189 1695 224 etiam
1714 191 1827 236 ipsum
1843 192 2038 230 Dominum
2054 211 2213 235 commu-

1227 244 1288 266 nes
1304 233 1512 269 afflictiones
1535 240 1735 275 subiturum
1760 256 1850 283 esse,
1877 258 1915 279 ex
1941 248 2070 292 quibus
2096 257 2212 286 tamen

1226 283 1423 320 reviviscet.
1458 286 1496 320 si
1515 289 1594 332 quis
1612 289 1678 325 hoc
1695 296 1800 328 modo
1817 296 2212 336 animadverteritPsal-

1224 346 1321 367 mum
1340 346 1412 368 esse
1431 338 1702 381 descriptionem
1720 343 1868 387 Christi,
1895 356 1927 382 et
1952 349 2108 393 singulas
2130 365 2211 396 par-

1226 391 1276 417 tes
1296 387 1337 417 ad
1360 386 1584 421 definitiones
1595 392 1793 429 dialecticas
1809 398 1894 432 sciat
1909 400 2112 435 referendas
2129 415 2211 445 esse,

1223 435 1251 467 is
1268 435 1371 480 plane
1387 437 1560 482 intelliget
1580 440 1774 485 psalmum,
1797 454 1830 480 ct
1848 460 1926 481 cum
1947 451 2014 485 erit
2036 465 2142 496 opus,
2170 467 2210 488 ex

1222 487 1492 522 definitionibus
1510 491 1664 534 partium
1681 494 1782 528 facile
1799 498 1989 535 illustrabit
2013 505 2149 544 omnia,
2176 514 2209 540 et

1221 538 1460 582 amplificabit.
1507 541 1599 575 Sunt
1613 550 1727 577 autem
1746 547 1834 579 aliae
1853 551 1981 584 multae
1998 556 2127 597 species
2144 554 2209 588 ho-

1220 601 1297 621 rum
1317 601 1496 632 generum,
1524 604 1610 637 quas
1627 606 1833 630 enumerare
1848 611 1919 631 non
1942 609 1990 635 est
2007 616 2106 647 opus.
2140 606 2208 639 Fa-

1219 640 1284 672 cile
1301 641 1394 673 enim
1415 649 1463 675 est
1482 643 1648 685 iudicare,
1667 658 1756 690 quae
1772 650 1902 692 species
1919 652 1962 684 ad
1984 656 2078 697 quod
2097 667 2208 698 genus

1220 692 1431 734 pertineant.
1484 694 1540 726 Ad
1559 695 1878 732 demonstrativum
1904 703 2056 744 pertinet
2079 708 2207 747 gratia-

1219 753 1296 774 rum
1330 743 1439 785 actio,
1484 744 1669 780 laudamus
1706 750 1799 782 enim
1834 751 2054 788 beneficium.
2110 756 2207 791 Talis

1217 800 1264 825 est
1282 794 1396 827 oratio
1413 807 1477 838 pro
1496 795 1547 831 M.
1563 796 1746 834 Marcello.
1801 800 1876 835 Sub
1894 804 2123 839 deliberativo
2144 820 2205 851 po-

1216 846 1352 876 nendae
1375 853 1457 878 sunt
1477 848 1680 890 petitiones,
1710 854 2055 897 commendationes,
2082 858 2205 901 depre-

1214 895 1369 928 cationes
1383 921 1391 935 ,
1428 898 1708 941 consulationes‚
1744 902 2027 947 obiurgationes,
2060 915 2092 942 et
2118 910 2206 942 aliae

1215 946 1344 979 [miltae
1363 948 1512 991 species,
1539 962 1624 994 quas
1643 961 1797 987 recenset
1814 952 1982 989 Erasmus
2006 958 2043 990 in
2068 960 2203 992 ratione

1214 997 1479 1031 scribendarum
1498 999 1753 1043 Epistolarum.

1305 1082 1365 1117 Ad
1382 1083 1473 1128 quid
1491 1085 1678 1120 conducat
1697 1099 1802 1123 nosse
1815 1101 1935 1136 yemcs
1951 1104 2098 1129 causae.

1315 1150 1360 1184 [t
1377 1152 1488 1185 sciant
1506 1154 1761 1197 adolescentes,
1789 1161 1932 1202 quando
1948 1161 2099 1197 debeant
2116 1176 2201 1197 con-

1210 1201 1324 1234 sulere
1341 1202 1436 1235 locos
1456 1203 1686 1244 inventionis,
1707 1208 1861 1250 primum
1879 1208 1945 1244 hoc
1962 1214 2199 1254 meminerint,

1209 1252 1303 1284 locos
1321 1265 1393 1286 non
1412 1254 1573 1287 conferre
1590 1258 1632 1288 ad
1650 1257 1904 1293 inveniendum
1924 1264 2122 1305 negocium,
2139 1278 2199 1299 seu

1208 1302 1358 1346 primam
1393 1306 1645 1349 quaestionem.
1707 1307 1884 1353 Tempora
1920 1313 2013 1346 enim
2043 1315 2199 1351 offerunt

1208 1355 1415 1395 negocium,
1444 1362 1482 1388 ut
1501 1356 1657 1399 litigator
1672 1359 1784 1393 defert
1807 1363 1991 1404 negocium
2017 1367 2060 1398 ad
2083 1368 2197 1400 causi-

1207 1405 1338 1440 dicum.
1386 1404 1535 1440 Docenti
1556 1408 1592 1439 in
1610 1405 1788 1451 Ecclesia,
1817 1420 1909 1445 certa
1928 1416 2073 1449 materia
2090 1417 2128 1450 in
2143 1429 2196 1451 sa-

1207 1455 1274 1488 cris
1293 1455 1404 1488 literis
1425 1458 1634 1502 praescripta
1659 1466 1730 1501 est,
1754 1473 1858 1505 quam
1886 1464 2060 1507 explicare
2083 1468 2196 1502 debet.

1209 1505 1248 1538 ln
1274 1504 1445 1550 Epistolis
1473 1508 1668 1542 scribendis
1702 1513 1817 1545 variae
1846 1515 2063 1559 occasiones,
2097 1520 2195 1553 varia

1206 1557 1360 1591 offerunt
1377 1566 1594 1601 argumenta.
1630 1560 1752 1606 Itaque
1769 1576 1840 1597 non
1861 1566 2014 1600 traditur
2031 1581 2096 1610 ars,
2120 1582 2194 1604 non

1207 1610 1398 1642 traduntur
1417 1618 1597 1654 praecepta
1622 1613 1664 1645 de
1688 1615 1838 1656 negotiis
1862 1616 2104 1661 inveniendis,
2133 1621 2193 1656 illa

1206 1671 1286 1692 vero
1306 1661 1398 1693 ultro
1424 1672 1458 1693 se
1485 1662 1659 1701 offerunt,
1688 1676 1727 1697 ac
1750 1665 1923 1709 fugientes
1946 1669 2049 1702 etiam
2075 1683 2193 1715 perse-

1205 1718 1383 1755 qmmtur,
1411 1718 1443 1745 et
1460 1713 1501 1744 ad
1522 1710 1587 1746 hoc
1605 1725 1660 1746 ars
1675 1721 1746 1748 tota
1767 1717 1956 1760 excogitata
1974 1727 2034 1761 est,
2061 1734 2133 1755 non
2153 1730 2191 1756 ut

1205 1774 1266 1804 per
1288 1762 1412 1795 ludum
1439 1763 1573 1796 ociosas
1602 1766 1763 1799 materias
1796 1780 2024 1812 quaeramuS‚
2065 1774 2122 1805 sed
2152 1781 2191 1808 ut

1202 1823 1341 1854 graves,
1385 1824 1528 1855 magnas
1552 1821 1584 1848 et
1609 1815 1775 1850 obscuras
1801 1830 1939 1860 causas,
1973 1833 2059 1866 quas
2085 1823 2190 1858 offert

1203 1863 1305 1895 nobis
1322 1864 1540 1907 respublica,
1567 1865 1788 1908 explicemus.
1843 1868 1930 1903 Cum
1948 1870 2058 1914 igitur
2080 1885 2188 1918 nego-

1201 1914 1293 1946 cium
1316 1915 1474 1947 oblatum
1499 1922 1570 1956 est,
1604 1914 1661 1949 hic
1693 1919 1847 1961 primum
1881 1932 1938 1954 ars
1972 1924 2188 1959 consulenda

1201 1971 1268 2004 est,
1296 1971 1327 1997 et
1346 1965 1454 1998 inicio
1471 1967 1717 2009 cogitandum,
1745 1971 1786 2002 ad
1809 1972 1903 2015 quod
1929 1983 2038 2015 genus
2065 1987 2187 2009 causae

1200 2027 1252 2048 res
1280 2017 1463 2058 pertineat.
1520 2016 1604 2050 Ideo
1627 2019 1720 2051 enim
1754 2021 1917 2056 distincta
1947 2032 2028 2058 sunt
2058 2037 2185 2069 genera

1199 2078 1401 2107 causarum,
1427 2080 1470 2100 ne
1490 2068 1556 2101 loci
1576 2069 1610 2101 in
1629 2071 1732 2103 turba
1756 2072 1818 2104 diu
1843 2075 2035 2117 quaerendi
2060 2084 2184 2111 essent.

1199 2117 1318 2160 Quare
1347 2116 1567 2162 deprehenso
1591 2132 1718 2162 genere
1748 2134 1887 2164 causae,
1921 2125 2036 2158 statim
2059 2139 2183 2161 occur-

1196 2175 1272 2201 rent
1286 2169 1369 2202 certi
1387 2170 1455 2203 loci
1468 2171 1509 2203 ad
1527 2171 1804 2215 patefaciendam
1821 2181 1853 2207 et
1871 2177 2088 2209 tractandam
2107 2191 2183 2212 ma-

1196 2220 1317 2253 teriam
1339 2221 1452 2256 utiles.

1298 2270 1446 2305 Prodest
1477 2280 1592 2306 autem
1620 2273 1698 2306 ideo
1724 2275 1826 2306 etiam
1851 2275 2045 2320 intelligere
2071 2290 2179 2322 genus

1194 2334 1329 2363 causae,
1357 2324 1437 2367 quia
1455 2336 1581 2366 genere
1598 2325 1749 2366 cognito,
1779 2327 1989 2369 prospicitur
2004 2328 2084 2363 finis
2099 2343 2179 2364 ora-

1194 2374 1323 2414 tionis,
1356 2372 1422 2407 hoc
1456 2382 1524 2415 est,
1560 2375 1742 2418 praecipua
1776 2377 1946 2418 intentio,
1982 2386 2015 2412 et
2043 2391 2177 2415 summa

1194 2425 1353 2465 consilii,
1381 2437 1440 2458 seu
1457 2432 1495 2458 ut
1513 2434 1655 2463 vocant,
1682 2437 1807 2468 scopus
1823 2428 2005 2464 orationis.
2060 2431 2177 2465 Pluri-

1195 2488 1291 2509 mum
1306 2483 1420 2509 autem
1439 2476 1544 2508 refert
1563 2476 1598 2507 in
1616 2476 1713 2507 omni
1738 2488 1918 2520 sermone,
1946 2480 1982 2513 in
2010 2483 2176 2517 omnibus

1193 2527 1363 2570 negotiis,
1398 2537 1499 2559 nosse
1522 2526 1645 2565 finem,
1681 2523 1746 2559 hoc
1771 2535 1837 2569 est,
1864 2542 1952 2574 quae
1976 2533 2110 2566 utilitas
2135 2546 2175 2568 ex

1193 2578 1353 2610 oratione
1369 2577 1579 2620 expectanda
1597 2576 1652 2611 sit.
1705 2575 1835 2612 Omnis
1852 2581 1947 2614 enim
1964 2583 2088 2624 oratio,
2115 2592 2175 2619 aut

1193 2629 1234 2661 ad
1251 2628 1448 2660 docendum
1465 2626 1674 2667 instituitur,
1701 2636 1760 2662 aut
1780 2638 1917 2673 praeter
1936 2633 2173 2676 cognitionem

1192 2677 1297 2712 habet
1320 2677 1428 2710 alium
1452 2677 1579 2761 fissffik
1614 2678 1794 2722 videlicet,
1820 2684 1913 2727 quod
1940 2684 2073 2729 aliquid
2098 2685 2173 2719 fieri
