2379 2948
262 130 330 165 651

268 226 339 249 esse
363 211 524 246 homines
548 214 727 247 mortuos,
761 212 794 240 et
818 203 1011 239 Ecclesiam
1039 213 1247 240 ornaturum

270 273 409 299 aeterna
425 262 556 305 gloria,
583 266 615 292 et
635 257 761 300 impios
787 256 1003 290 abiecturum
1030 258 1067 290 in
1092 264 1249 315 aeternas

271 326 411 361 poenas.
453 311 519 345 Sed
540 309 641 342 multi
657 307 885 341 audacissime
903 314 1100 352 repugnant
1119 308 1250 341 divmis

271 365 439 403 oraculis,
468 368 506 394 ut
522 359 688 403 Epicurei
706 365 738 391 et
757 358 829 392 alii.
882 357 967 391 Pars
993 366 1109 413 tamen
1134 359 1250 403 aliqua

271 415 405 460 generis
423 410 569 446 humani
595 410 798 448 assentitur,
828 408 1035 442 testimoniis
1062 409 1250 442 miraculo—

271 478 349 500 rum
367 471 471 504 mota,
501 462 537 495 in
553 472 620 506 qua
640 472 722 493 voce
741 457 924 501 Evangelii
944 459 1097 503 Spiritus
1113 467 1251 493 sanctus
1277 474 1278 477 ¹

272 516 362 550 hanc
378 515 489 548 lucem
509 511 682 551 accendit,
710 517 741 543 et
758 510 863 542 ssectit
889 517 1039 542 mentem
1065 511 1107 542 ad
1134 521 1250 542 assen-

272 567 432 601 tiendum
464 571 496 597 et
529 574 626 595 mens
663 562 908 603 obtemperans
939 560 1087 604 Spiritui
1122 567 1252 600 sancto,

272 616 494 662 amplectitur
518 625 637 647 vocem
663 610 866 653 Evangelii,
895 617 927 643 et
953 618 1125 654 repugnat
1147 611 1252 644 dubi-

272 667 409 703 tationi.
462 664 508 698 Et
528 662 611 696 haec
627 661 799 701 assensio,
827 673 914 705 quae
933 661 1155 705 amplectitur
1172 673 1252 718 sen-

272 719 398 754 tentias
416 729 434 749 a
453 714 526 748 Deo
547 713 742 757 patefactas,
770 711 900 744 dicitur
917 711 1040 751 Fides,
1068 724 1156 756 quae
1175 725 1253 757 qni-

273 772 351 803 dem
371 769 406 800 in
428 766 505 799 aliis
527 763 744 806 languidior,
772 762 808 793 in
830 762 907 794 aliis
925 762 1060 794 firmior
1079 770 1139 796 est.
1181 762 1253 796 Nec

274 822 348 853 leve
370 816 575 850 beneficium
602 813 667 846 Dei
691 824 762 845 esse
787 814 972 853 ducamus,
1008 814 1099 857 quod
1129 825 1168 846 ex
1193 813 1254 845 illa

273 882 334 904 sua
353 879 475 902 arcana
495 866 572 898 sede
599 863 750 908 prodiit,
778 869 809 895 et
835 874 868 895 se
891 863 993 896 nohis
1017 864 1195 907 patefecit,
1223 870 1255 896 et

274 934 312 954 ea
336 917 566 963 patefactione
592 921 734 948 testatus
760 921 826 953 est,
864 914 931 946 sibi
955 926 1034 947 vere
1061 926 1170 957 genus
1188 912 1255 947 hu-

274 981 418 1005 manum
436 978 537 1000 curae
556 977 636 999 esse.
681 964 733 998 Sit
750 964 855 1006 igitur
873 965 1057 1008 patefactio
1077 965 1136 998 illa
1154 977 1254 1009 prae—

274 1023 417 1066 cipuum
435 1019 525 1051 vitae
546 1017 686 1056 lumen,
714 1022 745 1047 et
765 1015 935 1058 gubernet
960 1027 1080 1048 omnes
1100 1016 1255 1053 actiones

275 1080 307 1106 et
324 1070 441 1104 omnia
459 1067 615 1101 consilia.
668 1064 713 1098 Et
738 1066 775 1097 in
800 1065 1006 1110 quotidiana
1030 1066 1254 1099 invocatione

274 1122 401 1166 gratias
424 1129 566 1162 agamus
591 1116 686 1156 Deo,
715 1117 807 1160 quod
839 1116 1009 1148 immensa
1038 1117 1195 1150 bonitate
1221 1128 1255 1149 se

275 1173 378 1206 nobis
398 1168 609 1214 patefecerit.
663 1165 966 1200 Considerandum
985 1174 1034 1200 est
1049 1174 1165 1201 autem
1183 1167 1256 1200 dis-

275 1225 419 1257 crimen.
473 1219 656 1262 Quaedam
679 1229 762 1249 voce
787 1216 853 1249 Dei
878 1218 1006 1250 tradita
1032 1225 1132 1258 sunt,
1167 1230 1256 1262 quae

275 1275 379 1308 etiam
404 1277 529 1304 natura
555 1275 637 1302 nota
662 1274 761 1307 sunt,
798 1274 836 1300 ut
869 1275 1048 1312 praecepta
1080 1268 1257 1311 Decalogi.

276 1325 342 1359 Sed
362 1322 474 1356 voluit
489 1320 583 1354 Deus
603 1319 764 1352 accedere
789 1330 909 1351 vocem
933 1329 1049 1360 suam,
1076 1326 1115 1353 nt
1140 1326 1257 1352 osten-

278 1377 374 1408 deret
393 1373 470 1405 illas
487 1372 578 1414 ipsas
595 1369 741 1402 noticias
758 1369 933 1401 naturales
950 1381 967 1401 a
987 1379 1058 1402 sese
1081 1370 1258 1402 mentibus

279 1424 409 1458 nostris
441 1422 570 1454 inditas
599 1432 690 1459 esse,
728 1426 759 1452 et
790 1419 899 1461 legem
931 1431 1022 1452 novo
1056 1420 1257 1453 testimonio

278 1475 444 1511 sanciret,
488 1484 526 1505 ac
557 1473 669 1503 bonae
701 1470 810 1502 menti
842 1477 937 1512 grata
963 1477 1011 1503 est
1037 1471 1257 1504 confirmatio

279 1525 433 1559 veritatis
445 1550 453 1563 ,
480 1522 541 1555 ubi
561 1520 726 1562 intelligit
743 1521 783 1552 ad
800 1520 996 1553 naturalem
1012 1521 1178 1554 noticiam
1203 1534 1258 1554 ac-

279 1577 418 1610 cessisse
436 1573 616 1606 coelestem
634 1583 764 1605 vocem.
811 1568 918 1603 Ratio
939 1569 1171 1614 deprehendit
1190 1578 1258 1604 ter-

278 1639 352 1660 ram
370 1632 459 1658 stare
478 1624 676 1661 immotam,
706 1627 737 1653 et
758 1619 874 1653 Solem
893 1621 1037 1654 moveri.
1091 1621 1158 1654 Sed
1178 1634 1257 1654 cum

278 1678 371 1710 idem
391 1674 560 1708 divinitus
574 1672 741 1706 traditum
759 1681 830 1703 esse
849 1671 1024 1715 andimus,
1053 1672 1187 1704 firmius
1205 1684 1259 1706 as-

279 1728 462 1762 sentimur.

279 1779 449 1811 divinitus
467 1775 623 1813 traditae,
649 1784 737 1817 qnae
755 1778 854 1805 antea
872 1784 1013 1815 prorsus
1029 1773 1167 1815 ignotae
1184 1774 1260 1807 sue-

280 1835 358 1862 rant
374 1826 539 1860 omnibns
556 1823 740 1863 creaturis,
764 1829 802 1856 ut
820 1834 886 1855 vox
906 1821 1091 1866 Evangelii
1108 1824 1150 1856 de
1167 1823 1259 1858 Filio

280 1879 364 1918 Dei,
390 1876 544 1910 Domino
573 1881 692 1906 nostro
712 1873 789 1905 Iesu
805 1870 966 1910 Christo,
993 1875 1035 1906 de
1054 1875 1259 1908 reconcilia-

280 1930 393 1967 tione,
421 1928 462 1959 de
482 1925 644 1969 praemiis
665 1931 697 1957 et
714 1923 835 1968 poenis
857 1925 1024 1957 aeternis:
1052 1923 1125 1967 Qui
1149 1926 1259 1959 credit

282 1981 318 2012 in
337 1978 482 2016 Filium,
511 1974 614 2008 habet
632 1975 737 2007 vitam
755 1974 941 2014 aeternam,
969 1974 1041 2016 Qui
1056 1982 1170 2008 autem
1188 1989 1260 2010 non

282 2029 393 2064 credit
408 2027 517 2066 Filio,
545 2038 617 2058 non
636 2025 768 2057 videbit
791 2024 917 2065 vitam,
945 2026 1004 2057 sed
1029 2026 1079 2058 ira
1095 2025 1161 2059 Dei
1186 2040 1259 2060 ma-

282 2087 341 2113 net
366 2079 529 2112 adversus
554 2088 649 2114 eum,
676 2074 768 2107 Vivo
795 2085 873 2116 eg0‚
904 2076 986 2108 nolo
1008 2084 1156 2109 mortem
1183 2090 1260 2121 pec-

283 2130 427 2169 catoris,
453 2128 510 2161 sed
536 2133 574 2160 ut
600 2131 822 2159 convertatur
845 2131 876 2157 et
895 2125 1006 2165 vivat,
1034 2127 1178 2160 Credito
1196 2129 1260 2162 tibi

283 2181 349 2225 ipsi
383 2185 476 2213 certo
511 2176 642 2210 remitti
678 2181 816 2219 peccata
852 2182 994 2219 propter
1028 2176 1158 2210 Filium
1185 2178 1262 2221 Dei,

284 2232 396 2265 Crede
414 2235 555 2273 propter
573 2227 704 2260 Filium
720 2220 788 2258 Dei
807 2232 884 2258 tuos
904 2226 1069 2268 gemitus,
1090 2235 1164 2261 tuas
1183 2241 1261 2273 pre-

283 2293 337 2316 ces
362 2280 481 2324 recipi.
533 2277 627 2311 Haec
662 2278 759 2309 firma
791 2276 988 2308 assensione
1022 2279 1260 2321 amplectenda

282 2339 374 2372 sunt,
402 2338 435 2364 et
452 2329 660 2363 assensionis
676 2338 776 2360 causa
792 2326 837 2359 sit
852 2327 1020 2360 autoritas
1037 2328 1168 2368 divina,
1193 2343 1260 2376 qua

282 2382 347 2416 hae
366 2380 556 2415 sententiae
574 2379 675 2411 nobis
691 2377 837 2411 traditae
856 2384 956 2418 sunt,
985 2385 1017 2411 et
1039 2381 1261 2415 confirmatae

286 2433 480 2466 illustribus
499 2428 727 2469 testimoniis,
753 2435 791 2462 ut
814 2428 1079 2463 resuscitatione
1102 2439 1261 2465 mortuo-

285 2495 362 2515 rum
380 2489 412 2514 et
428 2481 514 2516 aliis.
564 2479 667 2513 Mens
686 2479 793 2522 igitur
813 2479 983 2522 cogitans,
1005 2491 1067 2513 cur
1091 2478 1155 2514 hae
1181 2494 1260 2516 sen-

285 2533 412 2566 tentiae
436 2532 599 2564 immotae
624 2530 713 2570 sint,
749 2529 928 2563 intueatur
953 2537 1110 2564 autorem
1137 2531 1262 2575 Deum,

284 2582 397 2628 quise
418 2581 465 2613 sic
482 2579 622 2622 agnosci
638 2586 670 2612 et
692 2580 850 2613 invocari
872 2580 965 2620 vult,
993 2581 1082 2615 sicut
1107 2594 1141 2616 se
1166 2591 1262 2627 pate-

283 2632 376 2666 fecit.
432 2630 504 2663 Nec
522 2630 594 2663 vult
612 2642 674 2663 nos
692 2628 845 2663 humana
870 2632 1014 2664 audacia
1037 2632 1158 2666 ludere
1185 2635 1262 2679 opi-

283 2682 452 2717 nionibus
468 2681 510 2714 de
535 2691 588 2720 se,
616 2687 653 2713 ut
676 2681 835 2715 luserunt
855 2678 998 2715 Ethnici
1021 2690 1082 2717 aut
1099 2681 1262 2720 Philoso-

508 122 714 161 SCRIPTA
743 121 818 156 ΡΗ.
848 118 961 155 MEL.
992 119 1058 155 AD
1084 120 1209 156 HlST.
1235 121 1378 162 PROF.
1405 124 1471 160 ΕΤ
1499 124 1689 163 PHILOS.
1717 126 2036 167 SPECTANTIA.

516 1723 606 1757 Sunt
622 1729 737 1756 autem
761 1721 849 1754 aliae
872 1723 1043 1766 quaedam
1069 1723 1260 1756 sententiae
1281 1738 1283 1740 ’

1287 2206 1288 2213 ,
1315 2182 1432 2220 ribus,
1460 2194 1547 2227 quae
1563 2191 1644 2217 sunt
1663 2197 1783 2219 causae
1809 2190 2058 2226 conclusionis.

1287 2721 1289 2726 ,
1315 2694 1390 2722 tum
1418 2696 1467 2723 est
1487 2689 1599 2726 maius
1623 2692 1777 2736 qualibet
1806 2704 1866 2728 sua
1898 2703 2006 2739 parte.

2207 132 2280 168 652

1302 208 1376 255 phi.
1417 209 1597 244 Hactenus
1615 223 1734 246 causas
1752 214 1897 258 exposui
1914 217 2133 252 certitudinis
2149 219 2281 254 doctri-

1303 272 1448 302 narum,
1483 263 1524 295 de
1555 273 1622 307 qua
1649 274 1788 304 rursus,
1821 271 1858 297 ut
1885 271 1986 298 antea
2012 279 2129 311 saepe,
2163 271 2281 305 iunio·

1304 322 1357 344 res
1389 324 1533 353 moneo,
1569 319 1607 346 ut
1639 314 1681 345 ad
1711 311 1800 347 hanc
1830 325 1865 347 se
1888 315 2107 358 diligentiam
2130 323 2282 355 assuefa-

1304 362 1415 401 ciant,
1442 363 1665 396 discernendi
1684 371 1774 397 certa
1794 365 1837 397 ab
1856 365 2009 402 incertis.
2063 367 2171 414 Saepe
2187 372 2282 405 enim

1305 413 1347 445 de
1365 414 1500 456 magnis
1525 414 1629 447 rebus
1653 414 1826 449 falluntur
1851 413 2035 457 homines,
2062 419 2123 462 qui
2146 421 2283 464 fugaces

1305 464 1447 496 umbras
1466 471 1629 509 tanquam
1647 477 1701 498 res
1727 472 1857 506 certas,
1885 475 2097 513 sequuntur,
2126 482 2187 504 seu
2211 473 2284 516 qui,

1305 521 1343 546 ut
1359 512 1543 548 Theocriti
1559 515 1708 559 piscator
1726 517 1876 550 laetatur
1896 518 2033 552 somnio
2050 521 2146 553 aurei
2170 521 2284 565 piscis,

1306 565 1353 597 ita
1372 565 1437 608 ipsi
1455 565 1620 598 inanibus
1630 567 1862 610 opinionibus
1873 568 2101 603 delectantur.
2127 569 2174 605 Et
2185 583 2285 616 saepe

1307 614 1344 646 in
1369 616 1438 648 vita
1462 616 1606 656 accidit,
1641 617 1675 649 id
1701 619 1795 661 quod
1819 617 1945 652 Graeci
1970 620 2108 655 dicunt:
2135 618 2286 666 μάταιοί

1305 661 1445 709 μάταια
1464 664 1671 713 λογίζονται
1687 665 1748 702 διὰ
1767 667 1977 714 ἐπιθυμίας.

1536 751 1634 792 Quid
1661 757 1715 786 est
1743 750 2027 791 Demonstratio
2035 755 2053 790 ?

1409 815 1671 851 Demonstratio
1697 826 1747 853 est
1763 820 2003 865 syllogismus,
2029 823 2063 856 in
2084 837 2153 869 quo
2170 832 2229 860 aut
2247 838 2287 859 ex

1309 867 1492 911 principiis
1513 875 1637 902 natura
1663 870 1774 910 notis,
1802 878 1861 904 aut
1888 873 2080 907 universali
2106 877 2288 920 experien-

1309 918 1371 957 tia,
1400 925 1459 951 aut
1477 930 1515 951 ex
1533 920 1737 953 definitione
1755 922 1796 953 de
1822 922 2023 964 subsumto,
2050 925 2141 958 bona
2166 939 2289 961 conse-

1309 969 1472 1014 quentia,
1507 972 1734 1003 necessariam
1763 977 1795 1004 et
1819 973 1999 1007 immotam
2028 976 2288 1012 conclusionem

1309 1020 1521 1060 extruimus,
1554 1028 1613 1053 aut
1640 1034 1679 1053 ex
1704 1022 1814 1055 causis
1849 1025 2015 1067 proximis
2041 1026 2182 1061 effectus
2207 1041 2289 1073 pro-

1309 1071 1404 1114 prios
1427 1071 1525 1114 sequi
1546 1072 1782 1113 ostendimus,
1810 1081 1868 1107 aut
1893 1083 2032 1110 econtra
2058 1080 2289 1120 procedimus.

1310 1119 1509 1154 Geometris
1524 1122 1649 1156 usitata
1669 1124 1814 1157 nomina
1830 1132 1922 1164 sunt,
1940 1134 1973 1159 et
1990 1128 2181 1171 notissima,
2196 1142 2291 1164 com-

1311 1171 1437 1218 positio
1455 1170 1657 1217 Synthesis,
1684 1186 1772 1218 quae
1796 1187 1814 1207 a
1834 1176 1949 1218 priore
1969 1179 2142 1222 procedit,
2170 1179 2290 1215 Econ-

1311 1230 1362 1255 tra
1391 1223 1559 1256 resolutio
1587 1235 1647 1257 seu
1664 1222 1849 1269 Analysis,
1877 1239 1965 1271 quae
1987 1240 2004 1261 a
2030 1230 2223 1273 posteriore
2247 1234 2290 1266 ad

1313 1273 1485 1316 principia
1510 1275 1718 1317 regreditur.
1772 1276 1843 1310 Nec
1868 1279 2018 1313 dubium
2043 1287 2112 1322 est,
2141 1280 2202 1315 has
2226 1294 2290 1327 ap-

1310 1324 1518 1369 pellationes
1536 1326 1626 1368 apud
1647 1324 1822 1360 Galenum
1843 1328 1936 1361 idem
1954 1330 2167 1372 significare,
2195 1336 2290 1379 quod

1311 1375 1403 1417 apud
1428 1373 1655 1415 Geometras,
1683 1388 1761 1409 cuin
1785 1378 1834 1410 ait
1860 1385 1928 1411 tres
1951 1391 2022 1413 esse
2048 1383 2289 1422 doctrinarum

1313 1425 1403 1456 vias:
1432 1425 1702 1466 resolutionem,
1737 1429 2026 1471 compositionem
2050 1438 2085 1465 et
2113 1434 2289 1469 definitio-

1312 1486 1384 1508 nes.
1444 1474 1629 1509 Resolutio
1654 1483 1722 1516 est,
1756 1484 1793 1510 ut
1818 1491 1896 1512 cum
1921 1492 1960 1513 ex
1985 1482 2093 1525 signis
2117 1485 2292 1527 morbum,

1313 1526 1430 1558 locum
1453 1526 1635 1567 affectum,
1671 1533 1703 1560 et
1726 1539 1844 1562 causas
1870 1532 2084 1573 quaerimus.
2135 1532 2291 1570 Ecomra

1312 1576 1535 1620 compositio,
1563 1588 1641 1609 cum
1658 1577 1762 1611 initio
1777 1581 1935 1623 corporis
1953 1590 2067 1626 partes
2084 1585 2292 1621 describun-

1311 1633 1386 1666 tur,
1413 1626 1540 1659 deinde
1555 1627 1761 1661 morborum
1778 1641 1895 1671 causa,
1924 1640 2041 1676 postea
2059 1635 2168 1679 signa.
2221 1637 2292 1672 Sed

1313 1676 1537 1709 definitiones
1555 1684 1727 1712 vocantur
1749 1682 1889 1723 regulae
1915 1690 1947 1716 et
1970 1685 2192 1721 definitiones
2216 1688 2292 1722 sine

1313 1728 1695 1767 demonstrationibus,
1736 1737 1776 1764 ut
1809 1730 2012 1776 aphorismi.
2081 1736 2292 1784 Quanquam

1314 1785 1428 1812 autem
1447 1776 1547 1811 Plato
1567 1780 1720 1823 quaerit,
1747 1788 1824 1815 utra
1845 1784 1899 1816 via
1916 1785 1952 1817 in
1969 1786 2101 1820 artibus
2119 1791 2292 1824 utendum

1314 1829 1376 1868 sit,
1419 1836 1534 1862 tamen
1564 1830 1744 1864 sciendum
1771 1839 1835 1874 est,
1868 1836 2049 1881 utriusque
2083 1840 2158 1872 viae
2188 1851 2291 1874 usum

1314 1890 1396 1912 esse.
1434 1879 1503 1912 Nec
1522 1880 1663 1913 difficile
1680 1889 1729 1915 est
1749 1883 1920 1923 indicare,
1948 1898 2036 1930 quae
2052 1889 2290 1925 doctrinarum

1314 1937 1428 1973 partes
1447 1942 1464 1962 a
1486 1931 1616 1973 priori,
1643 1944 1730 1976 quae
1749 1946 1765 1965 a
1787 1936 1971 1978 posteriori
1989 1945 2203 1974 extruantur.

1467 2016 1539 2049 Dic
1566 2015 1822 2062 definitionem
1847 2021 2138 2060 Aristotelicum.

1416 2079 1678 2116 Demonstratio
1711 2091 1759 2117 est
1787 2087 2010 2131 syllogismus
2037 2093 2227 2134 procedens
2252 2107 2291 2128 ex

1315 2131 1425 2170 veris,
1459 2133 1581 2176 primis
1607 2141 1640 2167 et
1663 2134 1890 2178 immediatis,
1919 2141 2118 2176 notioribus
2141 2151 2172 2177 et
2196 2146 2292 2189 prio—
2331 2143 2336 2148 ’

2111 2193 2206 2229 Haec
2230 2198 2292 2229 de-

1314 2233 1428 2267 finitio
1444 2245 1516 2266 non
1534 2236 1717 2278 pueriliter
1733 2239 1776 2270 de
1797 2240 1902 2273 unico
1927 2242 2129 2287 syllogismo
2154 2246 2291 2279 intelli-

1312 2291 1434 2327 gatur,
1469 2286 1529 2317 sed
1557 2286 1600 2318 de
1626 2293 1698 2320 toto
1732 2301 1893 2332 processu
1920 2292 1957 2325 in
1981 2294 2292 2337 demonstratione,

1287 2353 1290 2361 ι
1316 2341 1389 2367 tum
1408 2335 1445 2367 in
1461 2337 1724 2379 compositione,
1743 2346 1817 2373 turn
1835 2341 1872 2374 i'n
1889 2343 2112 2381 resolutione.
2146 2345 2292 2381 Necesse

1315 2391 1365 2418 est
1385 2384 1478 2418 enim
1496 2386 1551 2419 vel
1565 2388 1675 2421 ordiri
1691 2401 1708 2422 a
1725 2391 1847 2433 primis
1870 2400 1903 2426 et
1926 2394 2135 2429 immediatis
2160 2398 2293 2439 princi-

1315 2436 1399 2479 piis,
1427 2436 1483 2468 vel
1500 2437 1542 2469 ad
1560 2449 1597 2471 ea
1614 2441 1772 2482 regredi,
1799 2449 1838 2476 ut
1859 2455 1956 2477 mens
1983 2452 2126 2489 propter
2148 2448 2292 2482 eviden-

1314 2486 1399 2519 tiam
1415 2487 1659 2530 convincatar,
1687 2497 1719 2524 et
1736 2498 1852 2527 teneat
1866 2494 2081 2538 perspicuam
2107 2503 2140 2530 et
2165 2498 2292 2533 immo·-

1314 2543 1385 2570 tam
1404 2537 1594 2572 veritatem.
1652 2539 1761 2576 Vocat
1777 2543 1871 2576 enim
1888 2544 2087 2580 immediata
2106 2549 2290 2594 principia,

1314 2598 1402 2631 quae
1433 2600 1494 2631 per
1518 2600 1590 2623 sese
1616 2599 1698 2625 nota
1723 2599 1823 2633 sunt,
1857 2603 1920 2627 nec
1942 2596 2183 2632 confirmanda
2210 2608 2292 2635 sunt

1314 2637 1392 2671 aliis
1408 2639 1550 2680 mediis,
1578 2648 1630 2674 ut:
1658 2641 1852 2684 Quodlibet
1869 2651 1918 2677 est
1936 2646 1992 2678 vel
2017 2659 2090 2681 non
2113 2656 2183 2690 est,
2218 2649 2291 2684 To-

2058 2697 2155 2733 I'dem
2186 2702 2291 2737 sentit
