2379 2948
190 127 238 161 83
435 117 645 157 SCRIPTA
671 116 750 152 PH.
778 113 894 149 MEL.
923 110 991 147 AD
1017 109 1145 147 HlST.
1174 108 1317 147 PROF.
1345 109 1412 147 ET
1437 109 1630 147 PHILOS.
1658 109 1980 147 SPECTANTIA.
2162 111 2211 146 84

297 207 494 251 Degenerat
511 218 573 250 per
590 215 662 237 sese
679 202 769 234 ssava
786 198 882 240 bilis,
908 195 987 231 cum
1003 197 1176 237 aduritur,

197 268 229 295 et
245 261 281 294 fit
299 267 372 293 atra
396 258 478 292 bilis
502 256 630 289 viciosa
650 259 684 285 et
709 250 864 290 cinerea,
889 249 997 281 densa
1021 254 1053 281 et
1079 259 1175 280 mor-

199 313 279 351 dax,
304 310 392 343 sieut
410 307 575 352 paulatim
592 304 629 335 in
646 298 855 346 picrocholis
870 299 1055 342 degenerat
1071 298 1177 330 rubra

198 361 282 395 bilis
299 361 336 393 in
352 360 529 396 adustam,
557 353 611 386 vel
629 358 755 391 aetate,
780 350 836 383 vel
853 347 1178 382 vehementioribus

197 411 371 448 motibus,
398 417 504 453 quare
529 404 614 438 tales
630 398 841 449 πικρόχολοι
858 406 1072 434 senescentes
1088 397 1180 432 fiunt

202 463 361 496 furenter
383 455 557 491 iracundi.

299 524 549 568 Corrumpitur
563 528 679 556 autem
697 520 786 553 ssava
802 518 884 552 bilis
902 514 1118 550 admixtione
1129 514 1182 547 al-

200 577 307 612 terius
325 575 504 613 humoris,
531 580 569 607 ut
597 584 676 606 cum
703 570 869 603 miscetur
893 575 998 601 tenue
1019 564 1181 610 phlegma

202 636 234 662 et
250 628 360 661 rubor
375 625 600 660 diminuitur.
629 621 723 655 Haec
738 619 821 653 bilis
835 618 1041 652 nominatur
1057 615 1183 648 citrina

200 690 260 712 seu
278 677 421 722 pallida.
475 674 543 709 Sed
562 674 590 707 si
615 679 665 706 est
690 671 838 704 crassius
864 667 1024 714 phlegma
1048 666 1184 699 admix-

201 736 294 768 tum,
322 728 359 761 fit
377 726 458 759 bilis
476 724 646 761 vitellina‚
675 722 723 754 sic
739 721 845 761 dicta,
873 720 965 765 quod
986 717 1083 751 color
1101 715 1184 748 imi-

202 786 298 813 tatur
314 777 474 810 vitellum
491 775 560 810 ovi.
613 772 723 806 Fiunt
742 778 859 804 autem
883 769 1053 803 tertianae
1070 767 1185 800 febres

202 827 331 863 nothae
349 839 390 861 ex
406 826 493 865 bile,
521 825 576 859 cui
594 821 757 869 phlegma
778 821 974 855 admixtum
996 825 1058 855 est.

303 902 446 935 Praeter
478 898 540 933 has
572 897 701 942 species
732 896 888 940 gignitur
920 895 957 927 in
989 892 1186 927 ventriculo

202 952 333 987 humor
354 951 461 985 viridi
490 951 623 990 colore,
657 948 773 993 qualia
807 958 908 990 saepe
930 945 1091 978 videmus
1116 954 1188 976 esse

202 1003 394 1037 infantium
411 1007 629 1035 excrementa
641 1025 650 1039 ,
677 1004 736 1031 aut
754 997 916 1032 aliorum.
970 995 1080 1039 Saepe
1100 1001 1133 1027 et
1150 994 1186 1025 in

203 1054 339 1087 vomitu
355 1052 504 1086 viridem
523 1049 710 1084 humorem
734 1047 837 1080 valde
862 1047 1064 1079 mordacem
1092 1044 1188 1077 eiici-

204 1115 293 1137 mns.
347 1102 415 1135 Hic
432 1100 562 1135 humor
581 1100 643 1133 etsi
662 1097 701 1131 fit
717 1097 933 1131 admixtione
951 1096 1044 1136 bilis,
1071 1101 1104 1127 et
1121 1094 1188 1126 irn-

205 1154 345 1186 modica
367 1151 572 1191 adustione,
599 1157 716 1183 tamen
739 1159 813 1180 non
840 1153 890 1180 est
912 1158 993 1179 vere
1020 1145 1122 1183 bilis,
1150 1151 1190 1178 ut

205 1203 355 1237 Iacobus
379 1203 422 1236 de
447 1201 606 1246 partibus
628 1205 721 1232 recte
746 1197 911 1242 disputat.
964 1196 1034 1230 Sed
1061 1195 1191 1229 crudus

204 1251 335 1287 humor
353 1253 390 1285 in
406 1251 602 1285 ventriculo
622 1249 729 1282 nimis
749 1255 866 1289 ustus,
895 1247 951 1281 cui
968 1247 1086 1291 aliqua
1108 1245 1190 1278 bilis

205 1304 358 1337 influens
375 1303 412 1335 in
429 1301 666 1336 ventriculum
682 1299 836 1332 admixta
863 1305 924 1333 est.
975 1296 1191 1330 Nominatnr

205 1361 322 1388 autem
340 1365 359 1386 a
377 1352 514 1385 Galeno
531 1351 676 1384 Prasina
691 1349 792 1389 bilis,
819 1349 915 1393 quod
932 1347 1093 1380 viriditas
1110 1346 1192 1378 imi-

205 1411 301 1438 tatur
319 1403 415 1446 porri
432 1401 598 1435 colorem.
633 1397 792 1444 Hpcc'oov
809 1398 902 1430 enim
922 1397 1093 1438 significat
1110 1406 1192 1438 por-

206 1466 298 1488 rum.
351 1451 399 1486 Et
423 1464 502 1485 cum
528 1450 688 1483 viriditas
716 1454 767 1481 est
790 1446 992 1487 obscurior,
1025 1443 1193 1478 nonnihil

208 1506 250 1537 ad
270 1504 408 1536 fulvum
426 1502 578 1535 colorem
596 1500 780 1539 accedens,
807 1498 1014 1530 nominatur
1035 1494 1120 1528 haec
1139 1495 1193 1527 bi-

207 1555 251 1588 lis
269 1553 493 1596 aeruginosa,
520 1562 639 1595 graece
655 1546 785 1593 ἶιόὸης,
812 1548 856 1581 ab
873 1545 944 1588 ἰὸς,
972 1547 1066 1592 quod
1083 1545 1194 1588 signi-

207 1605 284 1638 fleat
302 1604 511 1646 rubiginem.
539 1600 628 1634 Nam
648 1600 774 1642 rubigo
791 1605 889 1632 vetus
911 1597 1010 1642 qnasi
1026 1597 1195 1630 virescere

208 1654 345 1697 incipit.
399 1652 498 1686 Talis
517 1651 600 1685 bilis
616 1662 717 1695 saepe
734 1649 870 1683 vomitu
891 1647 1043 1681 eiicitur.

311 1729 398 1762 Atra
424 1727 507 1761 bilis
529 1726 660 1759 viciosa
684 1730 754 1763 est,
790 1735 869 1757 cum
895 1722 951 1755 vel
975 1721 1103 1756 coeteri
1128 1719 1195 1754 hu-

209 1790 343 1820 mores,
369 1778 425 1811 vel
441 1777 515 1821 ipsa
533 1783 607 1810 atra
623 1775 705 1809 bilis
722 1775 768 1807 ita
794 1773 977 1811 aduritur,
1005 1780 1044 1807 ut
1067 1770 1197 1805 humor

211 1829 339 1863 cineris
355 1836 518 1862 naturam
545 1826 750 1860 crassiorem
776 1831 810 1858 et
836 1824 1035 1857 mordacem
1060 1823 1196 1856 reserat.

211 1879 300 1912 Nam
317 1886 350 1913 et
366 1876 591 1921 Hippocratis
607 1873 831 1920 aphorismus
853 1880 1018 1913 testatur,
1047 1874 1197 1917 degene-

211 1941 290 1962 rare
306 1928 512 1971 sanguinem
529 1938 568 1960 ac
586 1927 729 1960 rubram
749 1925 873 1964 bilem,
901 1937 979 1957 cum
997 1925 1198 1957 aduruntur

212 1979 338 2013 clausis
359 1978 455 2022 poris
482 1977 520 2009 in
545 1983 654 2010 atram
678 1976 799 2010 bilem.
852 1974 970 2007 Verba
1002 1972 1196 2018 aphorismi

213 2028 299 2062 haec
331 2034 428 2062 sunt:
468 2025 644 2065 ὠσαῦτως
674 2024 716 2060 τὸ
748 2022 918 2069 ἐπίχολοι]
949 2022 1012 2059 καὶ
1035 2023 1197 2067 ἰίιάιλιιον

215 2082 341 2124 σῶμα,
377 2075 644 2124 μελαγχολικὸν
666 2074 825 2123 γίνεται,
861 2073 912 2120 μὴ
939 2074 1023 2119 ἔχον
1053 2075 1198 2119 ἕξεῤῥω-

216 2128 306 2168 σίας.
367 2128 504 2161 Pariter
538 2127 704 2160 biliosum
739 2133 772 2160 et
796 2126 1029 2169 sanguineum
1073 2137 1199 2169 corpus

215 2180 253 2213 fit
276 2175 569 2212 melancholicum
582 2204 591 2217 ,
618 2176 679 2210 ubi
700 2188 772 2209 non
791 2177 940 2210 effluunt
955 2188 1015 2209 seu
1034 2173 1199 2210 exhalant

215 2230 317 2266 sumi.
369 2228 414 2263 Et
429 2225 513 2262 hine
530 2226 745 2271 multiplices
762 2226 934 2260 amentiae
954 2227 1120 2260 existunt.

317 2301 406 2337 Cum
432 2299 667 2336 melancholia
685 2307 733 2334 est
757 2312 797 2333 ex
813 2300 982 2344 sanguine
998 2308 1029 2336 et
1048 2301 1200 2335 diluitur

217 2353 357 2388 modico
383 2353 570 2396 sanguine,
612 2351 716 2385 efficit
741 2351 912 2384 amentias
944 2352 1094 2385 ridicule
1127 2352 1200 2386 lae-

217 2404 387 2441 tantium,
422 2403 525 2447 quale
558 2402 660 2436 aiunt
682 2401 788 2434 fuisse
816 2401 980 2434 delirium
1004 2400 1199 2435 Democriti

217 2452 385 2493 hilarius,
414 2454 474 2496 qui
492 2453 607 2485 ridere
631 2452 764 2485 solebat
786 2449 974 2484 hominum
998 2452 1199 2493 stulticiam,

216 2515 324 2549 eaque
350 2502 459 2536 animi
484 2502 738 2547 tranquillitate
760 2502 870 2535 vitam
894 2501 1059 2545 produxit
1088 2513 1199 2547 usque

216 2555 259 2587 ad
278 2564 411 2587 annum
427 2552 653 2586 centesimum
670 2564 805 2586 nonum
823 2563 906 2586 suae
931 2551 1066 2586 aetatis.

316 2619 407 2654 Cum
425 2631 509 2653 vero
527 2617 762 2652 melancholia
780 2626 830 2653 est
847 2631 885 2653 ex
904 2619 1011 2652 rubra
1027 2618 1111 2659 bile,
1138 2625 1198 2652 aut

215 2671 366 2705 diluitur
382 2669 494 2703 multa
512 2669 619 2703 rubra
638 2669 728 2711 bile,
756 2669 844 2704 fiunt
859 2676 993 2705 atroces
1010 2670 1146 2703 furores
1162 2675 1195 2703 et

1228 196 1387 238 maniae,
1417 197 1532 242 qualis
1556 196 1624 230 suit
1638 195 1803 230 Herculis
1821 203 1854 229 et
1871 195 1990 231 Aiacis
2011 198 2121 231 suror.
2165 196 2214 231 L't

1229 246 1404 291 Virgilius
1422 249 1465 280 de
1484 248 1534 280 ira
1551 246 1715 281 Herculis
1739 246 1872 291 inquit:

1381 308 1440 337 Hic
1457 319 1526 337 vero
1544 308 1669 338 Alcidae
1684 309 1769 338 furiis
1785 314 1932 337 exarserat
1956 315 2018 337 atro

1382 359 1464 388 Felle
1481 360 1579 392 dolor,

1233 412 1310 448 Etsi
1327 414 1421 448 enim
1438 415 1544 448 rubra
1569 415 1652 448 bilis
1668 415 1707 448 in
1727 414 1779 448 ira
1803 415 1935 457 cietur,
1963 420 2080 447 tamen
2098 413 2217 457 Virgi-

1233 465 1302 498 lius
1325 472 1437 498 atram
1460 464 1641 507 nominat,
1675 466 1758 511 quia
1789 466 1898 499 rubra
1920 464 2026 499 mixta
2053 471 2102 498 est
2123 471 2219 497 atrae

1235 515 1447 560 copiosiori,
1474 516 1546 549 imo
1565 523 1597 550 et
1613 516 1750 558 uritur,
1775 528 1814 550 ac
1832 516 1929 550 velut
1950 515 2087 549 cinerea
2104 521 2153 549 est
2170 514 2219 548 si·

1234 566 1310 599 mul
1329 578 1407 599 cum
1431 573 1516 602 atra.

1339 616 1377 650 Si
1401 617 1552 651 diluitur
1575 616 1717 660 copioso
1741 615 1956 661 phlegmate,
1988 617 2027 650 fit
2054 616 2219 650 inusitata

1237 667 1422 710 segnicies,
1446 668 1534 701 sicut
1551 667 1618 712 ipsi
1635 667 1787 701 vidimus
1804 675 1920 701 mente
1941 674 2132 707 errantem,
2160 666 2221 712 qni

1236 718 1310 751 sere
1341 725 1510 762 perpetuo
1534 718 1751 759 dormiebat,
1784 718 1967 751 summisse
1999 718 2223 763 loquebatur,

1239 781 1302 802 nec
1327 769 1558 810 excitabatur,
1591 769 1660 801 nisi
1691 767 1844 802 citharae
1869 780 1975 810 sono,
2008 777 2111 813 quem
2143 780 2222 801 cum

1239 819 1394 860 audiret,
1425 821 1589 853 attollens
1613 826 1737 864 capnt,
1770 819 1926 853 arridere
1954 819 2164 863 incipiebat,
2191 825 2225 853 et

1240 870 1475 914 interrogatus
1490 868 1717 904 hilariuscule
1740 871 1986 913 respondebat.

1343 928 1380 963 Si
1402 929 1475 973 ipsa
1493 941 1555 973 per
1571 940 1644 962 sese
1667 935 1742 962 atra
1765 929 1848 962 bilis
1877 928 2079 961 redundans
2104 926 2226 960 aduri-

1241 988 1311 1021 tur,
1338 980 1427 1013 fiunt
1445 980 1610 1013 tristiciae
1628 980 1787 1020 maiores,
1810 981 1911 1022 fugae
1927 977 2125 1020 hominum,
2140 989 2227 1023 qua-

1242 1032 1285 1064 lis
1300 1031 1367 1063 suit
1383 1028 1668 1074 Bellerophontis
1687 1030 1882 1064 moesticia:

1293 1091 1357 1130 Qui
1374 1094 1462 1121 miser
1478 1094 1509 1121 in
1527 1095 1639 1132 campis
1656 1094 1767 1122 errabat
1791 1094 1871 1121 solus
1891 1090 1990 1130 Aleis,

1293 1141 1362 1182 Ipse
1385 1155 1472 1173 suum
1495 1154 1546 1172 cor
1570 1144 1677 1182 edens,
1711 1144 1871 1173 hominum
1895 1143 2021 1182 vestigia
2045 1143 2154 1179 vitans,

1243 1197 1283 1224 ut
1305 1191 1422 1236 inquit
1445 1190 1634 1227 Homerus,

1321 1250 1389 1283 Sed
1408 1248 1472 1283 hae
1484 1251 1614 1294 species
1632 1250 1719 1283 mira
1736 1250 1903 1283 varietate
1920 1249 2125 1289 miscentur,
2142 1247 2230 1280 sicut

1245 1307 1604 1344 temperamentorum
1635 1300 1783 1334 varietas
1811 1300 1995 1342 multiplex
2021 1305 2082 1333 est.
2136 1297 2230 1329 Vina

1247 1362 1351 1396 quam
1371 1351 1466 1384 varie
1487 1356 1676 1392 temperata
1700 1349 1806 1382 sunt?
1833 1348 2031 1389 Creticum,
2056 1348 2232 1385 Italicum,

1249 1398 1483 1440 Rhenanum,
1518 1398 1799 1440 Ncccharinum,
1835 1406 2006 1444 quantum
2037 1398 2233 1431 differunt?

1247 1450 1340 1492 Quia
1367 1461 1407 1482 ex
1437 1456 1528 1484 terra
1561 1457 1593 1483 et
1624 1452 1704 1483 a‘e're
1735 1461 1858 1483 succus
1881 1450 1918 1483 in
1945 1449 2077 1483 vitibus
2100 1448 2231 1482 differt.

1246 1501 1296 1534 lta
1315 1500 1443 1543 species
1464 1498 1653 1533 humorum
1674 1501 1813 1533 eaedem
1831 1501 1868 1533 in
1887 1501 1965 1534 aliis
1982 1499 2234 1544 generosiores,

1247 1551 1405 1584 mitiores
1433 1557 1466 1584 et
1495 1552 1655 1594 puriores
1680 1558 1770 1584 sunt.

1350 1608 1401 1642 Ita
1435 1610 1605 1642 disserunt
1636 1607 1802 1643 humores
1832 1611 1869 1643 in
1899 1622 2045 1654 corpore
2075 1607 2232 1642 humano

1248 1667 1392 1704 propter
1408 1667 1681 1703 temperamenta
1699 1667 1902 1704 parentum,
1930 1667 1963 1694 et
1986 1666 2129 1704 propter
2153 1671 2231 1693 coe-

1250 1712 1351 1744 lestes
1367 1722 1497 1744 causas.
1550 1710 1667 1744 Multo
1687 1712 1891 1753 generosior
1908 1717 1957 1744 est
1983 1708 2231 1749 melancholia,

1250 1762 1278 1794 si
1296 1761 1546 1794 coniunctione
1575 1760 1719 1795 Saturni
1743 1768 1775 1795 et
1796 1761 1890 1795 Iovis
1912 1762 1949 1794 in
1966 1761 2073 1795 Libra
2100 1767 2233 1804 tempe-

1250 1818 1347 1845 retur
1359 1836 1366 1850 ,
1395 1812 1509 1856 qualis
1525 1811 1666 1845 videtur
1683 1811 1834 1856 Augusti
1860 1810 2094 1845 melancholia
2111 1811 2231 1852 fuisse,

1250 1875 1354 1908 quam
1373 1862 1400 1895 si
1416 1862 1559 1896 confusa
1577 1863 1620 1897 sit
1637 1862 1794 1902 Saturni,
1825 1862 1951 1896 Martis
1967 1862 2130 1896 etLunae
2148 1873 2233 1895 con-

1250 1925 1368 1957 gressu
1393 1913 1430 1945 in
1456 1912 1627 1957 Scorpio,
1656 1913 1770 1958 qualis
1794 1912 1968 1947 Catilinae
1997 1910 2232 1946 melancholia

1250 1965 1356 1998 fuisse
1381 1963 1531 1998 videtur.

1352 2014 1450 2047 Haec
1480 2014 1560 2046 ideo
1587 2013 1716 2055 recito,
1756 2021 1797 2048 ut
1824 2014 2033 2047 admoneam
2066 2012 2233 2053 iuniores,

1251 2077 1322 2098 non
1348 2075 1447 2108 posse
1464 2064 1662 2097 enumerari
1679 2076 1800 2098 omnes
1820 2065 1944 2097 modos
1960 2063 2138 2097 varietatis
2163 2060 2233 2095 hn-

1252 2128 1409 2156 morum,
1437 2115 1491 2147 vel
1508 2115 1684 2148 bonorum
1706 2116 1760 2149 vel
1784 2115 2009 2148 viciosorum.

1353 2165 1530 2198 Homerus
1554 2166 1734 2200 moesticia
1758 2172 1918 2200 mortuus
1939 2164 2088 2205 dicitur,
2114 2164 2233 2207 aenig-

1251 2216 1353 2250 matis
1369 2217 1596 2260 perplexitate
1622 2223 1776 2251 vexatus.

1355 2266 1557 2300 Heraclitus
1573 2264 1746 2310 Ephesius
1767 2277 1868 2310 saepe
1890 2265 2105 2311 lacrymabat
2128 2275 2232 2298 senex

1251 2317 1439 2361 deplorans
1457 2315 1642 2350 hominum
1659 2317 1829 2355 miserias,
1845 2327 1948 2361 quem
1965 2316 2110 2361 quidem
2123 2315 2230 2348 fuisse

1251 2366 1547 2401 melancholicum
1581 2373 1615 2400 et
1647 2364 1915 2411 Theophrastus
1960 2366 2117 2410 scripsit,
2165 2365 2230 2398 tri-

1251 2419 1362 2452 buens
1386 2415 1656 2455 melancholiae,
1684 2418 1778 2462 quod
1802 2417 1950 2450 obscura
1968 2423 2002 2450 et
2018 2416 2229 2449 confusanea

1251 2469 1405 2512 scripsit,
1450 2467 1620 2512 quaesivit
1661 2467 1890 2508 solitudines,
1934 2473 1967 2500 et
2000 2465 2230 2499 immundicie

1251 2519 1362 2552 victus
1390 2516 1602 2562 hydropicus
1624 2516 1734 2550 factus
1761 2525 1820 2552 est.
1879 2516 2003 2550 Postea
2028 2518 2170 2560 sperans
2194 2526 2229 2548 se

1249 2580 1375 2613 aquam
1394 2568 1490 2600 illam
1507 2567 1598 2600 intra
1613 2573 1726 2600 cutem
1742 2568 1995 2602 desiccaturum
2014 2578 2104 2608 esse,
2131 2566 2232 2600 iussit

1249 2631 1284 2652 se
1302 2617 1446 2651 obliniri
1472 2623 1623 2650 stercore
1654 2617 1782 2660 boum,
1816 2625 1849 2653 et
1873 2617 1915 2650 ad
1948 2617 2056 2651 solem
2089 2615 2227 2661 exponi.

1251 2668 1338 2702 Inde
1365 2674 1525 2701 mortuus
1542 2667 1662 2702 fertur.
