2379 2948
99 114 147 150 75

95 199 320 238 varietatem,
355 200 415 245 qni
439 201 476 234 in
501 200 579 234 aliis
606 199 667 232 iris
687 199 823 231 cerulea
846 204 912 237 est,
948 197 984 228 in
1009 197 1088 229 aliis

94 251 216 292 nigra,
241 250 277 283 iu
303 251 381 283 aliis
405 253 512 284 fulva.
565 249 654 282 Nam
680 248 774 281 Gaza
794 245 966 293 χαροπὰν
985 248 1087 280 vertit

95 301 253 341 fulvum,
292 302 412 346 quales
444 307 525 334 sunt
556 300 648 332 oculi
678 299 841 339 leonum,
876 298 1088 342 aquilarum,

96 358 291 385 turturum.
344 350 448 385 Hunc
474 351 627 383 colorem
654 349 862 382 Aristoteles
888 349 1005 394 inquit
1030 349 1085 381 in-

95 402 191 446 genii
210 409 242 435 et
258 402 368 435 animi
384 401 632 445 praestantiam
654 400 861 444 significare.

199 458 333 501 Quarta
355 457 472 491 tunica
505 465 556 491 est
582 458 680 490 nervi
714 458 837 490 visorii
862 456 1022 490 dilatatio
1049 456 1084 488 in

94 510 276 544 cavitatem
300 508 449 541 similem
470 520 601 543 nassae.
655 507 775 550 Quare
791 521 808 541 a
828 520 953 550 sagena
974 508 1085 552 pisca-

94 561 184 595 toria
224 570 354 592 nomen
393 559 423 591 ei
463 559 591 592 factum
634 566 684 592 est
719 556 1085 605 ἀνᾳιβλῃστροειδὴς.

94 609 349 654 Complectitur
372 615 478 642 totam
506 610 734 654 posteriorem
758 612 875 643 sedem
895 610 997 642 vitrei
1019 607 1085 641 liu-

94 661 218 700 moris,
246 666 278 693 et
295 660 488 704 porrigitur
506 672 616 706 usque
635 662 677 693 ad
698 661 854 693 medium
875 661 980 694 oculi.

193 717 327 762 Quinta
369 719 486 752 tunica
535 721 675 752 Aranea
718 720 944 758 nominatur,
996 730 1084 763 quae

94 776 144 805 est
162 770 390 803 interstitium
407 777 525 812 tegens
538 771 686 803 vitreum
705 777 739 804 et
756 771 999 815 crystallinum
1019 768 1085 802 liu-

93 832 250 861 morem,
284 827 318 854 et
349 821 552 854 discernens
578 822 621 854 ab
645 834 774 866 aqueo,
807 833 845 854 ac
877 821 982 853 efficit
1008 833 1084 865 cry-

94 872 236 906 stallino
260 869 400 904 humori
427 872 521 904 velut
546 872 748 914 glaberrimi
776 872 909 915 speculi
938 872 1084 915 superli-

95 923 201 963 ciem,
229 929 269 955 ut
295 922 331 954 in
351 934 388 955 ea
413 923 513 955 reddi
532 930 563 956 et
582 923 715 965 fulgere
742 923 910 965 imagines
930 934 989 954 seu
1008 934 1085 964 spe-

94 974 165 1007 cies
185 980 343 1017 acceptae
361 973 512 1017 possint,
541 986 579 1007 ac
599 974 701 1018 longe
719 974 838 1007 omnia
857 973 997 1018 specula
1015 973 1084 1005 cla·

95 1025 198 1058 ritate
222 1024 343 1059 vincit.

195 1074 372 1108 Humores
387 1081 456 1108 tres
473 1082 565 1109 sunt.
607 1074 773 1121 Aqueus,
801 1075 861 1120 qui
878 1075 1008 1107 ssuidus
1024 1080 1086 1111 est,

96 1126 299 1159 continetur
324 1125 417 1159 inter
441 1138 626 1168 corneam,
654 1133 692 1159 ut
711 1127 755 1159 sit
782 1126 1008 1159 intervallum
1030 1124 1086 1156 in-

95 1183 150 1211 ter
172 1188 335 1209 corneam
364 1183 396 1209 et
425 1189 608 1215 araneam,
643 1178 730 1210 utile
761 1177 983 1216 resractioni,
1018 1187 1085 1219 qua

97 1227 228 1270 species
246 1227 409 1260 collectae
431 1228 632 1271 dirigantur
649 1229 689 1261 ad
712 1235 872 1261 centrum
891 1226 1087 1273 crystallini

97 1275 269 1311 humoris.

199 1326 344 1359 Vitreus
369 1327 501 1360 dicitur
525 1329 616 1359 vitro
642 1330 830 1371 liquefacto
862 1328 1005 1368 similis,
1032 1327 1085 1359 ni-

98 1377 244 1421 gredine
261 1378 411 1422 quadam
429 1378 536 1410 mixta
557 1378 648 1411 albo.
692 1376 764 1410 Nec
782 1386 830 1411 est
850 1380 999 1415 fluidus,
1028 1378 1087 1409 sed

96 1429 280 1473 aliquanto
305 1428 451 1463 firmior.
513 1428 649 1473 Estque
674 1429 772 1461 sedes
798 1427 992 1473 crystallini
1021 1425 1089 1459 lm-

97 1479 216 1512 moris.
271 1477 360 1511 Nam
388 1476 518 1512 humor
542 1479 768 1523 crystallinus
792 1477 875 1512 huic
900 1479 1010 1511 vitreo
1032 1478 1090 1510 in·

98 1537 212 1563 sertus
233 1535 302 1569 est,
329 1535 497 1574 tanquam
514 1541 650 1572 gemma
667 1530 820 1570 annulo,
851 1543 888 1563 ac
913 1529 997 1562 dicit
1016 1528 1090 1561 Ga-

98 1581 200 1614 lenus
216 1591 234 1613 a
251 1579 362 1613 vitreo
380 1577 530 1613 humore
548 1581 678 1613 nutriri
694 1581 952 1626 crystallinum.

200 1638 526 1673 Praestantissimus
550 1636 680 1672 humor
703 1647 753 1673 est
780 1640 1022 1685 crystallinus,
1052 1639 1088 1671 in

99 1702 170 1735 quo
205 1690 407 1723 immediate
440 1690 477 1724 fit
510 1690 611 1724 visio.
672 1688 737 1723 Est
760 1692 853 1723 enim
883 1688 939 1723 hic
961 1688 1091 1722 humor

99 1748 267 1785 tanquam
298 1740 556 1773 lucidissimum
595 1742 795 1784 speculum,
833 1753 906 1773 non
946 1741 1090 1773 aliunde

99 1791 209 1836 petita
234 1791 331 1829 luce,
367 1791 425 1823 sed
457 1802 518 1824 sua
549 1798 673 1824 natura
707 1792 846 1832 lucens,
881 1799 914 1825 et
936 1798 1090 1824 coeteras

99 1842 195 1876 oculi
220 1848 355 1885 partes,
388 1841 425 1873 in
457 1840 586 1885 quibus
617 1848 667 1875 est
696 1842 836 1882 lumen,
872 1842 1090 1875 illuminans.

99 1892 172 1926 Nec
197 1898 247 1925 est
269 1892 401 1925 fluidus
427 1889 575 1932 humor,
602 1893 662 1924 sed
688 1893 792 1936 paulo
820 1893 973 1933 tirmior,
1003 1905 1090 1936 pene

100 1950 140 1977 ut
156 1954 253 1983 cera,
280 1949 318 1976 ut
332 1943 487 1986 recipere
507 1943 676 1985 imagines
702 1944 827 1986 possit,
860 1944 968 1986 figura
988 1944 1091 1976 lentis

102 1994 142 2027 in
158 2001 278 2026 centro
298 1993 403 2027 oculi.
455 1992 637 2026 Interdum
655 1994 790 2036 fulgor,
817 2001 855 2028 ut
876 1994 911 2027 in
928 1994 1014 2033 fele,
1041 1995 1090 2026 ef-

102 2044 221 2078 fundit
235 2044 356 2077 lumen
373 2051 466 2077 extra
487 2044 742 2084 ocu10s‚un‹ie
761 2045 953 2100 existimaii
968 2052 1092 2090 potest,

103 2095 218 2140 qualis
237 2095 282 2129 sit
300 2094 463 2129 luciditas
482 2092 587 2129 huius
602 2093 774 2133 humoris.

525 2197 659 2232 Aures.

205 2269 286 2303 Non
311 2268 430 2303 omnia
459 2271 569 2304 oculis
595 2271 834 2315 accipiuntur,
868 2283 957 2317 quae
986 2272 1091 2304 disci-

106 2333 203 2361 mus,
225 2322 282 2353 sed
303 2320 411 2353 multa
428 2332 590 2354 sermone
608 2324 810 2363 traduntur,
838 2323 909 2356 imo
929 2323 1089 2356 doctrina

105 2371 302 2405 ministerio
326 2371 510 2405 oculorum
535 2380 568 2406 et
584 2373 734 2406 aliorum
760 2385 925 2406 sensuum
944 2371 1091 2407 inchoa-

104 2430 159 2464 ta,
187 2432 349 2456 sermone
366 2422 622 2456 exaedificanda
644 2430 713 2464 est,
745 2431 800 2465 ut,
836 2436 916 2457 cum
937 2424 1091 2457 vidimus

106 2473 253 2518 eclipsin
277 2472 399 2511 lunae,
425 2478 543 2514 postea
567 2474 674 2517 longa
696 2475 966 2508 ratiocinatione
984 2487 1091 2520 quae-

106 2525 220 2558 rimus
234 2534 372 2560 causas,
399 2521 533 2565 positus
549 2529 661 2557 terrae
678 2531 711 2558 et
733 2525 856 2566 lunae,
882 2526 1089 2559 umbrarum

104 2574 328 2614 discrimina,
354 2573 537 2613 docemus,
560 2586 667 2617 quare
692 2588 763 2608 non
786 2576 936 2619 singulis
959 2577 1091 2609 mensi-

105 2626 173 2658 bus
199 2625 284 2658 fiant
313 2623 469 2666 eclipses.
530 2621 719 2668 Postquam
752 2633 846 2661 tactu
873 2634 1089 2670 compertum

105 2682 172 2717 est,
207 2687 356 2721 corpora
382 2674 419 2706 in
443 2673 534 2708 febri
557 2673 771 2709 inflammari
798 2677 899 2719 vino,
933 2677 1091 2711 medicus

848 110 892 147 11.
928 110 1078 148 LIBER
1104 108 1170 146 DE
1197 111 1372 150 AMMA.

2085 119 2135 153 74

1140 203 1258 229 monet
1275 197 1494 232 laborantem
1511 200 1620 241 febri,
1649 208 1688 235 ut
1708 213 1725 234 a
1743 202 1827 234 vino
1843 203 2027 236 abstineat.
2061 202 2132 236 De-

1139 246 1247 290 nique
1265 259 1344 280 vera
1363 248 1426 280 Dei
1443 251 1574 291 agnitio
1595 263 1673 284 cum
1691 264 1730 284 ex
1748 253 1858 295 ipsius
1876 266 1958 286 soce
1983 265 2127 286 sumen-

1138 299 1180 328 da
1207 296 1267 336 sit,
1303 298 1425 331 auditu
1453 312 1539 341 opus
1564 314 1634 334 esse
1653 303 1874 336 manifestum
1901 311 1964 337 est.
2017 302 2127 336 Cum-

1139 359 1206 391 que
1224 359 1336 380 sermo
1354 348 1397 381 sit
1416 348 1507 381 inter
1524 352 1711 395 praecipua
1735 366 1838 397 opera
1864 352 2038 394 hominis,
2065 366 2128 386 ne-

1139 410 1314 442 quaquam
1341 398 1529 431 obscurum
1555 408 1621 439 est,
1658 403 1781 445 ingens
1813 416 1884 438 esse
1916 405 2128 438 beneficium

1138 448 1300 491 auditus,
1329 461 1398 493 quo
1417 449 1492 481 solo
1514 451 1683 493 accipitur
1701 466 1827 488 sermo.

1239 498 1391 532 Aurium
1418 499 1612 533 substantia
1647 503 1870 545 cartilaginea
1904 512 1973 546 est,
2007 505 2127 538 mollis

1139 555 1170 582 et
1188 550 1323 589 tenuis,
1352 562 1440 594 quae
1456 561 1558 595 gyros
1577 558 1608 584 et
1626 552 1803 585 anfractus
1821 554 1916 587 intus
1934 554 2059 596 habet,
2088 562 2128 588 ut

1138 611 1243 632 sonos
1260 601 1428 644 paulatim
1446 601 1585 643 colligat
1605 608 1637 634 et
1655 602 1850 644 contineat,
1876 617 1920 636 ne
1943 606 2058 639 subito
2075 605 2126 638 ir-

1139 658 1278 683 ruentes
1307 651 1343 684 in
1372 663 1542 694 organum
1576 652 1739 694 auditus,
1771 661 1832 687 aut
1855 655 2127 697 confundantur,

1138 708 1197 735 aut
1212 701 1353 735 laedant
1369 714 1553 745 organum.

1242 751 1417 786 Foramen
1443 759 1493 786 est
1522 753 1559 785 in
1590 753 1747 795 ossibus,
1780 767 1870 799 quae
1894 762 2050 799 petrosa,
2076 758 2129 789 λι-

1138 800 1288 847 θοειὸῆ,
1313 804 1567 842 nominantur,
1595 817 1745 849 quorum
1764 818 1804 839 eo
1821 814 1870 840 est
1887 806 2038 839 duricies
2053 818 2129 839 rna-

1139 853 1214 894 ior,
1241 861 1279 887 ut
1302 855 1465 888 muniant
1489 866 1660 897 organum
1687 857 1840 890 audituS.
1895 856 1935 889 In
1960 869 2000 890 eo
2033 857 2127 890 sora-

1139 904 1235 936 mine
1255 906 1325 938 duo
1343 912 1425 939 sunt
1446 905 1629 949 panniculi
1647 906 1792 940 subtiles
1816 915 1849 941 et
1866 908 1990 947 solidi,
2015 907 2083 940 orti
2109 920 2129 940 a

1139 956 1257 988 nervis
1287 956 1465 991 auditivis.
1528 956 1628 989 Alter
1660 957 1872 1000 panniculus
1900 958 2057 992 continet
2096 965 2130 990 et

1139 1006 1259 1048 alligat
1274 1006 1465 1040 ossiculum
1483 1006 1597 1039 simile
1615 1007 1757 1048 incudi,
1787 1010 1883 1053 quod
1897 1015 2014 1042 tamen
2031 1015 2131 1042 extra

1139 1057 1371 1101 panniculum
1388 1069 1494 1102 supra
1510 1057 1572 1090 ubi
1590 1058 1733 1099 seritur,
1760 1060 1904 1093 eminet.

1242 1114 1369 1149 lncudi
1399 1128 1481 1149 vero
1513 1116 1610 1149 aliud
1646 1117 1836 1150 ossiculum
1866 1118 1980 1151 simile
2004 1118 2131 1151 malleo

1139 1172 1237 1210 parte
1266 1167 1446 1210 superiore
1477 1167 1615 1200 nerveis
1648 1168 1903 1202 membranulis
1933 1181 2131 1201 connexum

1140 1223 1208 1257 est,
1243 1219 1337 1262 quod
1361 1218 1405 1250 ab
1435 1218 1546 1250 altero
1578 1218 1769 1261 panniculo
1797 1220 2005 1260 sustinetur,
2038 1220 2130 1252 sicut

1140 1266 1271 1300 chorda
1289 1275 1456 1313 tympano
1474 1268 1681 1302 intenditur.
1733 1267 1810 1302 Etsi
1828 1277 1942 1303 autem
1959 1282 2032 1302 non
2050 1281 2131 1313 per-

1140 1318 1259 1362 spicue
1292 1319 1511 1360 singularum
1545 1319 1697 1361 partium
1730 1321 1842 1353 officia
1869 1320 2020 1354 describi
2049 1331 2132 1363 pos-

1140 1376 1244 1409 sunt,
1269 1375 1386 1402 tamen
1412 1367 1478 1402 hoc
1506 1375 1638 1401 certum
1663 1375 1731 1409 est,
1758 1371 1978 1403 auditionem
2003 1371 2039 1402 in
2066 1371 2129 1402 illo

1140 1429 1258 1451 meatu
1284 1418 1379 1459 fieri,
1406 1430 1467 1462 per
1489 1418 1636 1461 spiritus
1662 1419 1698 1451 in
1732 1420 1860 1454 nervis.
1915 1419 1961 1454 Et
1988 1421 2132 1453 excitari

1140 1469 1285 1513 spiritus
1302 1469 1526 1513 percussione
1549 1469 1630 1509 illa,
1658 1481 1724 1514 qua
1751 1470 1934 1504 malleolus
1961 1471 2133 1514 impulsus

1140 1533 1159 1552 a
1187 1520 1283 1552 sonis
1304 1520 1385 1553 serit
1413 1520 1589 1555 incudem.
1644 1519 1796 1553 Mirifica
1828 1534 1911 1555 vero
1942 1523 2055 1564 imago
2081 1528 2132 1555 est

1141 1571 1356 1605 docentium.
1414 1569 1655 1604 Concionator
1690 1571 1815 1615 accipit
1840 1585 1961 1606 vocem
1997 1572 2132 1605 divini-

1140 1629 1216 1662 tus,
1249 1627 1283 1654 et
1306 1628 1473 1665 tanquam
1499 1621 1684 1655 malleolus
1707 1622 1787 1655 serit
1813 1623 1996 1663 incudem,
2032 1623 2132 1655 vide-

1142 1673 1222 1705 licet
1253 1680 1393 1716 pectora
1424 1672 1668 1714 audientium,
1698 1685 1736 1706 ac
1767 1673 1872 1706 simul
1901 1675 2045 1719 spiritus
2073 1685 2134 1706 ex-

1141 1730 1278 1757 citatur.

1562 1824 1605 1856 Ν
1600 1835 1693 1858 ares.

1244 1897 1331 1932 Tria
1349 1904 1430 1931 sunt
1451 1909 1574 1941 magna
1592 1899 1758 1932 beneficia
1773 1898 1921 1933 Narium
1934 1925 1943 1939 ‚
1970 1900 2133 1934 attractio

1142 1949 1233 1983 a'e'ris
1257 1956 1289 1982 et
1315 1949 1497 1992 expiratiO.
1553 1948 1729 1983 Attractio
1751 1951 1921 1991 odorum,
1947 1959 1986 1984 ut
2010 1951 2132 1985 iuvent

1142 2002 1345 2039 cerebrum,
1371 2011 1411 2032 ac
1435 2000 1576 2033 foveant
1600 2007 1632 2033 et
1659 2008 1810 2044 augeant
1834 2002 1978 2045 spiritus
1995 2002 2134 2035 anima-

1142 2053 1201 2085 les.
1255 2049 1417 2084 Tertium
1436 2057 1486 2084 est
1509 2051 1640 2084 evectio
1659 2051 1824 2095 pituitae,
1852 2053 1953 2086 valde
1975 2064 2134 2086 necessa-

1143 2103 1194 2136 ria
1210 2102 1367 2136 cerebro.

1244 2160 1375 2204 Figura
1400 2159 1538 2193 narium
1563 2167 1645 2194 nota
1678 2168 1744 2202 est,
1780 2168 1812 2195 et
1843 2159 1897 2194 his
1923 2161 2044 2195 usibus
2075 2173 2134 2195 ac·-

1142 2213 1375 2246 commodata.

1244 2270 1450 2305 Substantia
1477 2277 1527 2303 est
1568 2270 1717 2303 inferius
1756 2271 1866 2313 magis
1899 2271 2136 2314 cartilaginea,

1142 2322 1303 2367 superius
1336 2322 1446 2364 magis
1476 2332 1586 2356 ossea.
1645 2320 1759 2363 Supra
1783 2332 1885 2354 nares
1914 2322 1983 2355 ossi
2006 2323 2134 2356 frontis

1142 2375 1314 2407 insertum
1340 2379 1390 2406 est
1419 2383 1475 2412 os,
1503 2371 1598 2415 quod
1622 2371 1730 2404 multa
1751 2371 1854 2405 exilia
1877 2372 2050 2405 foramina
2069 2371 2134 2406 lia-

1142 2426 1221 2465 bet‚
1248 2435 1337 2469 quae
1356 2429 1439 2456 sunt
1456 2428 1591 2454 meatus
1607 2427 1639 2453 et
1656 2421 1765 2461 aeris,
1791 2428 1823 2454 et
1841 2423 2013 2464 odorum,
2038 2425 2134 2468 quod

1141 2475 1333 2520 antiquitas
1350 2472 1510 2505 nominat
1528 2471 1580 2502 vel
1598 2468 1812 2514 ἧθιιοειὸὲς,
1841 2473 1875 2505 id
1902 2480 1971 2531 est,
2003 2475 2135 2508 colato-

1142 2527 1195 2559 rio
1213 2525 1344 2563 simile,
1372 2523 1426 2555 vel
1446 2532 1543 2567 οπο)
1541 2518 1698 2567 γοειδὲς,
1728 2523 1808 2567 quia
1829 2525 1968 2557 multa’
1958 2537 1995 2557 m
2019 2536 2059 2557 eo
2077 2526 2132 2558 to-

1142 2578 1278 2610 ramina
1316 2572 1605 2616 conspiciuntur,
1639 2572 1735 2606 velut
1769 2574 1805 2606 in
1841 2575 2001 2618 spongia.
2060 2574 2134 2609 Re-

1141 2627 1313 2661 centiores
1335 2629 1505 2666 putarunt
1529 2621 1607 2655 ideo
1632 2623 1765 2657 dictum
1792 2625 2022 2666 colatorium,
2049 2626 2133 2670 quia

1140 2679 1186 2712 sit
1207 2683 1343 2712 meatus
1365 2673 1532 2718 pituitae,
1560 2674 1622 2707 sed
1649 2682 1803 2717 constat,
1827 2676 1915 2711 alios
1941 2687 2013 2709 esse
2031 2677 2133 2720 quasi
