<?xml version="1.0" encoding="UTF-8"?>
<!DOCTYPE html PUBLIC "-//W3C//DTD XHTML 1.0 Transitional//EN"
    "http://www.w3.org/TR/xhtml1/DTD/xhtml1-transitional.dtd">
<html xmlns="http://www.w3.org/1999/xhtml" xml:lang="en" lang="en">
 <head>
  <title>
</title>
<meta http-equiv="Content-Type" content="text/html;charset=utf-8" />
  <meta name='ocr-system' content='tesseract 3.04.00' />
  <meta name='ocr-capabilities' content='ocr_page ocr_carea ocr_par ocr_line ocrx_word'/>
</head>
<body>
  <div class='ocr_page' id='page_1' title='image "./operaquaesupersu13melauoft_0553.png"; bbox 0 0 2379 2948; ppageno 0'>
   <div class='ocr_carea' id='block_1_1' title="bbox 117 91 211 126">
    <p class='ocr_par' dir='ltr' id='par_1_1' title="bbox 117 91 211 126">
     <span class='ocr_line' id='line_1_1' title="bbox 117 91 211 126; baseline -0.011 0"><span class='ocrx_word' id='word_1_1' title='bbox 117 91 211 126; x_wconf 80' lang='lat'>1081</span> 
     </span>
    </p>
   </div>
   <div class='ocr_carea' id='block_1_2' title="bbox 102 171 1125 830">
    <p class='ocr_par' dir='ltr' id='par_1_2' title="bbox 103 171 1125 625">
     <span class='ocr_line' id='line_1_2' title="bbox 108 171 1125 238; baseline -0.002 -30"><span class='ocrx_word' id='word_1_2' title='bbox 108 174 257 218; x_wconf 88' lang='lat' dir='ltr'><strong>opponit</strong></span> <span class='ocrx_word' id='word_1_3' title='bbox 284 171 450 208; x_wconf 87' lang='lat' dir='ltr'><strong>humanis</strong></span> <span class='ocrx_word' id='word_1_4' title='bbox 474 174 636 215; x_wconf 83' lang='lat' dir='ltr'><strong>iudiciis,</strong></span> <span class='ocrx_word' id='word_1_5' title='bbox 664 187 753 220; x_wconf 89' lang='lat' dir='ltr'><strong>quae</strong></span> <span class='ocrx_word' id='word_1_6' title='bbox 778 175 893 208; x_wconf 81' lang='lat' dir='ltr'><strong>fontes</strong></span> <span class='ocrx_word' id='word_1_7' title='bbox 920 173 1100 207; x_wconf 81' lang='lat' dir='ltr'><strong>calamita-</strong></span> <span class='ocrx_word' id='word_1_8' title='bbox 1122 171 1125 238; x_wconf 55' lang='grc' dir='ltr'>ι</span> 
     </span>
     <span class='ocr_line' id='line_1_3' title="bbox 106 222 1098 270; baseline -0.003 -11"><span class='ocrx_word' id='word_1_9' title='bbox 106 233 181 259; x_wconf 89' lang='lat' dir='ltr'><strong>tum</strong></span> <span class='ocrx_word' id='word_1_10' title='bbox 219 222 457 259; x_wconf 89' lang='lat' dir='ltr'><strong>humanarum</strong></span> <span class='ocrx_word' id='word_1_11' title='bbox 494 226 676 269; x_wconf 84' lang='lat' dir='ltr'><strong>ignorant,</strong></span> <span class='ocrx_word' id='word_1_12' title='bbox 719 234 752 259; x_wconf 87' lang='lat' dir='ltr'><strong>et</strong></span> <span class='ocrx_word' id='word_1_13' title='bbox 787 231 962 270; x_wconf 87' lang='lat' dir='ltr'><strong>quaerunt</strong></span> <span class='ocrx_word' id='word_1_14' title='bbox 995 225 1098 257; x_wconf 81' lang='lat' dir='ltr'><strong>salsas</strong></span> 
     </span>
     <span class='ocr_line' id='line_1_4' title="bbox 104 276 1098 315; baseline -0.002 -6"><span class='ocrx_word' id='word_1_15' title='bbox 104 287 226 310; x_wconf 78' lang='lat' dir='ltr'>causas</span> <span class='ocrx_word' id='word_1_16' title='bbox 261 283 294 309; x_wconf 88' lang='lat' dir='ltr'><strong>et</strong></span> <span class='ocrx_word' id='word_1_17' title='bbox 325 276 446 310; x_wconf 87' lang='lat' dir='ltr'><strong>inania</strong></span> <span class='ocrx_word' id='word_1_18' title='bbox 486 277 655 312; x_wconf 85' lang='lat' dir='ltr'><strong>remedia.</strong></span> <span class='ocrx_word' id='word_1_19' title='bbox 714 276 846 310; x_wconf 76' lang='lat' dir='ltr'>Scitote</span> <span class='ocrx_word' id='word_1_20' title='bbox 880 287 941 308; x_wconf 90' lang='lat' dir='ltr'><strong>vos</strong></span> <span class='ocrx_word' id='word_1_21' title='bbox 973 276 1098 315; x_wconf 88' lang='lat' dir='ltr'><strong>securi,</strong></span> 
     </span>
     <span class='ocr_line' id='line_1_5' title="bbox 104 325 1095 371; baseline -0.002 -11"><span class='ocrx_word' id='word_1_22' title='bbox 104 327 211 361; x_wconf 83' lang='lat' dir='ltr'><strong>etiam</strong></span> <span class='ocrx_word' id='word_1_23' title='bbox 228 325 425 360; x_wconf 89' lang='lat' dir='ltr'><strong>Ecclesiam</strong></span> <span class='ocrx_word' id='word_1_24' title='bbox 454 334 598 371; x_wconf 89' lang='lat' dir='ltr'><strong>propter</strong></span> <span class='ocrx_word' id='word_1_25' title='bbox 622 334 760 370; x_wconf 88' lang='lat' dir='ltr'><strong>peccata</strong></span> <span class='ocrx_word' id='word_1_26' title='bbox 785 326 921 369; x_wconf 89' lang='lat' dir='ltr'><strong>puniri:</strong></span> <span class='ocrx_word' id='word_1_27' title='bbox 953 325 1095 368; x_wconf 86' lang='lat' dir='ltr'><strong>Quanto</strong></span> 
     </span>
     <span class='ocr_line' id='line_1_6' title="bbox 104 362 1123 436; baseline -0.001 -26"><span class='ocrx_word' id='word_1_28' title='bbox 104 378 215 421; x_wconf 88' lang='lat' dir='ltr'><strong>magis</strong></span> <span class='ocrx_word' id='word_1_29' title='bbox 252 389 313 411; x_wconf 93' lang='lat' dir='ltr'><strong>vos</strong></span> <span class='ocrx_word' id='word_1_30' title='bbox 356 377 580 436; x_wconf 85' lang='lat' dir='ltr'><strong>puniemini?</strong></span> <span class='ocrx_word' id='word_1_31' title='bbox 632 377 703 410; x_wconf 90' lang='lat' dir='ltr'><strong>Nec</strong></span> <span class='ocrx_word' id='word_1_32' title='bbox 746 377 920 420; x_wconf 70' lang='lat' dir='ltr'><strong>effugietis</strong></span> <span class='ocrx_word' id='word_1_33' title='bbox 955 388 1097 420; x_wconf 89' lang='lat' dir='ltr'><strong>poenas,</strong></span> <span class='ocrx_word' id='word_1_34' title='bbox 1120 362 1123 409; x_wconf 65' lang='lat' dir='ltr'><strong>l</strong></span> 
     </span>
     <span class='ocr_line' id='line_1_7' title="bbox 105 424 1122 472; baseline 0 -10"><span class='ocrx_word' id='word_1_35' title='bbox 105 428 242 462; x_wconf 87' lang='lat' dir='ltr'><strong>etiamsi</strong></span> <span class='ocrx_word' id='word_1_36' title='bbox 275 430 395 461; x_wconf 88' lang='lat' dir='ltr'><strong>omnia</strong></span> <span class='ocrx_word' id='word_1_37' title='bbox 420 428 566 461; x_wconf 89' lang='lat' dir='ltr'><strong>consilia</strong></span> <span class='ocrx_word' id='word_1_38' title='bbox 593 435 704 461; x_wconf 90' lang='lat' dir='ltr'><strong>vestra</strong></span> <span class='ocrx_word' id='word_1_39' title='bbox 736 440 832 461; x_wconf 88' lang='lat' dir='ltr'><strong>nunc</strong></span> <span class='ocrx_word' id='word_1_40' title='bbox 859 440 899 460; x_wconf 93' lang='lat' dir='ltr'><strong>eo</strong></span> <span class='ocrx_word' id='word_1_41' title='bbox 926 434 1095 472; x_wconf 85' lang='lat' dir='ltr'><strong>spectant,</strong></span> <span class='ocrx_word' id='word_1_42' title='bbox 1120 424 1122 462; x_wconf 67' lang='lat' dir='ltr'><strong>l</strong></span> 
     </span>
     <span class='ocr_line' id='line_1_8' title="bbox 103 478 1096 523; baseline -0.002 -10"><span class='ocrx_word' id='word_1_43' title='bbox 103 486 143 513; x_wconf 87' lang='lat' dir='ltr'><strong>ut</strong></span> <span class='ocrx_word' id='word_1_44' title='bbox 159 479 251 512; x_wconf 85' lang='lat' dir='ltr'><strong>vitae</strong></span> <span class='ocrx_word' id='word_1_45' title='bbox 267 479 440 522; x_wconf 90' lang='lat' dir='ltr'><strong>praesidia</strong></span> <span class='ocrx_word' id='word_1_46' title='bbox 458 478 558 512; x_wconf 88' lang='lat' dir='ltr'><strong>vobis</strong></span> <span class='ocrx_word' id='word_1_47' title='bbox 575 479 766 523; x_wconf 84' lang='lat' dir='ltr'><strong>quaeratis:</strong></span> <span class='ocrx_word' id='word_1_48' title='bbox 798 478 844 512; x_wconf 84' lang='lat' dir='ltr'><strong>Ut</strong></span> <span class='ocrx_word' id='word_1_49' title='bbox 868 491 940 511; x_wconf 93' lang='lat' dir='ltr'><strong>non</strong></span> <span class='ocrx_word' id='word_1_50' title='bbox 965 479 1096 521; x_wconf 84' lang='lat' dir='ltr'><strong>effuge-</strong></span> 
     </span>
     <span class='ocr_line' id='line_1_9' title="bbox 103 527 1093 574; baseline -0.002 -11"><span class='ocrx_word' id='word_1_51' title='bbox 103 537 186 563; x_wconf 88' lang='lat' dir='ltr'><strong>runt</strong></span> <span class='ocrx_word' id='word_1_52' title='bbox 206 542 336 574; x_wconf 89' lang='lat' dir='ltr'><strong>poenas</strong></span> <span class='ocrx_word' id='word_1_53' title='bbox 353 527 509 569; x_wconf 73' lang='lat' dir='ltr'><strong>Pharao,</strong></span> <span class='ocrx_word' id='word_1_54' title='bbox 536 540 634 571; x_wconf 77' lang='lat' dir='ltr'><strong>leges</strong></span> <span class='ocrx_word' id='word_1_55' title='bbox 653 528 850 570; x_wconf 86' lang='lat' dir='ltr'><strong>Cananaei,</strong></span> <span class='ocrx_word' id='word_1_56' title='bbox 876 537 908 563; x_wconf 84' lang='lat' dir='ltr'><strong>et</strong></span> <span class='ocrx_word' id='word_1_57' title='bbox 923 530 984 563; x_wconf 85' lang='lat' dir='ltr'><strong>alii</strong></span> <span class='ocrx_word' id='word_1_58' title='bbox 1002 530 1093 563; x_wconf 90' lang='lat' dir='ltr'><strong>mul-</strong></span> 
     </span>
     <span class='ocr_line' id='line_1_10' title="bbox 103 579 749 625; baseline 0.002 -12"><span class='ocrx_word' id='word_1_59' title='bbox 103 581 148 621; x_wconf 87' lang='lat' dir='ltr'><strong>ti,</strong></span> <span class='ocrx_word' id='word_1_60' title='bbox 182 593 334 625; x_wconf 87' lang='lat' dir='ltr'><strong>quorum</strong></span> <span class='ocrx_word' id='word_1_61' title='bbox 353 592 477 622; x_wconf 82' lang='lat' dir='ltr'><strong>magna</strong></span> <span class='ocrx_word' id='word_1_62' title='bbox 497 579 652 623; x_wconf 88' lang='lat' dir='ltr'><strong>potentia</strong></span> <span class='ocrx_word' id='word_1_63' title='bbox 670 580 749 614; x_wconf 87' lang='lat' dir='ltr'><strong>suit.</strong></span> 
     </span>
    </p>

    <p class='ocr_par' dir='ltr' id='par_1_3' title="bbox 102 631 1121 830">
     <span class='ocr_line' id='line_1_11' title="bbox 212 631 1121 674; baseline 0.001 -10"><span class='ocrx_word' id='word_1_64' title='bbox 212 631 253 664; x_wconf 91' lang='lat' dir='ltr'><strong>ln</strong></span> <span class='ocrx_word' id='word_1_65' title='bbox 272 631 340 663; x_wconf 88' lang='lat' dir='ltr'><strong>fine</strong></span> <span class='ocrx_word' id='word_1_66' title='bbox 357 631 483 673; x_wconf 89' lang='lat' dir='ltr'><strong>repetit</strong></span> <span class='ocrx_word' id='word_1_67' title='bbox 503 631 738 674; x_wconf 76' lang='lat' dir='ltr'><strong>precationem</strong></span> <span class='ocrx_word' id='word_1_68' title='bbox 764 632 886 665; x_wconf 86' lang='lat' dir='ltr'><strong>addito</strong></span> <span class='ocrx_word' id='word_1_69' title='bbox 907 643 1095 674; x_wconf 83' lang='lat' dir='ltr'><strong>argumen-</strong></span> <span class='ocrx_word' id='word_1_70' title='bbox 1120 648 1121 665; x_wconf 59' lang='grc' dir='ltr'>ι</span> 
     </span>
     <span class='ocr_line' id='line_1_12' title="bbox 102 678 1121 728; baseline -0.001 -13"><span class='ocrx_word' id='word_1_71' title='bbox 102 688 138 715; x_wconf 91' lang='lat' dir='ltr'><strong>to</strong></span> <span class='ocrx_word' id='word_1_72' title='bbox 173 688 205 715; x_wconf 89' lang='lat' dir='ltr'><strong>et</strong></span> <span class='ocrx_word' id='word_1_73' title='bbox 238 681 422 725; x_wconf 85' lang='lat' dir='ltr'><strong>exemplo:</strong></span> <span class='ocrx_word' id='word_1_74' title='bbox 467 678 569 727; x_wconf 75' lang='lat' dir='ltr'><strong>Quia</strong></span> <span class='ocrx_word' id='word_1_75' title='bbox 600 694 680 715; x_wconf 79' lang='lat' dir='ltr'><strong>sum</strong></span> <span class='ocrx_word' id='word_1_76' title='bbox 717 682 973 728; x_wconf 79' lang='lat' dir='ltr'><strong>peregrinator</strong></span> <span class='ocrx_word' id='word_1_77' title='bbox 1011 686 1121 715; x_wconf 50' lang='lat' dir='ltr'><strong>tuus*</strong></span> 
     </span>
     <span class='ocr_line' id='line_1_13' title="bbox 102 731 1094 778; baseline 0.002 -14"><span class='ocrx_word' id='word_1_78' title='bbox 102 731 195 765; x_wconf 82' lang='lat' dir='ltr'><strong>sicut</strong></span> <span class='ocrx_word' id='word_1_79' title='bbox 225 736 370 778; x_wconf 76' lang='lat' dir='ltr'><strong>patres,</strong></span> <span class='ocrx_word' id='word_1_80' title='bbox 402 732 437 765; x_wconf 87' lang='lat' dir='ltr'><strong>id</strong></span> <span class='ocrx_word' id='word_1_81' title='bbox 462 740 532 773; x_wconf 89' lang='lat' dir='ltr'><strong>est,</strong></span> <span class='ocrx_word' id='word_1_82' title='bbox 566 731 694 777; x_wconf 86' lang='lat' dir='ltr'><strong>hospes</strong></span> <span class='ocrx_word' id='word_1_83' title='bbox 724 746 800 767; x_wconf 90' lang='lat' dir='ltr'><strong>sum</strong></span> <span class='ocrx_word' id='word_1_84' title='bbox 825 735 861 767; x_wconf 86' lang='lat' dir='ltr'><strong>in</strong></span> <span class='ocrx_word' id='word_1_85' title='bbox 887 742 998 774; x_wconf 90' lang='lat' dir='ltr'><strong>terra,</strong></span> <span class='ocrx_word' id='word_1_86' title='bbox 1032 746 1094 766; x_wconf 92' lang='lat' dir='ltr'><strong>nec</strong></span> 
     </span>
     <span class='ocr_line' id='line_1_14' title="bbox 102 781 713 830; baseline 0.002 -14"><span class='ocrx_word' id='word_1_87' title='bbox 102 784 200 816; x_wconf 90' lang='lat' dir='ltr'><strong>aliud</strong></span> <span class='ocrx_word' id='word_1_88' title='bbox 219 783 434 830; x_wconf 77' lang='lat' dir='ltr'><strong>praesidium</strong></span> <span class='ocrx_word' id='word_1_89' title='bbox 453 781 565 817; x_wconf 78' lang='lat' dir='ltr'><strong>liabeo</strong></span> <span class='ocrx_word' id='word_1_90' title='bbox 586 785 652 816; x_wconf 87' lang='lat' dir='ltr'><strong>nisi</strong></span> <span class='ocrx_word' id='word_1_91' title='bbox 669 792 713 820; x_wconf 84' lang='lat' dir='ltr'><strong>te.</strong></span> 
     </span>
    </p>
   </div>
   <div class='ocr_carea' id='block_1_3' title="bbox 1121 240 1124 351">
    <p class='ocr_par' dir='ltr' id='par_1_4' title="bbox 1121 240 1124 351">
     <span class='ocr_line' id='line_1_15' title="bbox 1121 240 1124 351; baseline 0 2597"><span class='ocrx_word' id='word_1_92' title='bbox 1121 240 1124 351; x_wconf 95' lang='lat' dir='ltr'><strong> </strong></span> 
     </span>
    </p>
   </div>
   <div class='ocr_carea' id='block_1_4' title="bbox 450 944 744 986">
    <p class='ocr_par' dir='ltr' id='par_1_5' title="bbox 450 944 744 986">
     <span class='ocr_line' id='line_1_16' title="bbox 450 944 744 986; baseline 0.01 -3"><span class='ocrx_word' id='word_1_93' title='bbox 450 944 612 983; x_wconf 82' lang='lat' dir='ltr'><strong>Psalmi</strong></span> <span class='ocrx_word' id='word_1_94' title='bbox 647 945 744 986; x_wconf 77' lang='lat' dir='ltr'><strong>Xh.</strong></span> 
     </span>
    </p>
   </div>
   <div class='ocr_carea' id='block_1_5' title="bbox 149 1019 1094 1114">
    <p class='ocr_par' dir='ltr' id='par_1_6' title="bbox 149 1019 1094 1114">
     <span class='ocr_line' id='line_1_17' title="bbox 150 1019 1094 1062; baseline 0.001 -11"><span class='ocrx_word' id='word_1_95' title='bbox 150 1019 366 1061; x_wconf 75' lang='lat' dir='ltr'><em>Expectans</em></span> <span class='ocrx_word' id='word_1_96' title='bbox 403 1020 603 1062; x_wconf 61' lang='lat' dir='ltr'><strong>expectavi</strong></span> <span class='ocrx_word' id='word_1_97' title='bbox 639 1020 862 1061; x_wconf 81' lang='lat' dir='ltr'><strong>Dominum,</strong></span> <span class='ocrx_word' id='word_1_98' title='bbox 907 1024 943 1052; x_wconf 80' lang='lat' dir='ltr'><strong>et</strong></span> <span class='ocrx_word' id='word_1_99' title='bbox 987 1020 1094 1052; x_wconf 72' lang='lat' dir='ltr'><strong>incli-</strong></span> 
     </span>
     <span class='ocr_line' id='line_1_18' title="bbox 149 1069 1092 1114; baseline 0.001 -12"><span class='ocrx_word' id='word_1_100' title='bbox 149 1074 266 1103; x_wconf 75' lang='lat' dir='ltr'><strong>natus</strong></span> <span class='ocrx_word' id='word_1_101' title='bbox 292 1074 347 1103; x_wconf 83' lang='lat' dir='ltr'><strong>est</strong></span> <span class='ocrx_word' id='word_1_102' title='bbox 376 1069 426 1103; x_wconf 80' lang='lat' dir='ltr'><strong>ad</strong></span> <span class='ocrx_word' id='word_1_103' title='bbox 453 1081 531 1112; x_wconf 42' lang='lat' dir='ltr'><strong>(me,</strong></span> <span class='ocrx_word' id='word_1_104' title='bbox 561 1075 599 1103; x_wconf 86' lang='lat' dir='ltr'><strong>et</strong></span> <span class='ocrx_word' id='word_1_105' title='bbox 617 1071 809 1104; x_wconf 71' lang='lat' dir='ltr'><strong>eoeandivit</strong></span> <span class='ocrx_word' id='word_1_106' title='bbox 828 1082 957 1114; x_wconf 78' lang='lat' dir='ltr'><strong>preces</strong></span> <span class='ocrx_word' id='word_1_107' title='bbox 981 1082 1092 1103; x_wconf 75' lang='lat' dir='ltr'><strong>meas.</strong></span> 
     </span>
    </p>
   </div>
   <div class='ocr_carea' id='block_1_6' title="bbox 234 885 1121 1067">
    <p class='ocr_par' dir='ltr' id='par_1_7' title="bbox 234 885 1121 1067">
     <span class='ocr_line' id='line_1_19' title="bbox 234 885 1121 931; baseline 0.002 -13"><span class='ocrx_word' id='word_1_108' title='bbox 234 885 575 931; x_wconf 75' lang='lat' dir='ltr'><strong>Aryumentum</strong></span> <span class='ocrx_word' id='word_1_109' title='bbox 613 897 665 919; x_wconf 85' lang='lat' dir='ltr'><strong>ac</strong></span> <span class='ocrx_word' id='word_1_110' title='bbox 702 885 961 931; x_wconf 73' lang='lat' dir='ltr'><strong>dispositio</strong></span> <span class='ocrx_word' id='word_1_111' title='bbox 1119 887 1121 925; x_wconf 69' lang='lat' dir='ltr'><strong>l</strong></span> 
     </span>
     <span class='ocr_line' id='line_1_20' title="bbox 1119 938 1121 951; baseline 0 0"><span class='ocrx_word' id='word_1_112' title='bbox 1119 938 1121 951; x_wconf 88' lang='grc' dir='ltr'>Ι</span> 
     </span>
     <span class='ocr_line' id='line_1_21' title="bbox 1119 974 1121 989; baseline 0 0"><span class='ocrx_word' id='word_1_113' title='bbox 1119 974 1121 989; x_wconf 78' lang='grc' dir='ltr'>Ι</span> 
     </span>
     <span class='ocr_line' id='line_1_22' title="bbox 1119 1035 1120 1047; baseline 0 0"><span class='ocrx_word' id='word_1_114' title='bbox 1119 1035 1120 1047; x_wconf 82' lang='lat' dir='ltr'><strong>l</strong></span> 
     </span>
     <span class='ocr_line' id='line_1_23' title="bbox 1119 1052 1121 1067; baseline 0 0"><span class='ocrx_word' id='word_1_115' title='bbox 1119 1052 1121 1067; x_wconf 74' lang='lat' dir='ltr'><strong>l</strong></span> 
     </span>
    </p>
   </div>
   <div class='ocr_carea' id='block_1_7' title="bbox 96 1135 1120 2711">
    <p class='ocr_par' dir='ltr' id='par_1_8' title="bbox 96 1135 1120 2098">
     <span class='ocr_line' id='line_1_24' title="bbox 203 1135 1120 1182; baseline 0.002 -14"><span class='ocrx_word' id='word_1_116' title='bbox 203 1135 311 1169; x_wconf 90' lang='lat' dir='ltr'><strong>Initio</strong></span> <span class='ocrx_word' id='word_1_117' title='bbox 343 1135 398 1170; x_wconf 90' lang='lat' dir='ltr'><strong>hic</strong></span> <span class='ocrx_word' id='word_1_118' title='bbox 431 1137 632 1180; x_wconf 86' lang='lat' dir='ltr'><strong>disputatur</strong></span> <span class='ocrx_word' id='word_1_119' title='bbox 660 1138 703 1170; x_wconf 90' lang='lat' dir='ltr'><strong>de</strong></span> <span class='ocrx_word' id='word_1_120' title='bbox 739 1150 885 1181; x_wconf 88' lang='lat' dir='ltr'><strong>persona</strong></span> <span class='ocrx_word' id='word_1_121' title='bbox 911 1138 1091 1181; x_wconf 76' lang='lat' dir='ltr'><strong>loquente:</strong></span> <span class='ocrx_word' id='word_1_122' title='bbox 1118 1149 1120 1182; x_wconf 70' lang='lat' dir='ltr'>j</span> 
     </span>
     <span class='ocr_line' id='line_1_25' title="bbox 100 1186 1120 1231; baseline -0.002 -10"><span class='ocrx_word' id='word_1_123' title='bbox 100 1194 235 1222; x_wconf 88' lang='lat' dir='ltr'><strong>constat</strong></span> <span class='ocrx_word' id='word_1_124' title='bbox 269 1195 384 1220; x_wconf 89' lang='lat' dir='ltr'><strong>autem</strong></span> <span class='ocrx_word' id='word_1_125' title='bbox 419 1200 460 1220; x_wconf 81' lang='lat' dir='ltr'><strong>ex</strong></span> <span class='ocrx_word' id='word_1_126' title='bbox 486 1186 644 1231; x_wconf 79' lang='lat' dir='ltr'><strong>Epistola</strong></span> <span class='ocrx_word' id='word_1_127' title='bbox 676 1189 718 1221; x_wconf 88' lang='lat' dir='ltr'><strong>ad</strong></span> <span class='ocrx_word' id='word_1_128' title='bbox 746 1188 926 1222; x_wconf 86' lang='lat' dir='ltr'><strong>Hebraeos</strong></span> <span class='ocrx_word' id='word_1_129' title='bbox 957 1189 1093 1221; x_wconf 86' lang='lat' dir='ltr'><strong>decimo</strong></span> <span class='ocrx_word' id='word_1_130' title='bbox 1118 1186 1120 1218; x_wconf 69' lang='grc' dir='ltr'>ἶ</span> 
     </span>
     <span class='ocr_line' id='line_1_26' title="bbox 99 1239 1119 1283; baseline 0 -12"><span class='ocrx_word' id='word_1_131' title='bbox 99 1240 234 1283; x_wconf 90' lang='lat' dir='ltr'><strong>capite,</strong></span> <span class='ocrx_word' id='word_1_132' title='bbox 257 1245 375 1283; x_wconf 87' lang='lat' dir='ltr'><strong>aperte</strong></span> <span class='ocrx_word' id='word_1_133' title='bbox 413 1250 611 1271; x_wconf 90' lang='lat' dir='ltr'><strong>sermonem</strong></span> <span class='ocrx_word' id='word_1_134' title='bbox 642 1239 678 1271; x_wconf 91' lang='lat' dir='ltr'><strong>in</strong></span> <span class='ocrx_word' id='word_1_135' title='bbox 715 1239 783 1272; x_wconf 89' lang='lat' dir='ltr'><strong>hoc</strong></span> <span class='ocrx_word' id='word_1_136' title='bbox 811 1239 950 1272; x_wconf 79' lang='lat' dir='ltr'><strong>Psalmo</strong></span> <span class='ocrx_word' id='word_1_137' title='bbox 982 1240 1091 1271; x_wconf 80' lang='lat' dir='ltr'><strong>tlibui</strong></span> <span class='ocrx_word' id='word_1_138' title='bbox 1118 1255 1119 1258; x_wconf 45' lang='lat'>¹</span> 
     </span>
     <span class='ocr_line' id='line_1_27' title="bbox 98 1287 1091 1334; baseline -0.001 -11"><span class='ocrx_word' id='word_1_139' title='bbox 98 1289 255 1323; x_wconf 86' lang='lat' dir='ltr'><strong>Christo.</strong></span> <span class='ocrx_word' id='word_1_140' title='bbox 310 1287 357 1323; x_wconf 86' lang='lat' dir='ltr'><strong>Et</strong></span> <span class='ocrx_word' id='word_1_141' title='bbox 383 1291 489 1323; x_wconf 87' lang='lat' dir='ltr'><strong>verba</strong></span> <span class='ocrx_word' id='word_1_142' title='bbox 516 1290 738 1323; x_wconf 87' lang='lat' dir='ltr'><strong>conveniunt</strong></span> <span class='ocrx_word' id='word_1_143' title='bbox 764 1291 903 1334; x_wconf 88' lang='lat' dir='ltr'><strong>proprie</strong></span> <span class='ocrx_word' id='word_1_144' title='bbox 923 1291 964 1322; x_wconf 88' lang='lat' dir='ltr'><strong>ad</strong></span> <span class='ocrx_word' id='word_1_145' title='bbox 984 1287 1091 1322; x_wconf 83' lang='lat' dir='ltr'><strong>Chri-</strong></span> 
     </span>
     <span class='ocr_line' id='line_1_28' title="bbox 99 1337 1094 1380; baseline -0.002 -6"><span class='ocrx_word' id='word_1_146' title='bbox 99 1350 209 1374; x_wconf 83' lang='lat' dir='ltr'><strong>stum:</strong></span> <span class='ocrx_word' id='word_1_147' title='bbox 239 1337 345 1372; x_wconf 75' lang='lat' dir='ltr'><em>Tunc</em></span> <span class='ocrx_word' id='word_1_148' title='bbox 362 1337 466 1380; x_wconf 64' lang='lat' dir='ltr'><strong>dixi,</strong></span> <span class='ocrx_word' id='word_1_149' title='bbox 498 1351 568 1372; x_wconf 85' lang='lat' dir='ltr'><strong>ecce</strong></span> <span class='ocrx_word' id='word_1_150' title='bbox 586 1340 703 1380; x_wconf 37' lang='lat' dir='ltr'><strong>senzsto</strong></span> <span class='ocrx_word' id='word_1_151' title='bbox 731 1352 769 1372; x_wconf 83' lang='grc' dir='ltr'><strong>ιη</strong></span> <span class='ocrx_word' id='word_1_152' title='bbox 795 1340 976 1373; x_wconf 50' lang='lat' dir='ltr'><strong>volumine</strong></span> <span class='ocrx_word' id='word_1_153' title='bbox 1003 1338 1094 1372; x_wconf 71' lang='lat' dir='ltr'><strong>lzbri</strong></span> 
     </span>
     <span class='ocr_line' id='line_1_29' title="bbox 97 1387 1090 1437; baseline -0.002 -12"><span class='ocrx_word' id='word_1_154' title='bbox 97 1391 273 1437; x_wconf 78' lang='lat' dir='ltr'><strong>scriptum</strong></span> <span class='ocrx_word' id='word_1_155' title='bbox 292 1394 342 1423; x_wconf 78' lang='lat' dir='ltr'><strong>est</strong></span> <span class='ocrx_word' id='word_1_156' title='bbox 360 1387 402 1423; x_wconf 81' lang='lat' dir='ltr'><strong>de</strong></span> <span class='ocrx_word' id='word_1_157' title='bbox 419 1401 490 1428; x_wconf 81' lang='lat' dir='ltr'><strong>me,</strong></span> <span class='ocrx_word' id='word_1_158' title='bbox 519 1398 558 1423; x_wconf 81' lang='lat' dir='ltr'><strong>ut</strong></span> <span class='ocrx_word' id='word_1_159' title='bbox 574 1389 718 1435; x_wconf 80' lang='lat' dir='ltr'><strong>faciam</strong></span> <span class='ocrx_word' id='word_1_160' title='bbox 747 1390 970 1424; x_wconf 61' lang='lat' dir='ltr'><strong>volunlatem</strong></span> <span class='ocrx_word' id='word_1_161' title='bbox 989 1395 1090 1423; x_wconf 75' lang='lat' dir='ltr'><strong>luam</strong></span> 
     </span>
     <span class='ocr_line' id='line_1_30' title="bbox 96 1439 1091 1482; baseline -0.002 -6"><span class='ocrx_word' id='word_1_162' title='bbox 96 1441 203 1476; x_wconf 81' lang='lat' dir='ltr'><strong>Deus</strong></span> <span class='ocrx_word' id='word_1_163' title='bbox 219 1453 338 1480; x_wconf 79' lang='lat' dir='ltr'><strong>meus,</strong></span> <span class='ocrx_word' id='word_1_164' title='bbox 367 1439 485 1482; x_wconf 57' lang='lat' dir='ltr'><strong>volui,</strong></span> <span class='ocrx_word' id='word_1_165' title='bbox 510 1445 540 1474; x_wconf 82' lang='lat' dir='ltr'><strong>et</strong></span> <span class='ocrx_word' id='word_1_166' title='bbox 559 1440 622 1474; x_wconf 67' lang='lat' dir='ltr'><strong>lex</strong></span> <span class='ocrx_word' id='word_1_167' title='bbox 636 1446 701 1474; x_wconf 79' lang='grc' dir='ltr'><strong>Ιιια</strong></span> <span class='ocrx_word' id='word_1_168' title='bbox 725 1441 824 1475; x_wconf 80' lang='lat' dir='ltr'><strong>intra</strong></span> <span class='ocrx_word' id='word_1_169' title='bbox 841 1455 894 1475; x_wconf 81' lang='lat' dir='ltr'><strong>me</strong></span> <span class='ocrx_word' id='word_1_170' title='bbox 912 1447 975 1477; x_wconf 85' lang='lat' dir='ltr'><strong>esl.</strong></span> <span class='ocrx_word' id='word_1_171' title='bbox 1032 1442 1091 1475; x_wconf 84' lang='lat' dir='ltr'><strong>Fi-</strong></span> 
     </span>
     <span class='ocr_line' id='line_1_31' title="bbox 97 1492 1091 1537; baseline -0.001 -10"><span class='ocrx_word' id='word_1_172' title='bbox 97 1495 167 1527; x_wconf 89' lang='lat' dir='ltr'><strong>lius</strong></span> <span class='ocrx_word' id='word_1_173' title='bbox 185 1493 252 1527; x_wconf 91' lang='lat' dir='ltr'><strong>Dei</strong></span> <span class='ocrx_word' id='word_1_174' title='bbox 269 1494 342 1537; x_wconf 87' lang='lat' dir='ltr'><strong>ipse</strong></span> <span class='ocrx_word' id='word_1_175' title='bbox 360 1492 462 1526; x_wconf 82' lang='lat' dir='ltr'><strong>offert</strong></span> <span class='ocrx_word' id='word_1_176' title='bbox 480 1504 533 1534; x_wconf 87' lang='lat' dir='ltr'><strong>se,</strong></span> <span class='ocrx_word' id='word_1_177' title='bbox 559 1499 598 1525; x_wconf 90' lang='lat' dir='ltr'><strong>ut</strong></span> <span class='ocrx_word' id='word_1_178' title='bbox 616 1494 673 1526; x_wconf 84' lang='lat' dir='ltr'><strong>fiat</strong></span> <span class='ocrx_word' id='word_1_179' title='bbox 688 1494 841 1529; x_wconf 86' lang='lat' dir='ltr'><strong>victima.</strong></span> <span class='ocrx_word' id='word_1_180' title='bbox 885 1493 988 1527; x_wconf 86' lang='lat' dir='ltr'><strong>Tunc</strong></span> <span class='ocrx_word' id='word_1_181' title='bbox 1008 1494 1091 1534; x_wconf 82' lang='lat' dir='ltr'><strong>dixi,</strong></span> 
     </span>
     <span class='ocr_line' id='line_1_32' title="bbox 97 1542 1090 1589; baseline -0.001 -11"><span class='ocrx_word' id='word_1_182' title='bbox 97 1544 190 1580; x_wconf 89' lang='lat' dir='ltr'><strong>Ecce</strong></span> <span class='ocrx_word' id='word_1_183' title='bbox 206 1545 321 1579; x_wconf 86' lang='lat' dir='ltr'><strong>venio.</strong></span> <span class='ocrx_word' id='word_1_184' title='bbox 347 1542 396 1576; x_wconf 87' lang='lat' dir='ltr'><strong>Et</strong></span> <span class='ocrx_word' id='word_1_185' title='bbox 411 1544 459 1577; x_wconf 88' lang='lat' dir='ltr'><strong>ait</strong></span> <span class='ocrx_word' id='word_1_186' title='bbox 471 1544 513 1576; x_wconf 92' lang='lat' dir='ltr'><strong>de</strong></span> <span class='ocrx_word' id='word_1_187' title='bbox 524 1556 559 1577; x_wconf 90' lang='lat' dir='ltr'><strong>se</strong></span> <span class='ocrx_word' id='word_1_188' title='bbox 574 1545 743 1587; x_wconf 88' lang='lat' dir='ltr'><strong>scriptum</strong></span> <span class='ocrx_word' id='word_1_189' title='bbox 756 1556 827 1577; x_wconf 88' lang='lat' dir='ltr'><strong>esse</strong></span> <span class='ocrx_word' id='word_1_190' title='bbox 845 1545 881 1577; x_wconf 91' lang='lat' dir='ltr'><strong>in</strong></span> <span class='ocrx_word' id='word_1_191' title='bbox 898 1545 983 1588; x_wconf 76' lang='lat' dir='ltr'><strong>lege,</strong></span> <span class='ocrx_word' id='word_1_192' title='bbox 1008 1558 1090 1589; x_wconf 92' lang='lat' dir='ltr'><strong>pro-</strong></span> 
     </span>
     <span class='ocr_line' id='line_1_33' title="bbox 97 1594 1091 1638; baseline -0.002 -9"><span class='ocrx_word' id='word_1_193' title='bbox 97 1596 278 1629; x_wconf 85' lang='lat' dir='ltr'><strong>missionis</strong></span> <span class='ocrx_word' id='word_1_194' title='bbox 297 1597 340 1628; x_wconf 91' lang='lat' dir='ltr'><strong>de</strong></span> <span class='ocrx_word' id='word_1_195' title='bbox 356 1594 431 1638; x_wconf 89' lang='lat' dir='ltr'><strong>ipso</strong></span> <span class='ocrx_word' id='word_1_196' title='bbox 449 1594 562 1628; x_wconf 90' lang='lat' dir='ltr'><strong>editae</strong></span> <span class='ocrx_word' id='word_1_197' title='bbox 581 1601 614 1628; x_wconf 90' lang='lat' dir='ltr'><strong>et</strong></span> <span class='ocrx_word' id='word_1_198' title='bbox 631 1596 872 1638; x_wconf 72' lang='lat' dir='ltr'><strong>promulgatae</strong></span> <span class='ocrx_word' id='word_1_199' title='bbox 888 1603 982 1631; x_wconf 83' lang='lat' dir='ltr'><strong>sunt.</strong></span> <span class='ocrx_word' id='word_1_200' title='bbox 1018 1596 1091 1629; x_wconf 69' lang='lat' dir='ltr'><strong>Lex</strong></span> 
     </span>
     <span class='ocr_line' id='line_1_34' title="bbox 97 1646 1089 1690; baseline -0.002 -10"><span class='ocrx_word' id='word_1_201' title='bbox 97 1648 167 1680; x_wconf 85' lang='lat' dir='ltr'><strong>lata</strong></span> <span class='ocrx_word' id='word_1_202' title='bbox 194 1655 264 1688; x_wconf 87' lang='lat' dir='ltr'><strong>est,</strong></span> <span class='ocrx_word' id='word_1_203' title='bbox 291 1653 325 1679; x_wconf 88' lang='lat' dir='ltr'><strong>et</strong></span> <span class='ocrx_word' id='word_1_204' title='bbox 350 1657 473 1679; x_wconf 90' lang='lat' dir='ltr'><strong>omnes</strong></span> <span class='ocrx_word' id='word_1_205' title='bbox 498 1646 551 1677; x_wconf 92' lang='lat' dir='ltr'><strong>illi</strong></span> <span class='ocrx_word' id='word_1_206' title='bbox 575 1646 690 1678; x_wconf 87' lang='lat' dir='ltr'><strong>cultus</strong></span> <span class='ocrx_word' id='word_1_207' title='bbox 718 1646 893 1686; x_wconf 84' lang='lat' dir='ltr'><strong>instituti,</strong></span> <span class='ocrx_word' id='word_1_208' title='bbox 921 1654 959 1679; x_wconf 88' lang='lat' dir='ltr'><strong>ut</strong></span> <span class='ocrx_word' id='word_1_209' title='bbox 979 1647 1089 1690; x_wconf 83' lang='lat' dir='ltr'><strong>signi-</strong></span> 
     </span>
     <span class='ocr_line' id='line_1_35' title="bbox 97 1694 1090 1742; baseline 0 -12"><span class='ocrx_word' id='word_1_210' title='bbox 97 1699 242 1731; x_wconf 86' lang='lat' dir='ltr'><strong>ficarent</strong></span> <span class='ocrx_word' id='word_1_211' title='bbox 273 1704 462 1731; x_wconf 89' lang='lat' dir='ltr'><strong>venturum</strong></span> <span class='ocrx_word' id='word_1_212' title='bbox 494 1694 684 1737; x_wconf 61' lang='lat' dir='ltr'><strong>Blessiam,</strong></span> <span class='ocrx_word' id='word_1_213' title='bbox 726 1704 765 1730; x_wconf 91' lang='lat' dir='ltr'><strong>ut</strong></span> <span class='ocrx_word' id='word_1_214' title='bbox 797 1696 929 1730; x_wconf 87' lang='lat' dir='ltr'><strong>Paulus</strong></span> <span class='ocrx_word' id='word_1_215' title='bbox 962 1698 1090 1742; x_wconf 78' lang='lat' dir='ltr'><strong>inquit,</strong></span> 
     </span>
     <span class='ocr_line' id='line_1_36' title="bbox 98 1745 1090 1789; baseline -0.001 -7"><span class='ocrx_word' id='word_1_216' title='bbox 98 1747 280 1782; x_wconf 83' lang='lat' dir='ltr'><strong>Christum</strong></span> <span class='ocrx_word' id='word_1_217' title='bbox 306 1759 378 1781; x_wconf 89' lang='lat' dir='ltr'><strong>esse</strong></span> <span class='ocrx_word' id='word_1_218' title='bbox 402 1747 508 1780; x_wconf 84' lang='lat' dir='ltr'><strong>finem</strong></span> <span class='ocrx_word' id='word_1_219' title='bbox 527 1747 621 1789; x_wconf 85' lang='lat' dir='ltr'><strong>legis.</strong></span> <span class='ocrx_word' id='word_1_220' title='bbox 676 1745 723 1781; x_wconf 90' lang='lat' dir='ltr'><strong>Et</strong></span> <span class='ocrx_word' id='word_1_221' title='bbox 742 1748 778 1780; x_wconf 90' lang='lat' dir='ltr'><strong>in</strong></span> <span class='ocrx_word' id='word_1_222' title='bbox 803 1745 868 1781; x_wconf 89' lang='lat' dir='ltr'><strong>hac</strong></span> <span class='ocrx_word' id='word_1_223' title='bbox 886 1750 1090 1782; x_wconf 70' lang='lat' dir='ltr'><strong>narratione</strong></span> 
     </span>
     <span class='ocr_line' id='line_1_37' title="bbox 97 1798 1089 1845; baseline -0.001 -12"><span class='ocrx_word' id='word_1_224' title='bbox 97 1799 229 1833; x_wconf 89' lang='lat' dir='ltr'><strong>Psalmi</strong></span> <span class='ocrx_word' id='word_1_225' title='bbox 247 1800 351 1833; x_wconf 85' lang='lat' dir='ltr'><strong>offert</strong></span> <span class='ocrx_word' id='word_1_226' title='bbox 370 1798 519 1832; x_wconf 83' lang='lat' dir='ltr'><strong>Messias</strong></span> <span class='ocrx_word' id='word_1_227' title='bbox 536 1811 632 1831; x_wconf 88' lang='lat' dir='ltr'><strong>suam</strong></span> <span class='ocrx_word' id='word_1_228' title='bbox 648 1799 886 1832; x_wconf 80' lang='lat' dir='ltr'><strong>obedientiam</strong></span> <span class='ocrx_word' id='word_1_229' title='bbox 908 1800 1089 1845; x_wconf 82' lang='lat' dir='ltr'><strong>inquiens:</strong></span> 
     </span>
     <span class='ocr_line' id='line_1_38' title="bbox 98 1848 1090 1898; baseline -0.001 -14"><span class='ocrx_word' id='word_1_230' title='bbox 98 1849 152 1885; x_wconf 83' lang='lat' dir='ltr'><strong>Ut</strong></span> <span class='ocrx_word' id='word_1_231' title='bbox 167 1849 318 1898; x_wconf 84' lang='lat' dir='ltr'><strong>faciam</strong></span> <span class='ocrx_word' id='word_1_232' title='bbox 344 1848 566 1883; x_wconf 61' lang='lat' dir='ltr'><strong>voluntatem</strong></span> <span class='ocrx_word' id='word_1_233' title='bbox 592 1856 688 1882; x_wconf 88' lang='lat' dir='ltr'><strong>tuam</strong></span> <span class='ocrx_word' id='word_1_234' title='bbox 708 1849 804 1883; x_wconf 88' lang='lat' dir='ltr'><strong>Deus</strong></span> <span class='ocrx_word' id='word_1_235' title='bbox 823 1862 932 1885; x_wconf 82' lang='lat' dir='ltr'><strong>meus,</strong></span> <span class='ocrx_word' id='word_1_236' title='bbox 983 1850 1090 1891; x_wconf 73' lang='lat' dir='ltr'><strong>Volo,</strong></span> 
     </span>
     <span class='ocr_line' id='line_1_39' title="bbox 98 1899 1090 1944; baseline 0 -10"><span class='ocrx_word' id='word_1_237' title='bbox 98 1909 132 1935; x_wconf 86' lang='lat' dir='ltr'><strong>et</strong></span> <span class='ocrx_word' id='word_1_238' title='bbox 156 1902 210 1934; x_wconf 83' lang='lat' dir='ltr'><strong>lex</strong></span> <span class='ocrx_word' id='word_1_239' title='bbox 235 1908 294 1935; x_wconf 82' lang='lat' dir='ltr'><strong>tua</strong></span> <span class='ocrx_word' id='word_1_240' title='bbox 319 1902 411 1934; x_wconf 89' lang='lat' dir='ltr'><strong>intra</strong></span> <span class='ocrx_word' id='word_1_241' title='bbox 437 1913 492 1934; x_wconf 88' lang='lat' dir='ltr'><strong>me</strong></span> <span class='ocrx_word' id='word_1_242' title='bbox 514 1908 575 1935; x_wconf 82' lang='lat' dir='ltr'><strong>est.</strong></span> <span class='ocrx_word' id='word_1_243' title='bbox 627 1899 704 1944; x_wconf 86' lang='lat' dir='ltr'><strong>Ego</strong></span> <span class='ocrx_word' id='word_1_244' title='bbox 729 1913 812 1933; x_wconf 83' lang='lat' dir='ltr'><strong>vere</strong></span> <span class='ocrx_word' id='word_1_245' title='bbox 838 1908 870 1934; x_wconf 86' lang='lat' dir='ltr'><strong>et</strong></span> <span class='ocrx_word' id='word_1_246' title='bbox 892 1908 966 1934; x_wconf 90' lang='lat' dir='ltr'><strong>toto</strong></span> <span class='ocrx_word' id='word_1_247' title='bbox 985 1904 1090 1935; x_wconf 88' lang='lat' dir='ltr'><strong>corde</strong></span> 
     </span>
     <span class='ocr_line' id='line_1_40' title="bbox 98 1952 1089 1996; baseline -0.001 -10"><span class='ocrx_word' id='word_1_248' title='bbox 98 1953 281 1993; x_wconf 76' lang='lat' dir='ltr'><strong>obediam,</strong></span> <span class='ocrx_word' id='word_1_249' title='bbox 316 1953 496 1986; x_wconf 82' lang='lat' dir='ltr'><strong>sustinebo</strong></span> <span class='ocrx_word' id='word_1_250' title='bbox 522 1964 651 1996; x_wconf 88' lang='lat' dir='ltr'><strong>poenas</strong></span> <span class='ocrx_word' id='word_1_251' title='bbox 679 1963 741 1994; x_wconf 88' lang='lat' dir='ltr'><strong>pro</strong></span> <span class='ocrx_word' id='word_1_252' title='bbox 765 1952 899 1992; x_wconf 87' lang='lat' dir='ltr'><strong>electis,</strong></span> <span class='ocrx_word' id='word_1_253' title='bbox 927 1965 964 1985; x_wconf 88' lang='lat' dir='ltr'><strong>ac</strong></span> <span class='ocrx_word' id='word_1_254' title='bbox 996 1953 1089 1985; x_wconf 89' lang='lat' dir='ltr'><strong>redi-</strong></span> 
     </span>
     <span class='ocr_line' id='line_1_41' title="bbox 99 2002 1089 2047; baseline 0.001 -11"><span class='ocrx_word' id='word_1_255' title='bbox 99 2015 192 2036; x_wconf 91' lang='lat' dir='ltr'><strong>mam</strong></span> <span class='ocrx_word' id='word_1_256' title='bbox 209 2002 401 2037; x_wconf 76' lang='lat' dir='ltr'><strong>Ecclesiam</strong></span> <span class='ocrx_word' id='word_1_257' title='bbox 420 2015 497 2036; x_wconf 88' lang='lat' dir='ltr'><strong>meo</strong></span> <span class='ocrx_word' id='word_1_258' title='bbox 515 2003 703 2045; x_wconf 85' lang='lat' dir='ltr'><strong>sanguine,</strong></span> <span class='ocrx_word' id='word_1_259' title='bbox 731 2003 820 2036; x_wconf 91' lang='lat' dir='ltr'><strong>sicut</strong></span> <span class='ocrx_word' id='word_1_260' title='bbox 838 2004 1089 2047; x_wconf 85' lang='lat' dir='ltr'><strong>promissiones</strong></span> 
     </span>
     <span class='ocr_line' id='line_1_42' title="bbox 100 2054 1063 2098; baseline 0 -10"><span class='ocrx_word' id='word_1_261' title='bbox 100 2066 119 2088; x_wconf 83' lang='lat' dir='ltr'><strong>a</strong></span> <span class='ocrx_word' id='word_1_262' title='bbox 135 2061 168 2088; x_wconf 91' lang='lat' dir='ltr'><strong>te</strong></span> <span class='ocrx_word' id='word_1_263' title='bbox 187 2055 317 2096; x_wconf 88' lang='lat' dir='ltr'><strong>editae,</strong></span> <span class='ocrx_word' id='word_1_264' title='bbox 344 2061 376 2088; x_wconf 91' lang='lat' dir='ltr'><strong>et</strong></span> <span class='ocrx_word' id='word_1_265' title='bbox 394 2054 448 2087; x_wconf 86' lang='lat' dir='ltr'><strong>lex</strong></span> <span class='ocrx_word' id='word_1_266' title='bbox 468 2061 502 2087; x_wconf 89' lang='lat' dir='ltr'><strong>et</strong></span> <span class='ocrx_word' id='word_1_267' title='bbox 519 2054 634 2087; x_wconf 90' lang='lat' dir='ltr'><strong>cultus</strong></span> <span class='ocrx_word' id='word_1_268' title='bbox 652 2054 787 2098; x_wconf 86' lang='lat' dir='ltr'><strong>priores</strong></span> <span class='ocrx_word' id='word_1_269' title='bbox 808 2055 1063 2097; x_wconf 84' lang='lat' dir='ltr'><strong>significarunt.</strong></span> 
     </span>
    </p>

    <p class='ocr_par' dir='ltr' id='par_1_9' title="bbox 99 2103 1090 2497">
     <span class='ocr_line' id='line_1_43' title="bbox 204 2103 1089 2149; baseline 0.002 -12"><span class='ocrx_word' id='word_1_270' title='bbox 204 2103 272 2138; x_wconf 83' lang='lat' dir='ltr'><strong>Hie</strong></span> <span class='ocrx_word' id='word_1_271' title='bbox 294 2118 407 2138; x_wconf 87' lang='lat' dir='ltr'><strong>sermo</strong></span> <span class='ocrx_word' id='word_1_272' title='bbox 428 2105 606 2149; x_wconf 82' lang='lat' dir='ltr'><strong>aptissime</strong></span> <span class='ocrx_word' id='word_1_273' title='bbox 627 2105 799 2138; x_wconf 81' lang='lat' dir='ltr'><strong>tribuitur</strong></span> <span class='ocrx_word' id='word_1_274' title='bbox 821 2104 982 2139; x_wconf 83' lang='lat' dir='ltr'><strong>Messiae.</strong></span> <span class='ocrx_word' id='word_1_275' title='bbox 1038 2105 1089 2139; x_wconf 90' lang='lat' dir='ltr'><strong>Ac</strong></span> 
     </span>
     <span class='ocr_line' id='line_1_44' title="bbox 101 2155 1088 2200; baseline -0.001 -10"><span class='ocrx_word' id='word_1_276' title='bbox 101 2157 128 2190; x_wconf 90' lang='lat' dir='ltr'><strong>si</strong></span> <span class='ocrx_word' id='word_1_277' title='bbox 161 2156 240 2200; x_wconf 89' lang='lat' dir='ltr'><strong>quis</strong></span> <span class='ocrx_word' id='word_1_278' title='bbox 273 2156 358 2190; x_wconf 87' lang='lat' dir='ltr'><strong>velit</strong></span> <span class='ocrx_word' id='word_1_279' title='bbox 390 2155 569 2190; x_wconf 85' lang='lat' dir='ltr'><strong>Psalrnum</strong></span> <span class='ocrx_word' id='word_1_280' title='bbox 600 2156 756 2189; x_wconf 90' lang='lat' dir='ltr'><strong>tribuere</strong></span> <span class='ocrx_word' id='word_1_281' title='bbox 788 2155 936 2197; x_wconf 89' lang='lat' dir='ltr'><strong>Davidi,</strong></span> <span class='ocrx_word' id='word_1_282' title='bbox 971 2164 1088 2190; x_wconf 88' lang='lat' dir='ltr'><strong>tamen</strong></span> 
     </span>
     <span class='ocr_line' id='line_1_45' title="bbox 101 2205 1089 2250; baseline 0.001 -10"><span class='ocrx_word' id='word_1_283' title='bbox 101 2205 187 2240; x_wconf 86' lang='lat' dir='ltr'><strong>haec</strong></span> <span class='ocrx_word' id='word_1_284' title='bbox 204 2207 308 2240; x_wconf 88' lang='lat' dir='ltr'><strong>verba</strong></span> <span class='ocrx_word' id='word_1_285' title='bbox 327 2208 515 2241; x_wconf 85' lang='lat' dir='ltr'><strong>transferre</strong></span> <span class='ocrx_word' id='word_1_286' title='bbox 531 2207 567 2239; x_wconf 93' lang='lat' dir='ltr'><strong>in</strong></span> <span class='ocrx_word' id='word_1_287' title='bbox 587 2206 755 2240; x_wconf 88' lang='lat' dir='ltr'><strong>Messiam</strong></span> <span class='ocrx_word' id='word_1_288' title='bbox 774 2215 971 2250; x_wconf 82' lang='lat' dir='ltr'><strong>cogeretur:</strong></span> <span class='ocrx_word' id='word_1_289' title='bbox 1000 2208 1089 2241; x_wconf 90' lang='lat' dir='ltr'><strong>sicut</strong></span> 
     </span>
     <span class='ocr_line' id='line_1_46' title="bbox 99 2257 1090 2303; baseline 0.001 -13"><span class='ocrx_word' id='word_1_290' title='bbox 99 2270 204 2302; x_wconf 87' lang='lat' dir='ltr'><strong>supra</strong></span> <span class='ocrx_word' id='word_1_291' title='bbox 228 2258 413 2303; x_wconf 87' lang='lat' dir='ltr'><strong>aliquoties</strong></span> <span class='ocrx_word' id='word_1_292' title='bbox 438 2258 609 2299; x_wconf 80' lang='lat' dir='ltr'><strong>diximus,</strong></span> <span class='ocrx_word' id='word_1_293' title='bbox 635 2257 808 2291; x_wconf 85' lang='lat' dir='ltr'><strong>Davidem</strong></span> <span class='ocrx_word' id='word_1_294' title='bbox 838 2260 983 2292; x_wconf 86' lang='lat' dir='ltr'><strong>recitare</strong></span> <span class='ocrx_word' id='word_1_295' title='bbox 1010 2271 1090 2292; x_wconf 88' lang='lat' dir='ltr'><strong>suas</strong></span> 
     </span>
     <span class='ocr_line' id='line_1_47' title="bbox 100 2308 1088 2354; baseline -0.001 -11"><span class='ocrx_word' id='word_1_296' title='bbox 100 2309 323 2343; x_wconf 80' lang='lat' dir='ltr'><strong>adflictiones</strong></span> <span class='ocrx_word' id='word_1_297' title='bbox 339 2316 371 2342; x_wconf 87' lang='lat' dir='ltr'><strong>et</strong></span> <span class='ocrx_word' id='word_1_298' title='bbox 386 2309 629 2349; x_wconf 88' lang='lat' dir='ltr'><strong>liberationes,</strong></span> <span class='ocrx_word' id='word_1_299' title='bbox 657 2316 825 2354; x_wconf 89' lang='lat' dir='ltr'><strong>tanquam</strong></span> <span class='ocrx_word' id='word_1_300' title='bbox 845 2317 965 2353; x_wconf 87' lang='lat' dir='ltr'><strong>typum</strong></span> <span class='ocrx_word' id='word_1_301' title='bbox 983 2308 1088 2344; x_wconf 85' lang='lat' dir='ltr'><strong>Chri-</strong></span> 
     </span>
     <span class='ocr_line' id='line_1_48' title="bbox 99 2359 1089 2404; baseline 0 -10"><span class='ocrx_word' id='word_1_302' title='bbox 99 2360 162 2401; x_wconf 88' lang='lat' dir='ltr'><strong>sti,</strong></span> <span class='ocrx_word' id='word_1_303' title='bbox 190 2367 229 2393; x_wconf 87' lang='lat' dir='ltr'><strong>ut</strong></span> <span class='ocrx_word' id='word_1_304' title='bbox 253 2360 439 2403; x_wconf 81' lang='lat' dir='ltr'><strong>significet,</strong></span> <span class='ocrx_word' id='word_1_305' title='bbox 466 2360 580 2404; x_wconf 89' lang='lat' dir='ltr'><strong>qualis</strong></span> <span class='ocrx_word' id='word_1_306' title='bbox 604 2361 745 2394; x_wconf 86' lang='lat' dir='ltr'><strong>futurus</strong></span> <span class='ocrx_word' id='word_1_307' title='bbox 772 2361 816 2394; x_wconf 90' lang='lat' dir='ltr'><strong>sit</strong></span> <span class='ocrx_word' id='word_1_308' title='bbox 845 2359 1027 2400; x_wconf 85' lang='lat' dir='ltr'><strong>Christus,</strong></span> <span class='ocrx_word' id='word_1_309' title='bbox 1056 2368 1089 2394; x_wconf 85' lang='lat' dir='ltr'><strong>et</strong></span> 
     </span>
     <span class='ocr_line' id='line_1_49' title="bbox 100 2410 1089 2456; baseline 0.003 -13"><span class='ocrx_word' id='word_1_310' title='bbox 100 2411 222 2456; x_wconf 87' lang='lat' dir='ltr'><strong>quales</strong></span> <span class='ocrx_word' id='word_1_311' title='bbox 238 2412 376 2444; x_wconf 88' lang='lat' dir='ltr'><strong>futurae</strong></span> <span class='ocrx_word' id='word_1_312' title='bbox 394 2411 463 2444; x_wconf 88' lang='lat' dir='ltr'><strong>sint</strong></span> <span class='ocrx_word' id='word_1_313' title='bbox 481 2411 700 2444; x_wconf 85' lang='lat' dir='ltr'><strong>adflictiones</strong></span> <span class='ocrx_word' id='word_1_314' title='bbox 717 2419 750 2445; x_wconf 88' lang='lat' dir='ltr'><strong>et</strong></span> <span class='ocrx_word' id='word_1_315' title='bbox 772 2412 1001 2446; x_wconf 82' lang='lat' dir='ltr'><strong>liberationes</strong></span> <span class='ocrx_word' id='word_1_316' title='bbox 1020 2410 1089 2446; x_wconf 86' lang='lat' dir='ltr'><strong>Ec-</strong></span> 
     </span>
     <span class='ocr_line' id='line_1_50' title="bbox 100 2462 238 2497; baseline 0.014 -2"><span class='ocrx_word' id='word_1_317' title='bbox 100 2462 238 2497; x_wconf 86' lang='lat' dir='ltr'><strong>clesiae.</strong></span> 
     </span>
    </p>

    <p class='ocr_par' dir='ltr' id='par_1_10' title="bbox 100 2510 1115 2711">
     <span class='ocr_line' id='line_1_51' title="bbox 203 2510 1089 2548; baseline 0.001 -2"><span class='ocrx_word' id='word_1_318' title='bbox 203 2513 273 2547; x_wconf 85' lang='lat' dir='ltr'><strong>Sed</strong></span> <span class='ocrx_word' id='word_1_319' title='bbox 299 2524 364 2545; x_wconf 93' lang='lat' dir='ltr'><strong>nos</strong></span> <span class='ocrx_word' id='word_1_320' title='bbox 384 2524 584 2545; x_wconf 84' lang='lat' dir='ltr'><strong>sermonem</strong></span> <span class='ocrx_word' id='word_1_321' title='bbox 609 2510 750 2547; x_wconf 88' lang='lat' dir='ltr'><strong>Christo</strong></span> <span class='ocrx_word' id='word_1_322' title='bbox 777 2515 986 2548; x_wconf 79' lang='lat' dir='ltr'><strong>tribuemuS.</strong></span> <span class='ocrx_word' id='word_1_323' title='bbox 1037 2512 1089 2547; x_wconf 86' lang='lat' dir='ltr'><strong>Ac</strong></span> 
     </span>
     <span class='ocr_line' id='line_1_52' title="bbox 100 2565 1115 2609; baseline -0.002 -11"><span class='ocrx_word' id='word_1_324' title='bbox 100 2575 159 2598; x_wconf 80' lang='lat' dir='ltr'><strong>sex</strong></span> <span class='ocrx_word' id='word_1_325' title='bbox 175 2565 309 2608; x_wconf 84' lang='lat' dir='ltr'><strong>priores</strong></span> <span class='ocrx_word' id='word_1_326' title='bbox 327 2576 448 2596; x_wconf 88' lang='lat' dir='ltr'><strong>versus</strong></span> <span class='ocrx_word' id='word_1_327' title='bbox 463 2570 544 2596; x_wconf 87' lang='lat' dir='ltr'><strong>sunt</strong></span> <span class='ocrx_word' id='word_1_328' title='bbox 563 2565 765 2604; x_wconf 79' lang='lat' dir='ltr'><strong>exordium,</strong></span> <span class='ocrx_word' id='word_1_329' title='bbox 792 2565 828 2598; x_wconf 85' lang='lat' dir='ltr'><strong>in</strong></span> <span class='ocrx_word' id='word_1_330' title='bbox 848 2578 917 2609; x_wconf 88' lang='lat' dir='ltr'><strong>quo</strong></span> <span class='ocrx_word' id='word_1_331' title='bbox 945 2572 992 2597; x_wconf 91' lang='lat' dir='ltr'><strong>est</strong></span> <span class='ocrx_word' id='word_1_332' title='bbox 1011 2576 1089 2606; x_wconf 73' lang='lat' dir='ltr'><strong>gra-</strong></span> <span class='ocrx_word' id='word_1_333' title='bbox 1114 2589 1115 2605; x_wconf 52' lang='lat'>3</span> 
     </span>
     <span class='ocr_line' id='line_1_53' title="bbox 101 2613 1086 2650; baseline 0 -2"><span class='ocrx_word' id='word_1_334' title='bbox 101 2615 231 2649; x_wconf 87' lang='lat' dir='ltr'><strong>tiarum</strong></span> <span class='ocrx_word' id='word_1_335' title='bbox 255 2615 358 2650; x_wconf 85' lang='lat' dir='ltr'><strong>actio.</strong></span> <span class='ocrx_word' id='word_1_336' title='bbox 411 2614 473 2648; x_wconf 86' lang='lat' dir='ltr'><strong>Ait</strong></span> <span class='ocrx_word' id='word_1_337' title='bbox 496 2613 643 2647; x_wconf 80' lang='lat' dir='ltr'><strong>Messias</strong></span> <span class='ocrx_word' id='word_1_338' title='bbox 668 2627 702 2647; x_wconf 91' lang='lat' dir='ltr'><strong>se</strong></span> <span class='ocrx_word' id='word_1_339' title='bbox 724 2615 933 2648; x_wconf 81' lang='lat' dir='ltr'><strong>tristissimis</strong></span> <span class='ocrx_word' id='word_1_340' title='bbox 953 2616 1086 2649; x_wconf 88' lang='lat' dir='ltr'><strong>dolori-</strong></span> 
     </span>
     <span class='ocr_line' id='line_1_54' title="bbox 101 2665 1088 2711; baseline 0.001 -12"><span class='ocrx_word' id='word_1_341' title='bbox 101 2666 166 2699; x_wconf 83' lang='lat' dir='ltr'><strong>bus</strong></span> <span class='ocrx_word' id='word_1_342' title='bbox 181 2678 387 2711; x_wconf 89' lang='lat' dir='ltr'><strong>oppressum</strong></span> <span class='ocrx_word' id='word_1_343' title='bbox 405 2666 529 2705; x_wconf 82' lang='lat' dir='ltr'><strong>fuisse,</strong></span> <span class='ocrx_word' id='word_1_344' title='bbox 557 2667 617 2698; x_wconf 88' lang='lat' dir='ltr'><strong>sed</strong></span> <span class='ocrx_word' id='word_1_345' title='bbox 634 2673 751 2699; x_wconf 88' lang='lat' dir='ltr'><strong>tamen</strong></span> <span class='ocrx_word' id='word_1_346' title='bbox 768 2673 962 2711; x_wconf 86' lang='lat' dir='ltr'><strong>expectasse</strong></span> <span class='ocrx_word' id='word_1_347' title='bbox 977 2679 995 2700; x_wconf 90' lang='lat' dir='ltr'><strong>a</strong></span> <span class='ocrx_word' id='word_1_348' title='bbox 1012 2665 1088 2700; x_wconf 91' lang='lat' dir='ltr'><strong>Deo</strong></span> 
     </span>
    </p>
   </div>
   <div class='ocr_carea' id='block_1_8' title="bbox 1113 1094 1122 2698">
    <p class='ocr_par' dir='ltr' id='par_1_11' title="bbox 1113 1094 1122 2698">
     <span class='ocr_line' id='line_1_55' title="bbox 1113 1094 1122 2698; baseline 0 0"><span class='ocrx_word' id='word_1_349' title='bbox 1113 1094 1122 2698; x_wconf 95' lang='lat' dir='ltr'><strong> </strong></span> 
     </span>
    </p>
   </div>
   <div class='ocr_carea' id='block_1_9' title="bbox 710 86 1540 124">
    <p class='ocr_par' dir='ltr' id='par_1_12' title="bbox 710 86 1540 124">
     <span class='ocr_line' id='line_1_56' title="bbox 710 86 1540 124; baseline 0.004 -3"><span class='ocrx_word' id='word_1_350' title='bbox 710 87 773 124; x_wconf 86' lang='lat' dir='ltr'><strong>IX.</strong></span> <span class='ocrx_word' id='word_1_351' title='bbox 823 86 1189 122; x_wconf 72' lang='lat' dir='ltr'>COMMENTARH</span> <span class='ocrx_word' id='word_1_352' title='bbox 1220 86 1269 121; x_wconf 86' lang='lat' dir='ltr'><strong>IN</strong></span> <span class='ocrx_word' id='word_1_353' title='bbox 1297 87 1540 124; x_wconf 82' lang='lat' dir='ltr'><strong>PSALMOS.</strong></span> 
     </span>
    </p>
   </div>
   <div class='ocr_carea' id='block_1_10' title="bbox 1119 698 2139 1149">
    <p class='ocr_par' dir='ltr' id='par_1_13' title="bbox 1119 698 2139 1149">
     <span class='ocr_line' id='line_1_57' title="bbox 1119 698 1664 742; baseline 0.004 -12"><span class='ocrx_word' id='word_1_354' title='bbox 1119 728 1121 734; x_wconf 80' lang='grc'><strong>,</strong></span> <span class='ocrx_word' id='word_1_355' title='bbox 1147 698 1280 731; x_wconf 89' lang='lat' dir='ltr'><strong>tionem</strong></span> <span class='ocrx_word' id='word_1_356' title='bbox 1305 699 1349 731; x_wconf 90' lang='lat' dir='ltr'><strong>ab</strong></span> <span class='ocrx_word' id='word_1_357' title='bbox 1374 698 1664 742; x_wconf 83' lang='lat' dir='ltr'><strong>amplificatione:</strong></span> 
     </span>
     <span class='ocr_line' id='line_1_58' title="bbox 1119 747 2138 799; baseline 0.001 -18"><span class='ocrx_word' id='word_1_358' title='bbox 1119 773 1121 799; x_wconf 40' lang='grc' dir='ltr'><em>ξ</em></span> <span class='ocrx_word' id='word_1_359' title='bbox 1147 760 1255 795; x_wconf 80' lang='lat' dir='ltr'><strong>opera</strong></span> <span class='ocrx_word' id='word_1_360' title='bbox 1289 753 1353 781; x_wconf 82' lang='lat' dir='ltr'><strong>tua</strong></span> <span class='ocrx_word' id='word_1_361' title='bbox 1376 747 1499 788; x_wconf 79' lang='lat' dir='ltr'><strong>Deus,</strong></span> <span class='ocrx_word' id='word_1_362' title='bbox 1536 762 1599 783; x_wconf 88' lang='lat' dir='ltr'><strong>nec</strong></span> <span class='ocrx_word' id='word_1_363' title='bbox 1631 751 1837 793; x_wconf 84' lang='lat' dir='ltr'><strong>magnitudo</strong></span> <span class='ocrx_word' id='word_1_364' title='bbox 1864 763 1987 784; x_wconf 89' lang='lat' dir='ltr'><strong>eorum</strong></span> <span class='ocrx_word' id='word_1_365' title='bbox 2020 751 2138 783; x_wconf 79' lang='lat' dir='ltr'><strong>verbis</strong></span> 
     </span>
     <span class='ocr_line' id='line_1_59' title="bbox 1119 801 1452 844; baseline 0.009 -13"><span class='ocrx_word' id='word_1_366' title='bbox 1119 803 1121 819; x_wconf 71' lang='lat'><em>³</em></span> <span class='ocrx_word' id='word_1_367' title='bbox 1148 801 1304 832; x_wconf 81' lang='lat' dir='ltr'><strong>enarrari</strong></span> <span class='ocrx_word' id='word_1_368' title='bbox 1328 807 1452 844; x_wconf 90' lang='lat' dir='ltr'><strong>potest.</strong></span> 
     </span>
     <span class='ocr_line' id='line_1_60' title="bbox 1119 851 1320 884; baseline 0.02 -4"><span class='ocrx_word' id='word_1_369' title='bbox 1119 875 1121 880; x_wconf 95' lang='lat'><em>.</em></span> <span class='ocrx_word' id='word_1_370' title='bbox 1148 851 1320 884; x_wconf 88' lang='lat' dir='ltr'><strong>instituta.</strong></span> 
     </span>
     <span class='ocr_line' id='line_1_61' title="bbox 1119 901 1696 945; baseline 0.002 -10"><span class='ocrx_word' id='word_1_371' title='bbox 1119 927 1121 935; x_wconf 92' lang='lat'>.</span> <span class='ocrx_word' id='word_1_372' title='bbox 1147 901 1226 934; x_wconf 90' lang='lat' dir='ltr'><strong>tolli</strong></span> <span class='ocrx_word' id='word_1_373' title='bbox 1258 909 1437 945; x_wconf 85' lang='lat' dir='ltr'><strong>peccatum</strong></span> <span class='ocrx_word' id='word_1_374' title='bbox 1472 909 1505 935; x_wconf 89' lang='lat' dir='ltr'><strong>et</strong></span> <span class='ocrx_word' id='word_1_375' title='bbox 1533 910 1696 938; x_wconf 89' lang='lat' dir='ltr'><strong>mortem.</strong></span> 
     </span>
     <span class='ocr_line' id='line_1_62' title="bbox 1120 950 2139 998; baseline 0.001 -14"><span class='ocrx_word' id='word_1_376' title='bbox 1120 956 1121 964; x_wconf 66' lang='lat'>¹</span> <span class='ocrx_word' id='word_1_377' title='bbox 1146 950 1335 995; x_wconf 86' lang='lat' dir='ltr'><strong>Prophetis</strong></span> <span class='ocrx_word' id='word_1_378' title='bbox 1361 954 1480 996; x_wconf 86' lang='lat' dir='ltr'><strong>plures</strong></span> <span class='ocrx_word' id='word_1_379' title='bbox 1508 960 1609 994; x_wconf 86' lang='lat' dir='ltr'><strong>sunt,</strong></span> <span class='ocrx_word' id='word_1_380' title='bbox 1637 966 1726 998; x_wconf 90' lang='lat' dir='ltr'><strong>quae</strong></span> <span class='ocrx_word' id='word_1_381' title='bbox 1750 951 2015 997; x_wconf 89' lang='lat' dir='ltr'><strong>reprehendunt</strong></span> <span class='ocrx_word' id='word_1_382' title='bbox 2034 954 2139 986; x_wconf 84' lang='lat' dir='ltr'><strong>falsas</strong></span> 
     </span>
     <span class='ocr_line' id='line_1_63' title="bbox 1119 1004 1610 1046; baseline 0.006 -12"><span class='ocrx_word' id='word_1_383' title='bbox 1119 1015 1121 1034; x_wconf 81' lang='lat'><em>:</em></span> <span class='ocrx_word' id='word_1_384' title='bbox 1147 1004 1334 1046; x_wconf 88' lang='lat' dir='ltr'><strong>opiniones</strong></span> <span class='ocrx_word' id='word_1_385' title='bbox 1358 1005 1400 1036; x_wconf 90' lang='lat' dir='ltr'><strong>de</strong></span> <span class='ocrx_word' id='word_1_386' title='bbox 1422 1004 1610 1039; x_wconf 79' lang='lat' dir='ltr'><strong>sacrificiis,</strong></span> 
     </span>
     <span class='ocr_line' id='line_1_64' title="bbox 1119 1052 2138 1099; baseline 0.002 -14"><span class='ocrx_word' id='word_1_387' title='bbox 1119 1079 1120 1084; x_wconf 68' lang='grc'><strong>,</strong></span> <span class='ocrx_word' id='word_1_388' title='bbox 1147 1055 1188 1086; x_wconf 86' lang='lat' dir='ltr'><strong>ad</strong></span> <span class='ocrx_word' id='word_1_389' title='bbox 1207 1053 1386 1087; x_wconf 79' lang='lat' dir='ltr'><strong>Hebraeos</strong></span> <span class='ocrx_word' id='word_1_390' title='bbox 1405 1052 1470 1087; x_wconf 91' lang='lat' dir='ltr'><strong>hoc</strong></span> <span class='ocrx_word' id='word_1_391' title='bbox 1489 1056 1638 1088; x_wconf 88' lang='lat' dir='ltr'><strong>dictum:</strong></span> <span class='ocrx_word' id='word_1_392' title='bbox 1670 1055 1890 1099; x_wconf 85' lang='lat' dir='ltr'><strong>Impossibile</strong></span> <span class='ocrx_word' id='word_1_393' title='bbox 1906 1064 1979 1090; x_wconf 86' lang='lat' dir='ltr'><strong>erat</strong></span> <span class='ocrx_word' id='word_1_394' title='bbox 1995 1055 2138 1098; x_wconf 82' lang='lat' dir='ltr'><strong>sangui-</strong></span> 
     </span>
     <span class='ocr_line' id='line_1_65' title="bbox 1119 1100 1715 1149; baseline 0.007 -13"><span class='ocrx_word' id='word_1_395' title='bbox 1119 1130 1120 1145; x_wconf 41' lang='grc'><strong>;</strong></span> <span class='ocrx_word' id='word_1_396' title='bbox 1149 1116 1190 1137; x_wconf 90' lang='lat' dir='ltr'><strong>ne</strong></span> <span class='ocrx_word' id='word_1_397' title='bbox 1209 1111 1390 1138; x_wconf 86' lang='lat' dir='ltr'><strong>taurorum</strong></span> <span class='ocrx_word' id='word_1_398' title='bbox 1411 1100 1549 1138; x_wconf 82' lang='lat' dir='ltr'><strong>auferre</strong></span> <span class='ocrx_word' id='word_1_399' title='bbox 1566 1114 1715 1149; x_wconf 88' lang='lat' dir='ltr'><strong>peccata.</strong></span> 
     </span>
    </p>
   </div>
   <div class='ocr_carea' id='block_1_11' title="bbox 2045 91 2140 127">
    <p class='ocr_par' dir='ltr' id='par_1_14' title="bbox 2045 91 2140 127">
     <span class='ocr_line' id='line_1_66' title="bbox 2045 91 2140 127; baseline 0.011 -1"><span class='ocrx_word' id='word_1_400' title='bbox 2045 91 2140 127; x_wconf 70' lang='lat'>1082</span> 
     </span>
    </p>
   </div>
   <div class='ocr_carea' id='block_1_12' title="bbox 1147 172 2137 523">
    <p class='ocr_par' dir='ltr' id='par_1_15' title="bbox 1147 172 2137 523">
     <span class='ocr_line' id='line_1_67' title="bbox 1148 172 2137 218; baseline 0.006 -14"><span class='ocrx_word' id='word_1_401' title='bbox 1148 172 1339 214; x_wconf 85' lang='lat' dir='ltr'><strong>auxilium,</strong></span> <span class='ocrx_word' id='word_1_402' title='bbox 1367 179 1471 218; x_wconf 89' lang='lat' dir='ltr'><strong>atque</strong></span> <span class='ocrx_word' id='word_1_403' title='bbox 1499 174 1545 208; x_wconf 89' lang='lat' dir='ltr'><strong>ita</strong></span> <span class='ocrx_word' id='word_1_404' title='bbox 1573 174 1751 218; x_wconf 87' lang='lat' dir='ltr'><strong>praedicat</strong></span> <span class='ocrx_word' id='word_1_405' title='bbox 1777 186 1812 207; x_wconf 90' lang='lat' dir='ltr'><strong>se</strong></span> <span class='ocrx_word' id='word_1_406' title='bbox 1838 175 2025 210; x_wconf 86' lang='lat' dir='ltr'><strong>liberatum</strong></span> <span class='ocrx_word' id='word_1_407' title='bbox 2054 188 2137 218; x_wconf 86' lang='lat' dir='ltr'><strong>esse,</strong></span> 
     </span>
     <span class='ocr_line' id='line_1_68' title="bbox 1148 223 2137 268; baseline 0.004 -12"><span class='ocrx_word' id='word_1_408' title='bbox 1148 235 1221 256; x_wconf 90' lang='lat' dir='ltr'><strong>non</strong></span> <span class='ocrx_word' id='word_1_409' title='bbox 1244 235 1343 262; x_wconf 86' lang='lat' dir='ltr'><strong>casu,</strong></span> <span class='ocrx_word' id='word_1_410' title='bbox 1372 236 1444 256; x_wconf 90' lang='lat' dir='ltr'><strong>non</strong></span> <span class='ocrx_word' id='word_1_411' title='bbox 1469 223 1633 258; x_wconf 87' lang='lat' dir='ltr'><strong>humanis</strong></span> <span class='ocrx_word' id='word_1_412' title='bbox 1657 226 1814 259; x_wconf 88' lang='lat' dir='ltr'><strong>consiliis</strong></span> <span class='ocrx_word' id='word_1_413' title='bbox 1836 233 1868 260; x_wconf 92' lang='lat' dir='ltr'><strong>et</strong></span> <span class='ocrx_word' id='word_1_414' title='bbox 1894 227 2050 268; x_wconf 83' lang='lat' dir='ltr'><strong>viribus,</strong></span> <span class='ocrx_word' id='word_1_415' title='bbox 2077 230 2137 260; x_wconf 89' lang='lat' dir='ltr'><strong>sed</strong></span> 
     </span>
     <span class='ocr_line' id='line_1_69' title="bbox 1148 273 2137 322; baseline 0.005 -16"><span class='ocrx_word' id='word_1_416' title='bbox 1148 274 1319 307; x_wconf 89' lang='lat' dir='ltr'><strong>mirandis</strong></span> <span class='ocrx_word' id='word_1_417' title='bbox 1336 273 1403 307; x_wconf 87' lang='lat' dir='ltr'><strong>Dei</strong></span> <span class='ocrx_word' id='word_1_418' title='bbox 1420 276 1596 319; x_wconf 89' lang='lat' dir='ltr'><strong>operibus.</strong></span> <span class='ocrx_word' id='word_1_419' title='bbox 1648 275 1745 310; x_wconf 90' lang='lat' dir='ltr'><strong>Haec</strong></span> <span class='ocrx_word' id='word_1_420' title='bbox 1765 290 1842 321; x_wconf 85' lang='lat' dir='ltr'><strong>pars</strong></span> <span class='ocrx_word' id='word_1_421' title='bbox 1865 278 2062 322; x_wconf 82' lang='lat' dir='ltr'><strong>exemplum</strong></span> <span class='ocrx_word' id='word_1_422' title='bbox 2088 286 2137 312; x_wconf 85' lang='lat' dir='ltr'><strong>est</strong></span> 
     </span>
     <span class='ocr_line' id='line_1_70' title="bbox 1147 326 2137 372; baseline 0.004 -15"><span class='ocrx_word' id='word_1_423' title='bbox 1147 326 1294 365; x_wconf 90' lang='lat' dir='ltr'><strong>docens,</strong></span> <span class='ocrx_word' id='word_1_424' title='bbox 1327 332 1365 358; x_wconf 88' lang='lat' dir='ltr'><strong>ut</strong></span> <span class='ocrx_word' id='word_1_425' title='bbox 1393 326 1429 357; x_wconf 81' lang='lat' dir='ltr'><strong>in</strong></span> <span class='ocrx_word' id='word_1_426' title='bbox 1455 327 1718 360; x_wconf 89' lang='lat' dir='ltr'><strong>adflictionibus</strong></span> <span class='ocrx_word' id='word_1_427' title='bbox 1742 335 1899 372; x_wconf 86' lang='lat' dir='ltr'><strong>petamus</strong></span> <span class='ocrx_word' id='word_1_428' title='bbox 1929 336 1962 362; x_wconf 86' lang='lat' dir='ltr'><strong>et</strong></span> <span class='ocrx_word' id='word_1_429' title='bbox 1987 329 2054 361; x_wconf 89' lang='lat' dir='ltr'><strong>fide</strong></span> <span class='ocrx_word' id='word_1_430' title='bbox 2079 340 2137 361; x_wconf 80' lang='lat' dir='ltr'><strong>ex-</strong></span> 
     </span>
     <span class='ocr_line' id='line_1_71' title="bbox 1147 376 2137 419; baseline 0.003 -11"><span class='ocrx_word' id='word_1_431' title='bbox 1147 383 1323 419; x_wconf 89' lang='lat' dir='ltr'><strong>pectemus</strong></span> <span class='ocrx_word' id='word_1_432' title='bbox 1339 376 1509 409; x_wconf 75' lang='lat' dir='ltr'><strong>auxilium</strong></span> <span class='ocrx_word' id='word_1_433' title='bbox 1526 389 1544 410; x_wconf 91' lang='lat' dir='ltr'><strong>a</strong></span> <span class='ocrx_word' id='word_1_434' title='bbox 1563 376 1657 418; x_wconf 91' lang='lat' dir='ltr'><strong>Deo,</strong></span> <span class='ocrx_word' id='word_1_435' title='bbox 1685 385 1718 412; x_wconf 86' lang='lat' dir='ltr'><strong>et</strong></span> <span class='ocrx_word' id='word_1_436' title='bbox 1733 380 2051 413; x_wconf 84' lang='lat' dir='ltr'><strong>commonefaciens</strong></span> <span class='ocrx_word' id='word_1_437' title='bbox 2073 391 2137 412; x_wconf 88' lang='lat' dir='ltr'><strong>nos</strong></span> 
     </span>
     <span class='ocr_line' id='line_1_72' title="bbox 1147 426 2136 477; baseline 0.003 -18"><span class='ocrx_word' id='word_1_438' title='bbox 1147 428 1189 459; x_wconf 89' lang='lat' dir='ltr'><strong>de</strong></span> <span class='ocrx_word' id='word_1_439' title='bbox 1207 426 1515 471; x_wconf 66' lang='lat' dir='ltr'><strong>promissionssius.</strong></span> <span class='ocrx_word' id='word_1_440' title='bbox 1546 427 1609 462; x_wconf 88' lang='lat' dir='ltr'><strong>Ait</strong></span> <span class='ocrx_word' id='word_1_441' title='bbox 1627 429 1738 462; x_wconf 91' lang='lat' dir='ltr'><strong>enim:</strong></span> <span class='ocrx_word' id='word_1_442' title='bbox 1763 427 1905 463; x_wconf 79' lang='lat' dir='ltr'><strong>Beatus</strong></span> <span class='ocrx_word' id='word_1_443' title='bbox 1924 429 1978 463; x_wconf 56' lang='lat' dir='ltr'><strong>§ir</strong></span> <span class='ocrx_word' id='word_1_444' title='bbox 1994 442 2056 477; x_wconf 77' lang='lat' dir='ltr'><strong>qm</strong></span> <span class='ocrx_word' id='word_1_445' title='bbox 2072 441 2136 476; x_wconf 86' lang='lat' dir='ltr'><strong>po·-</strong></span> 
     </span>
     <span class='ocr_line' id='line_1_73' title="bbox 1147 475 2136 523; baseline 0.004 -14"><span class='ocrx_word' id='word_1_446' title='bbox 1147 476 1200 510; x_wconf 83' lang='lat' dir='ltr'><strong>nit</strong></span> <span class='ocrx_word' id='word_1_447' title='bbox 1225 475 1431 510; x_wconf 79' lang='lat' dir='ltr'><strong>Domlmcm</strong></span> <span class='ocrx_word' id='word_1_448' title='bbox 1458 489 1555 523; x_wconf 80' lang='lat' dir='ltr'><strong>spem</strong></span> <span class='ocrx_word' id='word_1_449' title='bbox 1581 491 1702 515; x_wconf 77' lang='lat' dir='ltr'><strong>suam.</strong></span> <span class='ocrx_word' id='word_1_450' title='bbox 1757 480 1938 515; x_wconf 87' lang='lat' dir='ltr'><strong>Promittit</strong></span> <span class='ocrx_word' id='word_1_451' title='bbox 1963 481 2136 514; x_wconf 78' lang='lat' dir='ltr'><strong>auxilium</strong></span> 
     </span>
    </p>
   </div>
   <div class='ocr_carea' id='block_1_13' title="bbox 1119 514 1539 564">
    <p class='ocr_par' dir='ltr' id='par_1_16' title="bbox 1119 514 1539 564">
     <span class='ocr_line' id='line_1_74' title="bbox 1119 514 1539 564; baseline 0.002 -4"><span class='ocrx_word' id='word_1_452' title='bbox 1119 514 1121 540; x_wconf 36' lang='grc' dir='ltr'><em>Α</em></span> <span class='ocrx_word' id='word_1_453' title='bbox 1148 529 1394 562; x_wconf 88' lang='lat' dir='ltr'><strong>invocantibus</strong></span> <span class='ocrx_word' id='word_1_454' title='bbox 1413 527 1539 564; x_wconf 87' lang='lat' dir='ltr'><strong>Deum.</strong></span> 
     </span>
    </p>
   </div>
   <div class='ocr_carea' id='block_1_14' title="bbox 1148 595 2137 733">
    <p class='ocr_par' dir='ltr' id='par_1_17' title="bbox 1148 595 2137 733">
     <span class='ocr_line' id='line_1_75' title="bbox 1247 595 2136 643; baseline 0.002 -13"><span class='ocrx_word' id='word_1_455' title='bbox 1247 595 1441 641; x_wconf 87' lang='lat' dir='ltr'><strong>Sequentes</strong></span> <span class='ocrx_word' id='word_1_456' title='bbox 1465 608 1585 630; x_wconf 89' lang='lat' dir='ltr'><strong>versus</strong></span> <span class='ocrx_word' id='word_1_457' title='bbox 1608 604 1690 631; x_wconf 90' lang='lat' dir='ltr'><strong>sunt</strong></span> <span class='ocrx_word' id='word_1_458' title='bbox 1712 600 1868 632; x_wconf 90' lang='lat' dir='ltr'><strong>narratio</strong></span> <span class='ocrx_word' id='word_1_459' title='bbox 1893 607 1925 632; x_wconf 88' lang='lat' dir='ltr'><strong>et</strong></span> <span class='ocrx_word' id='word_1_460' title='bbox 1952 597 2136 643; x_wconf 82' lang='lat' dir='ltr'><strong>prophetia</strong></span> 
     </span>
     <span class='ocr_line' id='line_1_76' title="bbox 1148 644 2137 691; baseline 0.004 -12"><span class='ocrx_word' id='word_1_461' title='bbox 1148 647 1190 679; x_wconf 88' lang='lat' dir='ltr'><strong>de</strong></span> <span class='ocrx_word' id='word_1_462' title='bbox 1214 644 1538 691; x_wconf 80' lang='lat' dir='ltr'><strong>passione-Christi.</strong></span> <span class='ocrx_word' id='word_1_463' title='bbox 1593 646 1748 682; x_wconf 89' lang='lat' dir='ltr'><strong>Orditur</strong></span> <span class='ocrx_word' id='word_1_464' title='bbox 1766 657 1882 682; x_wconf 87' lang='lat' dir='ltr'><strong>autem</strong></span> <span class='ocrx_word' id='word_1_465' title='bbox 1907 647 1997 683; x_wconf 87' lang='lat' dir='ltr'><strong>hanc</strong></span> <span class='ocrx_word' id='word_1_466' title='bbox 2015 662 2137 683; x_wconf 85' lang='lat' dir='ltr'><strong>narra-</strong></span> 
     </span>
     <span class='ocr_line' id='line_1_77' title="bbox 1703 697 2137 733; baseline 0 -1"><span class='ocrx_word' id='word_1_467' title='bbox 1703 697 1748 733; x_wconf 71' lang='lat' dir='ltr'><strong>Js</strong></span> <span class='ocrx_word' id='word_1_468' title='bbox 1745 698 1830 732; x_wconf 81' lang='lat' dir='ltr'><strong>alde</strong></span> <span class='ocrx_word' id='word_1_469' title='bbox 1850 698 2026 733; x_wconf 80' lang='lat' dir='ltr'><strong>mzranda</strong></span> <span class='ocrx_word' id='word_1_470' title='bbox 2052 704 2137 733; x_wconf 50' lang='lat' dir='ltr'><strong>„sunt</strong></span> 
     </span>
    </p>
   </div>
   <div class='ocr_carea' id='block_1_15' title="bbox 1371 800 2139 937">
    <p class='ocr_par' dir='ltr' id='par_1_18' title="bbox 1371 800 2139 937">
     <span class='ocr_line' id='line_1_78' title="bbox 1505 800 2139 843; baseline 0 -10"><span class='ocrx_word' id='word_1_471' title='bbox 1505 800 1642 833; x_wconf 87' lang='lat' dir='ltr'><strong>Deinde</strong></span> <span class='ocrx_word' id='word_1_472' title='bbox 1669 801 1781 835; x_wconf 87' lang='lat' dir='ltr'><strong>reiicit</strong></span> <span class='ocrx_word' id='word_1_473' title='bbox 1813 802 1978 835; x_wconf 81' lang='lat' dir='ltr'><strong>sacrificia</strong></span> <span class='ocrx_word' id='word_1_474' title='bbox 2004 802 2039 834; x_wconf 93' lang='lat' dir='ltr'><strong>in</strong></span> <span class='ocrx_word' id='word_1_475' title='bbox 2065 801 2139 843; x_wconf 84' lang='lat' dir='ltr'><strong>lege</strong></span> 
     </span>
     <span class='ocr_line' id='line_1_79' title="bbox 1371 850 2137 885; baseline -0.001 -1"><span class='ocrx_word' id='word_1_476' title='bbox 1371 850 1417 884; x_wconf 83' lang='lat' dir='ltr'><strong>Et</strong></span> <span class='ocrx_word' id='word_1_477' title='bbox 1450 852 1541 884; x_wconf 78' lang='lat' dir='ltr'><strong>clare</strong></span> <span class='ocrx_word' id='word_1_478' title='bbox 1571 852 1732 885; x_wconf 88' lang='lat' dir='ltr'><strong>adfirmat</strong></span> <span class='ocrx_word' id='word_1_479' title='bbox 1765 850 1819 885; x_wconf 89' lang='lat' dir='ltr'><strong>his</strong></span> <span class='ocrx_word' id='word_1_480' title='bbox 1852 853 2030 885; x_wconf 88' lang='lat' dir='ltr'><strong>sacrificiis</strong></span> <span class='ocrx_word' id='word_1_481' title='bbox 2064 863 2137 884; x_wconf 87' lang='lat' dir='ltr'><strong>non</strong></span> 
     </span>
     <span class='ocr_line' id='line_1_80' title="bbox 1757 903 2137 937; baseline -0.003 -2"><span class='ocrx_word' id='word_1_482' title='bbox 1757 903 1863 936; x_wconf 89' lang='lat' dir='ltr'><strong>Tales</strong></span> <span class='ocrx_word' id='word_1_483' title='bbox 1887 903 2074 937; x_wconf 80' lang='lat' dir='ltr'><strong>conciones</strong></span> <span class='ocrx_word' id='word_1_484' title='bbox 2100 903 2137 934; x_wconf 91' lang='lat' dir='ltr'><strong>in</strong></span> 
     </span>
    </p>
   </div>
   <div class='ocr_carea' id='block_1_16' title="bbox 1664 1002 2139 1049">
    <p class='ocr_par' dir='ltr' id='par_1_19' title="bbox 1664 1002 2139 1049">
     <span class='ocr_line' id='line_1_81' title="bbox 1664 1002 2139 1049; baseline -0.002 -12"><span class='ocrx_word' id='word_1_485' title='bbox 1664 1004 1710 1038; x_wconf 85' lang='lat' dir='ltr'><strong>Et</strong></span> <span class='ocrx_word' id='word_1_486' title='bbox 1728 1002 1810 1037; x_wconf 87' lang='lat' dir='ltr'><strong>hinc</strong></span> <span class='ocrx_word' id='word_1_487' title='bbox 1836 1005 1960 1038; x_wconf 86' lang='lat' dir='ltr'><strong>sumsit</strong></span> <span class='ocrx_word' id='word_1_488' title='bbox 1978 1003 2139 1049; x_wconf 82' lang='lat' dir='ltr'><strong>Epistola</strong></span> 
     </span>
    </p>
   </div>
   <div class='ocr_carea' id='block_1_17' title="bbox 1141 1170 2138 2326">
    <p class='ocr_par' dir='ltr' id='par_1_20' title="bbox 1141 1170 2138 2326">
     <span class='ocr_line' id='line_1_82' title="bbox 1248 1170 2137 1220; baseline 0.001 -15"><span class='ocrx_word' id='word_1_489' title='bbox 1248 1172 1345 1215; x_wconf 88' lang='lat' dir='ltr'><strong>Quid</strong></span> <span class='ocrx_word' id='word_1_490' title='bbox 1376 1173 1484 1216; x_wconf 84' lang='lat' dir='ltr'><strong>igitur</strong></span> <span class='ocrx_word' id='word_1_491' title='bbox 1517 1174 1671 1217; x_wconf 86' lang='lat' dir='ltr'><strong>postulat</strong></span> <span class='ocrx_word' id='word_1_492' title='bbox 1704 1172 1823 1206; x_wconf 74' lang='lat' dir='ltr'><strong>Deus?</strong></span> <span class='ocrx_word' id='word_1_493' title='bbox 1865 1170 1984 1208; x_wconf 77' lang='lat' dir='ltr'><strong>Aures</strong></span> <span class='ocrx_word' id='word_1_494' title='bbox 2011 1174 2137 1220; x_wconf 75' lang='lat' dir='ltr'><strong>perso—</strong></span> 
     </span>
     <span class='ocr_line' id='line_1_83' title="bbox 1144 1220 2138 1268; baseline 0.002 -13"><span class='ocrx_word' id='word_1_495' title='bbox 1144 1220 1236 1256; x_wconf 81' lang='lat' dir='ltr'><strong>dz&#39;sli</strong></span> <span class='ocrx_word' id='word_1_496' title='bbox 1256 1220 1368 1265; x_wconf 76' lang='lat' dir='ltr'><strong>mihi,</strong></span> <span class='ocrx_word' id='word_1_497' title='bbox 1397 1224 1532 1268; x_wconf 82' lang='lat' dir='ltr'><strong>inquit,</strong></span> <span class='ocrx_word' id='word_1_498' title='bbox 1558 1225 1591 1257; x_wconf 93' lang='lat' dir='ltr'><strong>id</strong></span> <span class='ocrx_word' id='word_1_499' title='bbox 1611 1231 1677 1264; x_wconf 90' lang='lat' dir='ltr'><strong>est,</strong></span> <span class='ocrx_word' id='word_1_500' title='bbox 1706 1223 1795 1256; x_wconf 89' lang='lat' dir='ltr'><strong>mihi</strong></span> <span class='ocrx_word' id='word_1_501' title='bbox 1813 1224 1964 1257; x_wconf 84' lang='lat' dir='ltr'><strong>Messiae</strong></span> <span class='ocrx_word' id='word_1_502' title='bbox 1990 1226 2138 1257; x_wconf 87' lang='lat' dir='ltr'><strong>manda-</strong></span> 
     </span>
     <span class='ocr_line' id='line_1_84' title="bbox 1145 1275 2137 1318; baseline 0 -11"><span class='ocrx_word' id='word_1_503' title='bbox 1145 1281 1218 1306; x_wconf 81' lang='lat' dir='ltr'><strong>tum</strong></span> <span class='ocrx_word' id='word_1_504' title='bbox 1235 1275 1381 1315; x_wconf 89' lang='lat' dir='ltr'><strong>dedisti,</strong></span> <span class='ocrx_word' id='word_1_505' title='bbox 1408 1282 1446 1308; x_wconf 87' lang='lat' dir='ltr'><strong>ut</strong></span> <span class='ocrx_word' id='word_1_506' title='bbox 1463 1287 1537 1307; x_wconf 91' lang='lat' dir='ltr'><strong>mea</strong></span> <span class='ocrx_word' id='word_1_507' title='bbox 1555 1275 1754 1308; x_wconf 88' lang='lat' dir='ltr'><strong>obedientia</strong></span> <span class='ocrx_word' id='word_1_508' title='bbox 1771 1276 1830 1308; x_wconf 88' lang='lat' dir='ltr'><strong>fiat</strong></span> <span class='ocrx_word' id='word_1_509' title='bbox 1847 1276 1978 1318; x_wconf 86' lang='lat' dir='ltr'><strong>placata</strong></span> <span class='ocrx_word' id='word_1_510' title='bbox 1997 1275 2047 1308; x_wconf 83' lang='lat' dir='ltr'><strong>ira</strong></span> <span class='ocrx_word' id='word_1_511' title='bbox 2066 1282 2137 1313; x_wconf 84' lang='lat' dir='ltr'><strong>tua,</strong></span> 
     </span>
     <span class='ocr_line' id='line_1_85' title="bbox 1144 1324 2137 1369; baseline 0.001 -12"><span class='ocrx_word' id='word_1_512' title='bbox 1144 1332 1176 1358; x_wconf 90' lang='lat' dir='ltr'><strong>et</strong></span> <span class='ocrx_word' id='word_1_513' title='bbox 1193 1326 1365 1358; x_wconf 88' lang='lat' dir='ltr'><strong>tollantur</strong></span> <span class='ocrx_word' id='word_1_514' title='bbox 1381 1333 1560 1369; x_wconf 88' lang='lat' dir='ltr'><strong>peccatum</strong></span> <span class='ocrx_word' id='word_1_515' title='bbox 1579 1333 1611 1359; x_wconf 88' lang='lat' dir='ltr'><strong>et</strong></span> <span class='ocrx_word' id='word_1_516' title='bbox 1628 1337 1732 1358; x_wconf 91' lang='lat' dir='ltr'><strong>mors.</strong></span> <span class='ocrx_word' id='word_1_517' title='bbox 1769 1325 1824 1358; x_wconf 80' lang='lat' dir='ltr'><strong>Ad</strong></span> <span class='ocrx_word' id='word_1_518' title='bbox 1846 1324 1937 1358; x_wconf 81' lang='lat' dir='ltr'><strong>lianc</strong></span> <span class='ocrx_word' id='word_1_519' title='bbox 1955 1333 2137 1369; x_wconf 87' lang='lat' dir='ltr'><strong>praestan-</strong></span> 
     </span>
     <span class='ocr_line' id='line_1_86' title="bbox 1143 1375 2136 1410; baseline 0.001 -2"><span class='ocrx_word' id='word_1_520' title='bbox 1143 1376 1222 1408; x_wconf 83' lang='lat' dir='ltr'><strong>dam</strong></span> <span class='ocrx_word' id='word_1_521' title='bbox 1257 1377 1361 1409; x_wconf 82' lang='lat' dir='ltr'><strong>venio</strong></span> <span class='ocrx_word' id='word_1_522' title='bbox 1389 1384 1422 1409; x_wconf 91' lang='lat' dir='ltr'><strong>et</strong></span> <span class='ocrx_word' id='word_1_523' title='bbox 1443 1388 1498 1408; x_wconf 90' lang='lat' dir='ltr'><strong>me</strong></span> <span class='ocrx_word' id='word_1_524' title='bbox 1522 1376 1645 1409; x_wconf 85' lang='lat' dir='ltr'><strong>offero.</strong></span> <span class='ocrx_word' id='word_1_525' title='bbox 1699 1375 1795 1408; x_wconf 88' lang='lat' dir='ltr'><strong>Haec</strong></span> <span class='ocrx_word' id='word_1_526' title='bbox 1827 1377 1984 1409; x_wconf 87' lang='lat' dir='ltr'><strong>narratio</strong></span> <span class='ocrx_word' id='word_1_527' title='bbox 2021 1384 2070 1409; x_wconf 86' lang='lat' dir='ltr'><strong>est</strong></span> <span class='ocrx_word' id='word_1_528' title='bbox 2104 1383 2136 1410; x_wconf 87' lang='lat' dir='ltr'><strong>et</strong></span> 
     </span>
     <span class='ocr_line' id='line_1_87' title="bbox 1144 1425 2137 1470; baseline 0.002 -12"><span class='ocrx_word' id='word_1_529' title='bbox 1144 1427 1258 1458; x_wconf 87' lang='lat' dir='ltr'><strong>brevis</strong></span> <span class='ocrx_word' id='word_1_530' title='bbox 1285 1426 1474 1469; x_wconf 87' lang='lat' dir='ltr'><strong>descriptio</strong></span> <span class='ocrx_word' id='word_1_531' title='bbox 1501 1427 1692 1470; x_wconf 85' lang='lat' dir='ltr'><strong>passionis:</strong></span> <span class='ocrx_word' id='word_1_532' title='bbox 1735 1425 1824 1460; x_wconf 91' lang='lat' dir='ltr'><strong>Ecce</strong></span> <span class='ocrx_word' id='word_1_533' title='bbox 1852 1427 1974 1466; x_wconf 80' lang='lat' dir='ltr'><strong>venio,</strong></span> <span class='ocrx_word' id='word_1_534' title='bbox 2014 1427 2137 1468; x_wconf 86' lang='lat' dir='ltr'><strong>offero,</strong></span> 
     </span>
     <span class='ocr_line' id='line_1_88' title="bbox 1143 1476 2136 1522; baseline 0.001 -13"><span class='ocrx_word' id='word_1_535' title='bbox 1143 1483 1175 1510; x_wconf 86' lang='lat' dir='ltr'><strong>et</strong></span> <span class='ocrx_word' id='word_1_536' title='bbox 1192 1484 1329 1521; x_wconf 84' lang='lat' dir='ltr'><strong>praesto</strong></span> <span class='ocrx_word' id='word_1_537' title='bbox 1348 1478 1607 1520; x_wconf 76' lang='lat' dir='ltr'><strong>obedientiam,</strong></span> <span class='ocrx_word' id='word_1_538' title='bbox 1635 1490 1724 1522; x_wconf 88' lang='lat' dir='ltr'><strong>quae</strong></span> <span class='ocrx_word' id='word_1_539' title='bbox 1743 1478 1779 1511; x_wconf 90' lang='lat' dir='ltr'><strong>in</strong></span> <span class='ocrx_word' id='word_1_540' title='bbox 1799 1478 1871 1520; x_wconf 71' lang='lat' dir='ltr'><strong>lege</strong></span> <span class='ocrx_word' id='word_1_541' title='bbox 1897 1484 1928 1511; x_wconf 89' lang='lat' dir='ltr'><strong>et</strong></span> <span class='ocrx_word' id='word_1_542' title='bbox 1946 1476 2136 1521; x_wconf 86' lang='lat' dir='ltr'><strong>Prophetis</strong></span> 
     </span>
     <span class='ocr_line' id='line_1_89' title="bbox 1143 1527 2136 1573; baseline 0.003 -14"><span class='ocrx_word' id='word_1_543' title='bbox 1143 1528 1185 1560; x_wconf 87' lang='lat' dir='ltr'><strong>de</strong></span> <span class='ocrx_word' id='word_1_544' title='bbox 1201 1540 1257 1560; x_wconf 89' lang='lat' dir='ltr'><strong>me</strong></span> <span class='ocrx_word' id='word_1_545' title='bbox 1274 1529 1401 1573; x_wconf 87' lang='lat' dir='ltr'><strong>scripta</strong></span> <span class='ocrx_word' id='word_1_546' title='bbox 1422 1535 1481 1561; x_wconf 87' lang='lat' dir='ltr'><strong>est.</strong></span> <span class='ocrx_word' id='word_1_547' title='bbox 1533 1527 1609 1571; x_wconf 86' lang='lat' dir='ltr'><strong>Ego</strong></span> <span class='ocrx_word' id='word_1_548' title='bbox 1625 1528 1772 1563; x_wconf 82' lang='lat' dir='ltr'><strong>Messias</strong></span> <span class='ocrx_word' id='word_1_549' title='bbox 1792 1530 1916 1562; x_wconf 88' lang='lat' dir='ltr'><strong>adsum</strong></span> <span class='ocrx_word' id='word_1_550' title='bbox 1941 1529 2136 1573; x_wconf 87' lang='lat' dir='ltr'><strong>promissus</strong></span> 
     </span>
     <span class='ocr_line' id='line_1_90' title="bbox 1143 1579 2135 1623; baseline 0.002 -12"><span class='ocrx_word' id='word_1_551' title='bbox 1143 1579 1282 1612; x_wconf 89' lang='lat' dir='ltr'><strong>decreto</strong></span> <span class='ocrx_word' id='word_1_552' title='bbox 1307 1580 1520 1612; x_wconf 88' lang='lat' dir='ltr'><strong>immutabili</strong></span> <span class='ocrx_word' id='word_1_553' title='bbox 1544 1579 1610 1612; x_wconf 86' lang='lat' dir='ltr'><strong>Dei</strong></span> <span class='ocrx_word' id='word_1_554' title='bbox 1643 1587 1676 1614; x_wconf 84' lang='lat' dir='ltr'><strong>et</strong></span> <span class='ocrx_word' id='word_1_555' title='bbox 1704 1581 1866 1613; x_wconf 80' lang='lat' dir='ltr'><strong>obediam</strong></span> <span class='ocrx_word' id='word_1_556' title='bbox 1899 1580 1936 1612; x_wconf 92' lang='lat' dir='ltr'><strong>in</strong></span> <span class='ocrx_word' id='word_1_557' title='bbox 1961 1580 2135 1623; x_wconf 82' lang='lat' dir='ltr'><strong>passione,</strong></span> 
     </span>
     <span class='ocr_line' id='line_1_91' title="bbox 1142 1630 2136 1673; baseline 0.003 -12"><span class='ocrx_word' id='word_1_558' title='bbox 1142 1630 1230 1662; x_wconf 86' lang='lat' dir='ltr'><strong>sicut</strong></span> <span class='ocrx_word' id='word_1_559' title='bbox 1246 1631 1411 1663; x_wconf 79' lang='lat' dir='ltr'><strong>mactatio</strong></span> <span class='ocrx_word' id='word_1_560' title='bbox 1431 1631 1510 1673; x_wconf 87' lang='lat' dir='ltr'><strong>agni</strong></span> <span class='ocrx_word' id='word_1_561' title='bbox 1536 1637 1569 1663; x_wconf 90' lang='lat' dir='ltr'><strong>et</strong></span> <span class='ocrx_word' id='word_1_562' title='bbox 1586 1631 1653 1662; x_wconf 89' lang='lat' dir='ltr'><strong>alia</strong></span> <span class='ocrx_word' id='word_1_563' title='bbox 1679 1631 1788 1663; x_wconf 87' lang='lat' dir='ltr'><strong>multa</strong></span> <span class='ocrx_word' id='word_1_564' title='bbox 1813 1630 2074 1672; x_wconf 78' lang='lat' dir='ltr'><strong>significarunt,</strong></span> <span class='ocrx_word' id='word_1_565' title='bbox 2104 1637 2136 1664; x_wconf 83' lang='lat' dir='ltr'><strong>et</strong></span> 
     </span>
     <span class='ocr_line' id='line_1_92' title="bbox 1142 1677 2134 1724; baseline 0.001 -12"><span class='ocrx_word' id='word_1_566' title='bbox 1142 1677 1341 1724; x_wconf 90' lang='lat' dir='ltr'><strong>Prophetae</strong></span> <span class='ocrx_word' id='word_1_567' title='bbox 1364 1681 1550 1724; x_wconf 83' lang='lat' dir='ltr'><strong>dixerunt,</strong></span> <span class='ocrx_word' id='word_1_568' title='bbox 1579 1679 1704 1714; x_wconf 85' lang='lat' dir='ltr'><strong>Esaiae</strong></span> <span class='ocrx_word' id='word_1_569' title='bbox 1729 1680 1806 1716; x_wconf 79' lang='lat'><strong><em>53.:</em></strong></span> <span class='ocrx_word' id='word_1_570' title='bbox 1843 1681 1956 1714; x_wconf 86' lang='lat' dir='ltr'><strong>Ponet</strong></span> <span class='ocrx_word' id='word_1_571' title='bbox 1979 1682 2134 1714; x_wconf 87' lang='lat' dir='ltr'><strong>animam</strong></span> 
     </span>
     <span class='ocr_line' id='line_1_93' title="bbox 1141 1729 2135 1775; baseline 0.001 -12"><span class='ocrx_word' id='word_1_572' title='bbox 1141 1743 1239 1763; x_wconf 90' lang='lat' dir='ltr'><strong>suam</strong></span> <span class='ocrx_word' id='word_1_573' title='bbox 1271 1729 1421 1765; x_wconf 88' lang='lat' dir='ltr'><strong>hostiam</strong></span> <span class='ocrx_word' id='word_1_574' title='bbox 1455 1744 1518 1775; x_wconf 89' lang='lat' dir='ltr'><strong>pro</strong></span> <span class='ocrx_word' id='word_1_575' title='bbox 1552 1738 1702 1775; x_wconf 81' lang='lat' dir='ltr'><strong>peccato.</strong></span> <span class='ocrx_word' id='word_1_576' title='bbox 1762 1731 1809 1766; x_wconf 85' lang='lat' dir='ltr'><strong>Et</strong></span> <span class='ocrx_word' id='word_1_577' title='bbox 1843 1730 2048 1765; x_wconf 86' lang='lat' dir='ltr'><strong>Zacharias:</strong></span> <span class='ocrx_word' id='word_1_578' title='bbox 2094 1730 2135 1764; x_wconf 86' lang='lat' dir='ltr'><strong>ln</strong></span> 
     </span>
     <span class='ocr_line' id='line_1_94' title="bbox 1142 1782 2134 1824; baseline 0.002 -11"><span class='ocrx_word' id='word_1_579' title='bbox 1142 1783 1314 1824; x_wconf 85' lang='lat' dir='ltr'><strong>sanguine</strong></span> <span class='ocrx_word' id='word_1_580' title='bbox 1344 1782 1561 1816; x_wconf 87' lang='lat' dir='ltr'><strong>Testamenti</strong></span> <span class='ocrx_word' id='word_1_581' title='bbox 1595 1783 1646 1816; x_wconf 91' lang='lat' dir='ltr'><strong>tui</strong></span> <span class='ocrx_word' id='word_1_582' title='bbox 1674 1784 1798 1816; x_wconf 87' lang='lat' dir='ltr'><strong>educes</strong></span> <span class='ocrx_word' id='word_1_583' title='bbox 1823 1784 1865 1816; x_wconf 87' lang='lat' dir='ltr'><strong>de</strong></span> <span class='ocrx_word' id='word_1_584' title='bbox 1895 1783 1972 1816; x_wconf 90' lang='lat' dir='ltr'><strong>lacu</strong></span> <span class='ocrx_word' id='word_1_585' title='bbox 1998 1783 2134 1816; x_wconf 89' lang='lat' dir='ltr'><strong>vinctos</strong></span> 
     </span>
     <span class='ocr_line' id='line_1_95' title="bbox 1143 1832 2135 1878; baseline 0.001 -13"><span class='ocrx_word' id='word_1_586' title='bbox 1143 1840 1233 1867; x_wconf 84' lang='lat' dir='ltr'><strong>tuos,</strong></span> <span class='ocrx_word' id='word_1_587' title='bbox 1287 1832 1345 1866; x_wconf 87' lang='lat' dir='ltr'><strong>Sic</strong></span> <span class='ocrx_word' id='word_1_588' title='bbox 1371 1840 1403 1866; x_wconf 89' lang='lat' dir='ltr'><strong>et</strong></span> <span class='ocrx_word' id='word_1_589' title='bbox 1425 1832 1584 1877; x_wconf 86' lang='lat' dir='ltr'><strong>Epistola</strong></span> <span class='ocrx_word' id='word_1_590' title='bbox 1612 1835 1655 1866; x_wconf 90' lang='lat' dir='ltr'><strong>ad</strong></span> <span class='ocrx_word' id='word_1_591' title='bbox 1685 1833 1867 1867; x_wconf 85' lang='lat' dir='ltr'><strong>Hebraeos</strong></span> <span class='ocrx_word' id='word_1_592' title='bbox 1891 1834 2026 1878; x_wconf 84' lang='lat' dir='ltr'><strong>inquit:</strong></span> <span class='ocrx_word' id='word_1_593' title='bbox 2063 1832 2135 1876; x_wconf 85' lang='lat' dir='ltr'><strong>Qui</strong></span> 
     </span>
     <span class='ocr_line' id='line_1_96' title="bbox 1145 1883 2135 1928; baseline 0.002 -13"><span class='ocrx_word' id='word_1_594' title='bbox 1145 1884 1181 1916; x_wconf 89' lang='lat' dir='ltr'><strong>in</strong></span> <span class='ocrx_word' id='word_1_595' title='bbox 1205 1883 1329 1917; x_wconf 85' lang='lat' dir='ltr'><strong>diebus</strong></span> <span class='ocrx_word' id='word_1_596' title='bbox 1352 1885 1466 1918; x_wconf 86' lang='lat' dir='ltr'><strong>carnis</strong></span> <span class='ocrx_word' id='word_1_597' title='bbox 1490 1896 1572 1917; x_wconf 88' lang='lat' dir='ltr'><strong>suae</strong></span> <span class='ocrx_word' id='word_1_598' title='bbox 1595 1897 1713 1928; x_wconf 88' lang='lat' dir='ltr'><strong>preces</strong></span> <span class='ocrx_word' id='word_1_599' title='bbox 1735 1892 1767 1918; x_wconf 88' lang='lat' dir='ltr'><strong>et</strong></span> <span class='ocrx_word' id='word_1_600' title='bbox 1791 1884 2066 1928; x_wconf 88' lang='lat' dir='ltr'><strong>supplicationes</strong></span> <span class='ocrx_word' id='word_1_601' title='bbox 2091 1884 2135 1917; x_wconf 85' lang='lat' dir='ltr'><strong>ad</strong></span> 
     </span>
     <span class='ocr_line' id='line_1_97' title="bbox 1145 1935 2133 1979; baseline 0 -12"><span class='ocrx_word' id='word_1_602' title='bbox 1145 1946 1222 1967; x_wconf 89' lang='lat' dir='ltr'><strong>eum</strong></span> <span class='ocrx_word' id='word_1_603' title='bbox 1257 1935 1318 1979; x_wconf 87' lang='lat' dir='ltr'><strong>qui</strong></span> <span class='ocrx_word' id='word_1_604' title='bbox 1352 1942 1463 1978; x_wconf 86' lang='lat' dir='ltr'><strong>potest</strong></span> <span class='ocrx_word' id='word_1_605' title='bbox 1495 1936 1629 1968; x_wconf 87' lang='lat' dir='ltr'><strong>salvare</strong></span> <span class='ocrx_word' id='word_1_606' title='bbox 1660 1947 1699 1968; x_wconf 85' lang='lat' dir='ltr'><strong>ex</strong></span> <span class='ocrx_word' id='word_1_607' title='bbox 1733 1943 1844 1968; x_wconf 88' lang='lat' dir='ltr'><strong>morte</strong></span> <span class='ocrx_word' id='word_1_608' title='bbox 1875 1947 1954 1968; x_wconf 88' lang='lat' dir='ltr'><strong>cum</strong></span> <span class='ocrx_word' id='word_1_609' title='bbox 1980 1936 2133 1968; x_wconf 85' lang='lat' dir='ltr'><strong>clamore</strong></span> 
     </span>
     <span class='ocr_line' id='line_1_98' title="bbox 1146 1986 2135 2030; baseline 0.001 -12"><span class='ocrx_word' id='word_1_610' title='bbox 1146 1997 1271 2029; x_wconf 83' lang='lat' dir='ltr'><strong>magno</strong></span> <span class='ocrx_word' id='word_1_611' title='bbox 1288 1993 1321 2019; x_wconf 88' lang='lat' dir='ltr'><strong>et</strong></span> <span class='ocrx_word' id='word_1_612' title='bbox 1341 1986 1493 2019; x_wconf 89' lang='lat' dir='ltr'><strong>lacrimis</strong></span> <span class='ocrx_word' id='word_1_613' title='bbox 1517 1987 1687 2026; x_wconf 80' lang='lat' dir='ltr'><strong>offerens,</strong></span> <span class='ocrx_word' id='word_1_614' title='bbox 1715 1987 1896 2020; x_wconf 84' lang='lat' dir='ltr'><strong>exauditus</strong></span> <span class='ocrx_word' id='word_1_615' title='bbox 1919 1993 1967 2019; x_wconf 88' lang='lat' dir='ltr'><strong>est</strong></span> <span class='ocrx_word' id='word_1_616' title='bbox 1991 1992 2135 2030; x_wconf 84' lang='lat' dir='ltr'><strong>propter</strong></span> 
     </span>
     <span class='ocr_line' id='line_1_99' title="bbox 1144 2037 2133 2082; baseline 0 -13"><span class='ocrx_word' id='word_1_617' title='bbox 1144 2037 1398 2081; x_wconf 80' lang='lat' dir='ltr'><strong>reverentiam,</strong></span> <span class='ocrx_word' id='word_1_618' title='bbox 1426 2038 1461 2070; x_wconf 91' lang='lat' dir='ltr'><strong>id</strong></span> <span class='ocrx_word' id='word_1_619' title='bbox 1488 2044 1556 2076; x_wconf 86' lang='lat' dir='ltr'><strong>est,</strong></span> <span class='ocrx_word' id='word_1_620' title='bbox 1589 2044 1732 2082; x_wconf 89' lang='lat' dir='ltr'><strong>propter</strong></span> <span class='ocrx_word' id='word_1_621' title='bbox 1764 2050 1880 2070; x_wconf 82' lang='lat' dir='ltr'><strong>veram</strong></span> <span class='ocrx_word' id='word_1_622' title='bbox 1908 2038 2024 2070; x_wconf 89' lang='lat' dir='ltr'><strong>cordis</strong></span> <span class='ocrx_word' id='word_1_623' title='bbox 2048 2038 2133 2069; x_wconf 88' lang='lat' dir='ltr'><strong>obe-</strong></span> 
     </span>
     <span class='ocr_line' id='line_1_100' title="bbox 1143 2088 2131 2133; baseline 0 -13"><span class='ocrx_word' id='word_1_624' title='bbox 1143 2088 1330 2127; x_wconf 84' lang='lat' dir='ltr'><strong>dientiam,</strong></span> <span class='ocrx_word' id='word_1_625' title='bbox 1356 2100 1462 2133; x_wconf 87' lang='lat' dir='ltr'><strong>quam</strong></span> <span class='ocrx_word' id='word_1_626' title='bbox 1488 2089 1578 2132; x_wconf 89' lang='lat' dir='ltr'><strong>patri</strong></span> <span class='ocrx_word' id='word_1_627' title='bbox 1609 2101 1693 2121; x_wconf 82' lang='lat' dir='ltr'><strong>vero</strong></span> <span class='ocrx_word' id='word_1_628' title='bbox 1721 2101 1839 2121; x_wconf 89' lang='lat' dir='ltr'><strong>amore</strong></span> <span class='ocrx_word' id='word_1_629' title='bbox 1864 2088 2050 2132; x_wconf 86' lang='lat' dir='ltr'><strong>praestitit:</strong></span> <span class='ocrx_word' id='word_1_630' title='bbox 2089 2088 2131 2120; x_wconf 87' lang='lat' dir='ltr'><strong>de</strong></span> 
     </span>
     <span class='ocr_line' id='line_1_101' title="bbox 1142 2136 2131 2183; baseline 0 -11"><span class='ocrx_word' id='word_1_631' title='bbox 1142 2151 1210 2183; x_wconf 88' lang='lat' dir='ltr'><strong>qua</strong></span> <span class='ocrx_word' id='word_1_632' title='bbox 1233 2139 1434 2173; x_wconf 80' lang='lat' dir='ltr'><strong>obedientia</strong></span> <span class='ocrx_word' id='word_1_633' title='bbox 1457 2148 1489 2174; x_wconf 87' lang='lat' dir='ltr'><strong>et</strong></span> <span class='ocrx_word' id='word_1_634' title='bbox 1514 2140 1708 2173; x_wconf 80' lang='lat' dir='ltr'><strong>reverentia</strong></span> <span class='ocrx_word' id='word_1_635' title='bbox 1742 2140 1881 2183; x_wconf 88' lang='lat' dir='ltr'><strong>proprie</strong></span> <span class='ocrx_word' id='word_1_636' title='bbox 1914 2136 1999 2171; x_wconf 90' lang='lat' dir='ltr'><strong>haec</strong></span> <span class='ocrx_word' id='word_1_637' title='bbox 2023 2139 2131 2172; x_wconf 81' lang='lat' dir='ltr'><strong>verba</strong></span> 
     </span>
     <span class='ocr_line' id='line_1_102' title="bbox 1142 2189 2130 2235; baseline -0.001 -13"><span class='ocrx_word' id='word_1_638' title='bbox 1142 2190 1274 2223; x_wconf 85' lang='lat' dir='ltr'><strong>Psalmi</strong></span> <span class='ocrx_word' id='word_1_639' title='bbox 1291 2190 1504 2235; x_wconf 87' lang='lat' dir='ltr'><strong>loquuntur:</strong></span> <span class='ocrx_word' id='word_1_640' title='bbox 1535 2189 1652 2230; x_wconf 88' lang='lat' dir='ltr'><strong>Volo,</strong></span> <span class='ocrx_word' id='word_1_641' title='bbox 1681 2197 1714 2224; x_wconf 90' lang='lat' dir='ltr'><strong>et</strong></span> <span class='ocrx_word' id='word_1_642' title='bbox 1733 2189 1794 2223; x_wconf 57' lang='lat' dir='ltr'><strong>lex·</strong></span> <span class='ocrx_word' id='word_1_643' title='bbox 1811 2198 1868 2223; x_wconf 88' lang='lat' dir='ltr'><strong>tua</strong></span> <span class='ocrx_word' id='word_1_644' title='bbox 1890 2189 1981 2222; x_wconf 87' lang='lat' dir='ltr'><strong>intra</strong></span> <span class='ocrx_word' id='word_1_645' title='bbox 1997 2202 2052 2223; x_wconf 86' lang='lat' dir='ltr'><strong>me</strong></span> <span class='ocrx_word' id='word_1_646' title='bbox 2072 2196 2130 2229; x_wconf 87' lang='lat' dir='ltr'><strong>est,</strong></span> 
     </span>
     <span class='ocr_line' id='line_1_103' title="bbox 1142 2240 2129 2283; baseline -0.001 -10"><span class='ocrx_word' id='word_1_647' title='bbox 1142 2241 1179 2273; x_wconf 86' lang='lat' dir='ltr'><strong>id</strong></span> <span class='ocrx_word' id='word_1_648' title='bbox 1196 2248 1264 2282; x_wconf 83' lang='lat' dir='ltr'><strong>est,</strong></span> <span class='ocrx_word' id='word_1_649' title='bbox 1289 2242 1411 2275; x_wconf 88' lang='lat' dir='ltr'><strong>volens</strong></span> <span class='ocrx_word' id='word_1_650' title='bbox 1430 2242 1494 2276; x_wconf 86' lang='lat' dir='ltr'><strong>tibi</strong></span> <span class='ocrx_word' id='word_1_651' title='bbox 1511 2243 1660 2283; x_wconf 88' lang='lat' dir='ltr'><strong>obedio,</strong></span> <span class='ocrx_word' id='word_1_652' title='bbox 1693 2250 1725 2277; x_wconf 91' lang='lat' dir='ltr'><strong>et</strong></span> <span class='ocrx_word' id='word_1_653' title='bbox 1742 2240 1808 2275; x_wconf 90' lang='lat' dir='ltr'><strong>hoc</strong></span> <span class='ocrx_word' id='word_1_654' title='bbox 1831 2241 2034 2274; x_wconf 85' lang='lat' dir='ltr'><strong>mandatum</strong></span> <span class='ocrx_word' id='word_1_655' title='bbox 2054 2246 2129 2273; x_wconf 87' lang='lat' dir='ltr'><strong>toto</strong></span> 
     </span>
     <span class='ocr_line' id='line_1_104' title="bbox 1142 2293 1366 2326; baseline 0.004 -1"><span class='ocrx_word' id='word_1_656' title='bbox 1142 2294 1247 2325; x_wconf 92' lang='lat' dir='ltr'><strong>corde</strong></span> <span class='ocrx_word' id='word_1_657' title='bbox 1264 2293 1366 2326; x_wconf 87' lang='lat' dir='ltr'><strong>facio.</strong></span> 
     </span>
    </p>
   </div>
   <div class='ocr_carea' id='block_1_18' title="bbox 1141 2357 2129 2711">
    <p class='ocr_par' dir='ltr' id='par_1_21' title="bbox 1141 2357 2129 2711">
     <span class='ocr_line' id='line_1_105' title="bbox 1244 2357 2129 2403; baseline -0.005 -10"><span class='ocrx_word' id='word_1_658' title='bbox 1244 2358 1487 2393; x_wconf 86' lang='lat' dir='ltr'><strong>Concionatur</strong></span> <span class='ocrx_word' id='word_1_659' title='bbox 1511 2371 1592 2403; x_wconf 88' lang='lat' dir='ltr'><strong>ergo</strong></span> <span class='ocrx_word' id='word_1_660' title='bbox 1617 2358 1700 2393; x_wconf 82' lang='lat' dir='ltr'><strong>haec</strong></span> <span class='ocrx_word' id='word_1_661' title='bbox 1730 2371 1808 2403; x_wconf 88' lang='lat' dir='ltr'><strong>pars</strong></span> <span class='ocrx_word' id='word_1_662' title='bbox 1837 2360 1879 2391; x_wconf 87' lang='lat' dir='ltr'><strong>de</strong></span> <span class='ocrx_word' id='word_1_663' title='bbox 1901 2357 2129 2400; x_wconf 84' lang='lat' dir='ltr'><strong>abrogatione</strong></span> 
     </span>
     <span class='ocr_line' id='line_1_106' title="bbox 1141 2410 2129 2455; baseline -0.004 -11"><span class='ocrx_word' id='word_1_664' title='bbox 1141 2411 1246 2455; x_wconf 85' lang='lat' dir='ltr'><strong>legis,</strong></span> <span class='ocrx_word' id='word_1_665' title='bbox 1275 2418 1307 2444; x_wconf 91' lang='lat' dir='ltr'><strong>et</strong></span> <span class='ocrx_word' id='word_1_666' title='bbox 1322 2418 1468 2445; x_wconf 87' lang='lat' dir='ltr'><strong>testatur</strong></span> <span class='ocrx_word' id='word_1_667' title='bbox 1484 2411 1755 2444; x_wconf 87' lang='lat' dir='ltr'><strong>mactationibus</strong></span> <span class='ocrx_word' id='word_1_668' title='bbox 1774 2410 1947 2454; x_wconf 87' lang='lat' dir='ltr'><strong>pecudum</strong></span> <span class='ocrx_word' id='word_1_669' title='bbox 1974 2420 2045 2441; x_wconf 90' lang='lat' dir='ltr'><strong>non</strong></span> <span class='ocrx_word' id='word_1_670' title='bbox 2066 2420 2129 2452; x_wconf 88' lang='lat' dir='ltr'><strong>po-</strong></span> 
     </span>
     <span class='ocr_line' id='line_1_107' title="bbox 1143 2458 2128 2506; baseline -0.003 -11"><span class='ocrx_word' id='word_1_671' title='bbox 1143 2463 1249 2496; x_wconf 88' lang='lat' dir='ltr'><strong>tuisse</strong></span> <span class='ocrx_word' id='word_1_672' title='bbox 1266 2463 1343 2495; x_wconf 85' lang='lat' dir='ltr'><strong>tolli</strong></span> <span class='ocrx_word' id='word_1_673' title='bbox 1363 2469 1542 2506; x_wconf 89' lang='lat' dir='ltr'><strong>peccatum</strong></span> <span class='ocrx_word' id='word_1_674' title='bbox 1560 2468 1592 2494; x_wconf 89' lang='lat' dir='ltr'><strong>et</strong></span> <span class='ocrx_word' id='word_1_675' title='bbox 1609 2469 1769 2498; x_wconf 89' lang='lat' dir='ltr'><strong>mortem,</strong></span> <span class='ocrx_word' id='word_1_676' title='bbox 1797 2461 1854 2493; x_wconf 88' lang='lat' dir='ltr'><strong>sed</strong></span> <span class='ocrx_word' id='word_1_677' title='bbox 1876 2458 2026 2492; x_wconf 85' lang='lat' dir='ltr'><strong>Messiae</strong></span> <span class='ocrx_word' id='word_1_678' title='bbox 2043 2460 2128 2492; x_wconf 86' lang='lat' dir='ltr'><strong>obe-</strong></span> 
     </span>
     <span class='ocr_line' id='line_1_108' title="bbox 1142 2509 2129 2556; baseline -0.002 -10"><span class='ocrx_word' id='word_1_679' title='bbox 1142 2513 1275 2546; x_wconf 90' lang='lat' dir='ltr'><strong>dientia</strong></span> <span class='ocrx_word' id='word_1_680' title='bbox 1306 2513 1476 2556; x_wconf 86' lang='lat' dir='ltr'><strong>placatam</strong></span> <span class='ocrx_word' id='word_1_681' title='bbox 1507 2524 1578 2545; x_wconf 87' lang='lat' dir='ltr'><strong>esse</strong></span> <span class='ocrx_word' id='word_1_682' title='bbox 1606 2513 1695 2544; x_wconf 92' lang='lat' dir='ltr'><strong>iram</strong></span> <span class='ocrx_word' id='word_1_683' title='bbox 1723 2510 1802 2547; x_wconf 83' lang='lat' dir='ltr'><strong>Dei.</strong></span> <span class='ocrx_word' id='word_1_684' title='bbox 1853 2509 1900 2544; x_wconf 88' lang='lat' dir='ltr'><strong>Et</strong></span> <span class='ocrx_word' id='word_1_685' title='bbox 1933 2510 2015 2555; x_wconf 86' lang='lat' dir='ltr'><strong>quia</strong></span> <span class='ocrx_word' id='word_1_686' title='bbox 2046 2510 2129 2544; x_wconf 79' lang='lat' dir='ltr'><strong>facit</strong></span> 
     </span>
     <span class='ocr_line' id='line_1_109' title="bbox 1141 2561 2127 2605; baseline -0.004 -8"><span class='ocrx_word' id='word_1_687' title='bbox 1141 2564 1357 2597; x_wconf 86' lang='lat' dir='ltr'><strong>mentionem</strong></span> <span class='ocrx_word' id='word_1_688' title='bbox 1376 2563 1483 2604; x_wconf 85' lang='lat' dir='ltr'><strong>libri,</strong></span> <span class='ocrx_word' id='word_1_689' title='bbox 1511 2563 1653 2596; x_wconf 87' lang='lat' dir='ltr'><strong>deducit</strong></span> <span class='ocrx_word' id='word_1_690' title='bbox 1676 2564 1838 2596; x_wconf 79' lang='lat' dir='ltr'><strong>lectorem</strong></span> <span class='ocrx_word' id='word_1_691' title='bbox 1859 2563 1903 2595; x_wconf 85' lang='lat' dir='ltr'><strong>ad</strong></span> <span class='ocrx_word' id='word_1_692' title='bbox 1923 2561 2127 2605; x_wconf 87' lang='lat' dir='ltr'><strong>promissio—</strong></span> 
     </span>
     <span class='ocr_line' id='line_1_110' title="bbox 1142 2611 2126 2657; baseline -0.004 -9"><span class='ocrx_word' id='word_1_693' title='bbox 1142 2627 1203 2648; x_wconf 90' lang='lat' dir='ltr'><strong>nes</strong></span> <span class='ocrx_word' id='word_1_694' title='bbox 1227 2614 1378 2647; x_wconf 90' lang='lat' dir='ltr'><strong>subinde</strong></span> <span class='ocrx_word' id='word_1_695' title='bbox 1401 2614 1649 2657; x_wconf 77' lang='lat' dir='ltr'><strong>promulgatas,</strong></span> <span class='ocrx_word' id='word_1_696' title='bbox 1703 2612 1755 2647; x_wconf 87' lang='lat' dir='ltr'><strong>Ex</strong></span> <span class='ocrx_word' id='word_1_697' title='bbox 1781 2611 1835 2646; x_wconf 92' lang='lat' dir='ltr'><strong>his</strong></span> <span class='ocrx_word' id='word_1_698' title='bbox 1861 2614 1937 2647; x_wconf 91' lang='lat' dir='ltr'><strong>vult</strong></span> <span class='ocrx_word' id='word_1_699' title='bbox 1952 2612 2126 2656; x_wconf 85' lang='lat' dir='ltr'><strong>cognosci,</strong></span> 
     </span>
     <span class='ocr_line' id='line_1_111' title="bbox 1142 2664 1717 2711; baseline 0 -12"><span class='ocrx_word' id='word_1_700' title='bbox 1142 2665 1255 2711; x_wconf 89' lang='lat' dir='ltr'><strong>qualis</strong></span> <span class='ocrx_word' id='word_1_701' title='bbox 1272 2665 1316 2698; x_wconf 89' lang='lat' dir='ltr'><strong>sit</strong></span> <span class='ocrx_word' id='word_1_702' title='bbox 1337 2664 1539 2698; x_wconf 87' lang='lat' dir='ltr'><strong>obedientia</strong></span> <span class='ocrx_word' id='word_1_703' title='bbox 1555 2664 1717 2699; x_wconf 79' lang='lat' dir='ltr'><strong>Messiae.</strong></span> 
     </span>
    </p>
   </div>
  </div>
 </body>
</html>
