2379 2948
202 132 237 142 '‘
421 124 627 161 SCRIPTA
657 122 729 156 PH.
757 118 870 155 MEL.
899 118 965 154 AD
992 118 1118 155 HlST.
1147 116 1289 157 PROF.
1318 119 1383 154 ET
1412 117 1601 156 PHILOS.
1636 117 1954 156 SPECTANTIA.

194 133 262 167 ool

198 227 282 249 sam.
318 212 362 246 Et
383 221 583 256 quanquam
601 208 721 249 exigua
744 204 907 238 incendia
925 205 961 237 in
979 200 1069 245 a'e'r'e‚
1096 216 1183 249 quae

199 266 322 299 crebro
355 262 534 296 accidunt,
571 264 609 290 ut
637 256 756 289 stellae
781 257 942 289 cadentes
969 267 1067 299 saepe
1092 252 1184 287 nihil

200 315 393 358 significant
410 312 452 343 de
468 308 632 341 humanis
649 307 843 346 eventibus,
868 313 983 340 tamen
1001 306 1132 338 maiora
1152 311 1184 337 et

200 366 350 402 rariora,
383 367 419 393 ut
449 357 614 392 Cometae
650 363 709 390 aut
739 354 924 390 Chasmata
937 383 945 396 ,
991 357 1186 399 plerunque

201 413 334 458 aliquid
353 412 395 442 de
413 408 576 441 humanis
593 407 776 440 eventibus
791 407 997 450 significant,
1024 413 1062 440 ut
1081 405 1185 440 Clau-

201 466 326 497 dianus
353 460 483 504 inquit:

287 522 325 551 Et
341 523 424 551 coelo
442 529 597 559 nunquam
615 525 778 558 spectatum
795 520 917 557 impune
935 517 1090 548 Cometen.

202 578 247 612 Et
265 574 477 611 lonchimus:

350 629 452 665 ofidsig
475 629 608 668 κομήτης
631 627 719 663 ὅστις
741 626 777 658 οὗ
797 628 893 658 κακὸν
918 629 1018 668 φέρει.

305 700 469 748 Querqnt
489 703 601 729 autem
621 696 799 737 Astrologi
823 707 979 735 causam,
1005 697 1099 727 unde
1126 693 1185 726 illa

205 751 377 785 halituum
406 748 514 780 moles
540 744 786 785 contrahatur,
813 754 845 779 et
862 747 1038 790 quomodo
1065 755 1188 777 accen-

203 804 317 835 datur.
370 797 422 831 Ea
438 797 641 842 quaestione
658 796 844 839 explicata,
871 795 1075 839 responderi
1094 802 1125 828 et
1143 795 1186 826 ad

203 851 293 885 hanc
312 850 438 883 deinde
455 846 593 891 poterit,
621 845 679 878 An
696 853 820 879 natura
838 847 997 879 intendat
1015 844 1187 882 Cometas,

206 904 238 934 id
259 907 326 940 est,
353 911 397 932 an
419 897 545 931 ordine
562 896 680 940 aliquo
703 903 848 929 naturae
867 897 948 930 talia
972 896 1068 938 signa
1090 892 1188 928 exhi-

204 954 367 985 beantur.

307 1008 469 1042 Tertium
489 1017 596 1049 genus
613 1005 855 1048 prodigiorum
874 1013 935 1044 est,
963 1017 1016 1037 res
1038 1004 1188 1037 inusita-

205 1069 276 1099 tae,
310 1071 398 1104 quae
423 1064 559 1101 praeter
580 1063 724 1088 naturae
748 1057 907 1088 ordinem
932 1056 1018 1087 fiunt
1040 1055 1077 1086 in
1100 1057 1190 1094 a'ere,

204 1118 263 1145 aut
283 1111 320 1142 in
341 1117 433 1142 terra
462 1113 521 1139 aut
549 1106 586 1137 in
603 1105 864 1144 animantibus,
891 1106 995 1138 etiam
1017 1105 1091 1136 sine
1108 1116 1189 1136 cau—

206 1163 252 1194 sis
270 1158 440 1204 physicis:
469 1163 507 1189 nt
534 1156 570 1187 in
589 1163 666 1189 aere
684 1156 813 1199 species
830 1155 1073 1187 dimicantium
1093 1166 1190 1187 exer-

209 1212 340 1243 cituum
365 1218 465 1250 saepe
496 1212 699 1249 conspectae
724 1212 815 1238 sunt.
868 1204 913 1238 Et
940 1204 1111 1247 Virgilius
1135 1205 1190 1237 in-

206 1261 297 1305 quit:

360 1312 523 1341 Armorum
537 1311 669 1339 sonitum
685 1314 749 1337 toto
768 1306 926 1337 Germania
942 1310 1037 1345 coelo,

361 1362 480 1391 Audiit.

209 1421 280 1454 Nec
304 1425 440 1452 tantum
466 1415 630 1449 historiae
653 1421 785 1448 veteres
812 1414 1050 1457 exemplorum
1069 1414 1192 1456 plenae

209 1477 309 1509 sunt,
336 1468 391 1500 sed
412 1467 513 1499 etiam
531 1465 683 1498 recentia
702 1465 812 1497 multa
830 1464 969 1497 recitari
987 1470 1143 1507 possunt.

312 1526 433 1568 Nuper
462 1525 498 1556 in
531 1522 701 1555 Helvetiis
733 1522 769 1554 in
795 1522 875 1554 ae're
909 1522 1083 1565 conspecti
1114 1527 1195 1554 sunt

212 1581 282 1611 duo
307 1577 425 1608 leones
447 1575 538 1606 inter
556 1585 627 1605 sese
651 1578 838 1611 certantes,
863 1584 1013 1616 quorum
1038 1572 1123 1604 alter
1144 1572 1194 1604 al-

210 1628 276 1662 teri
293 1633 394 1669 caput
414 1624 590 1657 mordicus
611 1622 749 1656 avulsit.

308 1681 372 1717 Est
388 1690 419 1716 et
437 1682 629 1714 multorum
646 1692 821 1712 annorum
839 1678 986 1713 historia
1005 1681 1041 1713 in
1061 1681 1195 1713 visione

213 1733 421 1770 slesvicensi
444 1733 486 1764 de
513 1729 566 1763 his
591 1731 676 1774 ipsis
700 1731 803 1762 bellis
821 1730 1022 1771 Saxonicis,
1046 1731 1109 1764 ubi
1132 1743 1197 1774 po-

213 1794 340 1819 strema
369 1782 497 1827 species
530 1788 598 1819 est,
633 1780 785 1813 camelus
818 1781 945 1813 bibens
970 1793 1008 1813 ex
1041 1781 1197 1816 flumine,

214 1836 294 1878 Qua
309 1834 422 1879 specie
446 1831 633 1875 significari
652 1831 852 1863 Turcorum
869 1832 1037 1864 adventus
1062 1833 1105 1864 acl
1124 1832 1198 1865 Da-

213 1885 363 1919 nubium
393 1889 450 1915 aut
479 1883 521 1914 ad
542 1879 708 1914 Rhenum
732 1881 882 1914 videtur.

317 1941 421 1974 Tales
440 1939 619 1980 imagiueS,
647 1950 724 1971 cum
739 1939 894 1981 picturae
911 1947 991 1973 sunt
1009 1952 1125 1974 rerum
1143 1942 1199 1974 fu-

216 2002 375 2028 turarum
387 2017 395 2031 ‚
423 1990 511 2022 fiunt
529 2000 599 2020 non
617 1995 764 2030 temere,
791 1990 849 2021 sed
867 1991 1025 2023 consulto
1037 2018 1046 2032 ,
1072 1992 1199 2025 videli—

216 2051 268 2077 cet
284 2043 368 2076 alias
384 2054 401 2074 a
419 2039 539 2079 bonis,
566 2038 650 2070 alias
667 2050 685 2070 a
704 2038 804 2071 malis
820 2038 974 2082 Angelis.

317 2098 393 2132 Hae
416 2096 545 2141 species
570 2107 642 2128 non
664 2101 746 2128 sunt
761 2098 901 2140 proprie
926 2097 1109 2144 μετέωρα,
1138 2106 1198 2134 3111

217 2163 271 2186 105
288 2148 472 2194 physicae,
499 2147 554 2179 sed
576 2152 657 2179 sunt
681 2146 811 2179 similes
827 2148 991 2190 operibus
1016 2150 1200 2191 artificum,

217 2203 299 2248 quia
318 2200 402 2232 fiunt
424 2198 466 2230 ab
483 2196 628 2239 Angelis
644 2196 746 2229 bonis
764 2203 822 2230 aut
840 2198 950 2237 malis,
977 2199 1111 2232 etiamsi
1128 2201 1200 2233 for-

216 2251 317 2285 tassis
346 2250 434 2282 fiunt
465 2247 583 2291 aliqua
607 2258 781 2290 vaporum
809 2247 1015 2290 figuratione
1043 2256 1074 2282 et
1101 2250 1200 2292 lucis,

219 2310 385 2346 tanquam
402 2299 559 2332 colorum
577 2297 738 2330 mixtura.

319 2358 493 2400 Quartum
508 2367 616 2398 genus
634 2363 701 2395 est,
729 2367 807 2388 cum
826 2355 862 2388 in
880 2357 1008 2400 plantis
1037 2365 1096 2391 aut
1123 2359 1200 2391 ani-

219 2409 396 2443 mantibus
423 2413 616 2439 nascuntur
639 2406 770 2438 formae
794 2403 1022 2440 abhorrentes
1044 2419 1063 2440 a
1091 2407 1200 2452 figura

219 2471 300 2494 suae
320 2457 464 2501 speciei,
489 2463 528 2488 ut
547 2457 582 2488 in
600 2454 742 2498 Belgico
759 2462 838 2489 ante
857 2468 984 2500 paucos
1009 2469 1120 2491 annos
1137 2471 1199 2492 na-

219 2518 276 2544 tus
294 2515 342 2541 est
361 2506 494 2545 infans,
528 2506 583 2537 cui
604 2507 696 2538 oculi
720 2507 864 2540 fuerunt
888 2507 1061 2550 flammei,
1104 2515 1136 2542 et
1161 2510 1199 2542 in

221 2566 362 2604 pectore
379 2556 457 2588 loco
474 2555 682 2598 papillarum
699 2556 810 2600 capita
826 2557 961 2596 felium,
987 2569 1098 2601 genua
1115 2571 1198 2593 ocu-

220 2612 290 2643 lata
318 2611 435 2643 erant,
458 2615 522 2648 pro
545 2605 707 2638 manibus
724 2614 757 2640 et
773 2607 922 2650 pedibus
940 2615 1035 2642 erant
1053 2620 1199 2653 ungues.

221 2660 273 2694 Ac
292 2656 403 2692 multa
419 2652 475 2689 his
499 2654 667 2699 proximis
684 2656 785 2689 annis
801 2657 928 2702 passim
946 2665 1028 2694 nata
1044 2666 1135 2695 sunt.

2134 120 2207 157 352

1340 204 1442 238 Talia
1458 216 1502 238 an
1522 215 1602 237 casu
1626 211 1834 245 nascantur,
1867 213 1927 239 aut
1950 218 1995 238 an
2020 206 2210 239 ostendan-

1238 263 1296 289 tur
1329 255 1448 300 aliquo
1479 254 1604 288 ordine
1631 261 1794 294 naturae,
1833 261 1866 287 et
1899 267 1944 288 an
1976 267 2110 299 semper
2140 256 2211 289 sint

1238 305 1486 349 significantia,
1511 304 1703 338 doctissimi
1721 302 1883 337 homines
1899 306 2064 339 omnibus
2088 306 2210 340 aetati-

1238 357 1302 389 bus
1320 356 1509 399 disputant.
1562 356 1659 388 Idem
1687 355 1723 387 in
1750 352 1815 387 hac
1842 355 2045 399 quaestione
2068 356 2213 388 investi-

1238 414 1355 449 gatur,
1381 407 1439 440 An
1456 412 1580 438 natura
1595 406 1754 438 intendat
1770 411 1925 438 monstra
1938 432 1947 445 ,
1983 406 2026 437 de
2043 417 2110 449 qua
2132 406 2212 438 satis

1238 457 1365 499 frigide
1382 456 1595 500 respondent
1619 455 1694 495 isti,
1737 455 1798 500 qui
1824 462 1959 489 tantum
1985 453 2051 488 1100
2074 455 2211 487 dicunt:

1238 506 1368 540 Natura
1386 518 1457 538 non
1475 506 1606 549 appetit
1622 506 1898 545 deformitatem,
1931 506 1966 538 id
1986 512 2053 544 est,
2089 511 2214 537 natura

1241 569 1303 589 suo
1324 557 1448 589 ordine
1465 568 1538 588 non
1554 556 1666 589 tendit
1683 568 1733 595 en,
1759 563 1798 589 ut
1812 557 1928 599 gignat
1946 555 2214 588 deformitatem.

1240 606 1320 639 Non
1355 607 1447 638 enim
1482 607 1524 638 de
1553 606 1661 649 figura
1686 613 1822 639 tantum
1850 606 2047 650 quaeritur,
2089 606 2147 638 sed
2172 605 2215 637 de

1239 655 1506 698 significatione,
1530 667 1574 687 an
1592 656 1716 688 ordine
1735 657 1852 700 aliquo
1870 664 2013 690 naturae
2030 655 2217 698 gignantur

1240 714 1417 745 monstra,
1467 705 1731 748 significationis
1762 718 1874 740 causa.
1942 706 2031 739 Nam
2065 704 2169 751 τέρας
2199 717 2217 738 3

1240 756 1493 800 significatione
1513 768 1641 789 nomen
1658 753 1777 790 habet.

1341 816 1469 848 Facilis
1502 822 1552 849 est
1591 821 1707 848 autem
1746 815 1940 858 responsio.
1991 813 2151 848 Primum
2176 815 2219 847 de

1246 867 1389 910 spectris
1423 873 1455 899 et
1481 867 1523 899 de
1542 865 1722 908 speciebus
1740 865 1776 897 in
1794 868 1892 905 aere,
1925 876 2014 909 quae
2038 877 2111 897 non
2137 871 2220 897 sunt

1240 915 1423 961 Διιετὲωρα,
1450 918 1509 949 sed
1536 916 1626 949 fiunt
1650 922 1816 960 tanquam
1843 916 2015 948 artificum
2043 926 2148 957 opera
2175 916 2219 947 ab

1242 967 1387 1009 Angelis
1405 967 1506 999 bonis
1535 973 1594 999 aut
1612 966 1732 1006 malis,
1773 965 2008 998 Manifestum
2026 971 2074 998 est
2091 976 2127 997 ea
2138 977 2220 1008 pro-

1243 1018 1335 1059 digia
1354 1029 1425 1049 non
1444 1017 1621 1060 pertinere
1645 1020 1686 1048 ad
1708 1014 1887 1061 PhysicOS.
1939 1014 1985 1048 Et
2010 1027 2087 1048 cum
2110 1015 2220 1047 multa

1243 1068 1312 1100 siut
1331 1067 1615 1100 terriculamenta
1633 1078 1650 1098 a
1670 1066 1771 1098 malis
1790 1065 1936 1109 Angelis
1959 1073 2112 1107 ostensa⁷
2149 1077 2222 1097 non

1243 1129 1379 1161 semper
1398 1123 1479 1149 sunt
1498 1116 1743 1159 significantia.
1796 1114 2006 1149 Plutarchus
2021 1117 2062 1147 dc
2079 1115 2222 1158 spectris

1244 1168 1418 1210 disputat,
1468 1178 1555 1211 quae
1594 1167 1763 1199 viderunt
1791 1165 1886 1199 Dion
1932 1173 1964 1199 et
1993 1164 2141 1203 Brutus,
2191 1172 2223 1197 et

1245 1219 1361 1262 inepte
1379 1228 1497 1250 causas
1515 1214 1673 1261 physicas
1691 1217 1836 1260 quaerit.

1346 1276 1415 1309 Sed
1433 1288 1472 1308 ex
1492 1276 1651 1308 doctrina
1663 1274 1839 1308 Ecclesiae
1857 1282 1949 1307 certo
1967 1275 2106 1314 scimus,
2125 1285 2223 1318 saepe

1246 1326 1401 1369 conspici
1419 1324 1574 1368 Angelos
1591 1326 1704 1358 bonos
1721 1332 1754 1357 et
1774 1326 1903 1367 1113105,
1938 1331 1969 1357 et
1996 1325 2081 1357 tales
2103 1337 2223 1357 occur-

1246 1377 1398 1409 sationes
1432 1376 1508 1407 fieri
1530 1387 1603 1407 non
1623 1375 1734 1407 causis
1757 1372 1926 1419 physicis,
1955 1375 2015 1407 sed
2034 1374 2144 1407 libera
2162 1387 2224 1407 vo-

1247 1427 1390 1460 luntate.

1349 1475 1606 1519 Relinquamus
1630 1486 1709 1518 ergo
1729 1473 1811 1509 haec
1822 1476 1891 1508 duo
1902 1486 2038 1518 genera,
2060 1487 2098 1508 ac
2114 1475 2225 1507 filium

1246 1526 1313 1560 Dei
1332 1537 1481 1565 oremus,
1509 1524 1570 1569 qui
1588 1526 1769 1569 adparuit,
1794 1532 1833 1559 ut
1851 1526 2005 1559 destruat
2019 1537 2123 1569 opera
2142 1523 2228 1558 Dia-

1248 1577 1339 1616 boli,
1376 1589 1419 1609 ne
1459 1575 1636 1619 permittat
1667 1574 1844 1615 Diabolis,
1884 1576 2056 1608 ludificari
2095 1582 2226 1609 mentes

1248 1634 1405 1665 nostras,
1433 1632 1493 1659 aut
1510 1625 1581 1657 illis
1598 1626 1760 1669 spectris,
1787 1632 1847 1658 3111
1863 1626 1940 1658 31115
1957 1626 2081 1660 modis.

1353 1683 1409 1717 Ad
1427 1681 1597 1728 Physicos
1615 1690 1731 1716 autem
1755 1684 1933 1728 pertinent
1952 1682 2139 1727 μετέωρα,
2171 1685 2226 1717 111-

1249 1735 1361 1777 signia
1387 1741 1419 1767 et
1444 1745 1587 1776 magna,
1627 1734 1711 1768 item
1744 1741 1920 1775 monstra,
1956 1746 2044 1779 quae
2073 1735 2111 1767 in
2137 1742 2228 1769 terra

1250 1786 1305 1818 vel
1328 1785 1364 1817 in
1390 1784 1631 1818 animantibus
1654 1791 1847 1818 nascuntur
1871 1797 1910 1817 ex
1940 1785 2035 1818 vario
2061 1786 2226 1818 materiae

1250 1836 1360 1870 fluxu.
1411 1833 1487 1868 Etsi
1505 1841 1619 1867 31110111
1646 1842 1790 1879 propter
1813 1846 1918 1877 vagos
1942 1843 2058 1868 motus
2081 1836 2169 1868 aeris
2195 1843 2227 1869 et

1252 1884 1426 1919 halituum
1455 1885 1492 1917 in
1516 1886 1616 1924 aere,
1662 1885 1771 1918 multa
1805 1897 1910 1928 parva
1944 1883 2109 1928 μετέωρα
2147 1897 2227 1918 03511

1250 1937 1359 1976 fiunt,
1385 1942 1419 1968 et
1444 1941 1503 1968 aut
1528 1935 1620 1967 leves
1638 1935 1926 1977 significationes,
1953 1942 2012 1968 aut
2030 1935 2145 1968 nullas
2163 1933 2226 1969 ha—

1251 1988 1357 2026 bent,
1381 1992 1496 2019 tamen
1521 1985 1672 2027 insignia
1688 1991 1719 2017 et
1736 1996 1880 2027 magna,
1914 1991 1951 2018 ut
1978 1983 2142 2018 Cometae
2169 1993 2228 2019 aut

1251 2035 1454 2074 Chasmata,
1486 2046 1586 2078 saepe
1621 2041 1702 2068 sunt
1725 2035 1973 2077 significantia,
2003 2041 2036 2068 et
2059 2043 2229 2079 reguntur

1252 2087 1362 2119 causis
1379 2085 1596 2120 coelestibus.

1350 2143 1623 2177 Usitatissimum
1640 2151 1690 2177 est
1712 2144 1830 2177 videre
1854 2144 1890 2176 in
1918 2150 2088 2177 autumno
2112 2144 2227 2178 stellas

1252 2195 1430 2234 cadentes,
1458 2200 1497 2227 ut
1529 2201 1672 2234 vocant,
1711 2206 1799 2238 quae
1833 2194 2028 2238 plerunque
2053 2202 2174 2228 ventos
2195 2202 2229 2228 et

1252 2245 1474 2278 serenitatem
1505 2244 1718 2285 significant,
1750 2245 1848 2277 cuius
1882 2245 1932 2277 rei
1961 2243 2103 2289 physica
2127 2257 2228 2278 causa

1252 2302 1321 2334 est,
1344 2295 1426 2339 quia
1442 2294 1531 2327 sumi
1547 2295 1600 2326 illi
1617 2295 1773 2338 dissipati
1793 2303 1868 2339 post
1895 2295 2116 2335 incendium,
2147 2301 2228 2328 sunt

1251 2346 1395 2379 materia
1413 2352 1598 2378 ventorum
1618 2345 1810 2379 sicciorum.

1353 2402 1421 2436 Sed
1452 2403 1595 2436 materia
1620 2402 1843 2436 Cometarum
1877 2403 1982 2446 longo
2014 2409 2168 2446 tempore
2190 2403 2227 2436 in

1253 2465 1364 2486 unum
1382 2453 1497 2486 locum
1516 2451 1724 2491 attrahitur,
1755 2460 1787 2486 et
1810 2453 1975 2497 paulatim
2001 2459 2076 2485 usta
2100 2464 2118 2486 a
2137 2452 2229 2493 Sole,

1253 2503 1426 2542 Saturno,
1458 2502 1589 2544 Marte,
1624 2503 1821 2544 Mercurio,
1847 2502 1965 2541 Luna,
1998 2503 2035 2536 fit
2060 2503 2229 2538 viscosior

1251 2566 1289 2587 ac
1307 2553 1527 2594 venenatior‚
1550 2565 1589 2587 ac
1606 2554 1746 2587 tandem
1767 2552 1977 2586 incenditur.

1351 2609 1440 2645 Cum
1465 2619 1581 2646 autem
1606 2624 1707 2646 causa
1731 2611 1774 2644 sit
1794 2610 1974 2651 ordinata,
2001 2612 2131 2644 scilicet
2150 2623 2226 2644 mo-

1250 2669 1306 2698 tus
1320 2660 1566 2705 Planetarum,
1592 2662 1748 2709 sequitur
1763 2667 1795 2695 et
1812 2659 1972 2695 effectum
1988 2661 2105 2706 aliquo
2123 2663 2226 2695 modo
