2379 2948
85 109 161 145 973
487 105 532 142 V.

184 190 350 226 Difficilis
374 198 425 225 est
448 198 565 226 autem
592 191 871 226 accommodatio
888 188 994 223 huius
1014 202 1078 233 po-

83 250 231 279 stremae
256 244 366 288 partis
389 244 427 276 in
451 243 639 284 vaticinio,
667 255 775 288 quare
798 241 952 275 breviter
969 252 1078 286 quae—

82 296 163 329 dam
187 295 391 328 communia
411 295 576 329 dicemus.
631 293 673 327 lu
692 293 816 327 ultima
833 293 958 326 mundi
976 304 1077 325 sene-

81 353 136 380 cta
163 343 403 380 Mahometica
435 345 596 390 tyrannis
622 345 702 387 figet
726 344 996 378 tabernaculum
1022 343 1076 376 sui

82 397 205 442 palatii
229 397 322 430 inter
345 398 416 430 duo
441 396 572 436 maria,
598 402 638 429 ut
655 394 809 428 Bizantii
827 394 958 438 regiam
979 393 1076 427 Tur-

82 448 192 482 cicam
220 459 292 481 esse
315 455 468 486 constat,
496 447 589 479 inter
607 444 764 490 Aegeum
791 458 887 478 mare
914 453 947 479 et
963 444 1076 479 Euxi-

82 511 187 540 num,
214 511 284 544 quo
302 499 338 531 in
354 499 432 531 loco
450 497 547 541 prius
565 496 719 531 Ecclesia
738 495 806 530 Dei
823 497 890 530 fuit
904 524 912 536 ‚
940 509 977 529 ac
993 497 1076 529 inde

83 563 124 584 ex
142 550 324 595 Aquilone
338 549 568 594 progrediens
585 549 691 582 latius
707 548 858 582 vastabit
872 546 1059 582 Ecclesias-

185 606 261 642 Sed
272 605 448 641 Idumaei
462 605 590 654 aliqui
606 611 728 648 erunt,
758 607 793 641 id
811 615 879 648 est,
906 607 943 640 in
959 607 1074 650 regio-

82 661 190 694 nibus
213 658 367 693 horridis
390 666 424 693 et
446 659 578 703 asperis
604 659 671 693 erit
694 656 811 692 adhuc
835 659 933 692 sedes
955 659 1073 703 aliqua

81 710 320 746 Ecclesiarum
345 709 425 746 Dei.
493 709 573 744 Non
604 710 783 754 opprimet
814 717 928 744 totum
953 711 1074 742 orbem

83 762 233 796 Turcica
258 761 437 806 tyrannis,
471 773 546 794 non
573 762 666 794 enim
692 762 758 795 erit
782 762 906 806 quinta
930 772 1074 794 monar-

81 811 178 854 chia,
205 812 269 846 etsi
286 810 482 845 horrendas
501 813 679 847 vastitates
696 813 809 848 faciet.

182 868 353 904 Tandem
380 883 459 904 vero
486 883 564 905 eum
592 883 753 905 rumores
772 882 818 905 ex
836 868 987 905 Oriente
1005 875 1074 904 Ier-

81 921 221 958 rebunt.
282 921 515 966 Reprimetur
538 935 610 956 non
637 921 803 956 humanis
826 923 980 964 viribus,
1014 924 1071 956 sed

79 974 263 1008 divinitus.
317 972 389 1008 Res
409 975 565 1008 ostendit
588 975 656 1007 iam
679 975 783 1007 annis
799 974 960 1008 ducentis
978 985 1075 1017 reges

77 1022 246 1070 Europae
283 1036 364 1058 raro
403 1025 556 1059 feliciter
592 1026 777 1059 dimicasse
816 1038 896 1059 cum
934 1024 1074 1060 Turcis.

79 1075 296 1121 Quanquam
320 1083 437 1110 autem
461 1089 667 1110 mansurum
692 1083 742 1110 est
763 1088 911 1121 regnum
937 1075 1018 1119 Gog
1042 1083 1075 1110 et

77 1126 223 1171 Magog‚
251 1128 287 1160 id
305 1134 366 1168 est,
394 1127 600 1169 Turcicum,
626 1140 738 1173 usque
755 1129 797 1161 ad
816 1128 940 1161 mundi
958 1128 1074 1168 finem,

79 1185 120 1212 ut
146 1178 381 1224 Apocalypsis
405 1187 544 1218 monet,
578 1187 697 1213 tamen
721 1186 802 1213 ante
824 1180 930 1212 finem
955 1179 1072 1224 aliqua

78 1230 139 1264 fiet
173 1230 359 1264 inclinatio
392 1231 491 1274 regni
522 1230 686 1271 Turcici‚
716 1243 760 1263 ne
789 1229 984 1264 Ecclesiam
1009 1229 1075 1263 Dei

79 1292 224 1326 prorsus
253 1281 393 1317 obruat.
452 1279 501 1316 Et
531 1282 590 1315 fiet
614 1294 652 1315 ea
681 1282 866 1315 inclinatio
890 1281 1074 1320 divinitus,

78 1332 171 1366 sicut
194 1340 314 1377 postea
340 1332 443 1374 dicit,
477 1332 610 1366 Filium
634 1332 701 1366 Dei
726 1333 977 1366 dimicaturum
1002 1344 1074 1365 esse

77 1395 143 1427 pro
176 1383 308 1427 populo
339 1394 414 1419 suo,
481 1383 619 1425 Stabit,
655 1384 793 1429 inquit,
828 1385 899 1416 dux
927 1395 1075 1427 magnus

77 1431 255 1476 Michael,
283 1435 318 1468 id
338 1441 408 1476 est,
435 1432 620 1476 Christus,
646 1447 711 1480 pro
729 1435 862 1480 populo
882 1446 958 1470 suo,

181 1502 321 1537 Similia
351 1503 436 1537 fient
466 1511 499 1537 et
531 1504 569 1536 in
599 1515 708 1547 regno
740 1503 936 1548 pontificio.
980 1503 1074 1536 Aula

78 1553 255 1599 pontificis
271 1561 322 1588 est
339 1554 432 1588 inter
448 1555 519 1588 duo
537 1556 665 1596 maria,
693 1553 917 1589 Adriaticum
936 1561 968 1588 et
980 1553 1073 1600 Tyr-

79 1603 247 1639 rhenum.
301 1605 346 1639 Et
372 1605 514 1650 quidem
537 1603 623 1640 haec
653 1607 731 1640 aula
757 1606 860 1640 titulo
893 1606 968 1648 ipso
991 1617 1075 1649 pro-

78 1657 198 1691 fitetur
215 1668 249 1690 se
267 1656 304 1689 in
324 1655 478 1691 Ecclesia
495 1657 692 1698 dominari,
721 1669 799 1691 cum
818 1670 892 1690 eam
910 1658 978 1690 late
994 1669 1076 1700 pro-

78 1708 254 1742 fanaverit
283 1708 401 1744 idolis.
464 1707 533 1742 Sed
566 1707 725 1742 Idumaei
760 1708 872 1753 aliqui
903 1708 1076 1741 taxabunt

80 1770 237 1800 errores,
271 1759 306 1792 id
331 1765 400 1800 est,
438 1757 602 1793 homines
627 1760 847 1800 aerumnosi,
874 1771 963 1804 quos
988 1756 1075 1803 Epi-

79 1810 175 1855 scopi
207 1817 366 1844 tenentes
395 1811 616 1844 ordinariam
646 1817 872 1854 potestatem,
908 1817 1075 1854 tanquam

79 1861 215 1895 alienos
247 1873 265 1894 a
297 1862 430 1906 populo
452 1860 519 1894 Dei
552 1861 855 1905 aspernabuntur‚
889 1867 929 1894 ut
955 1859 1075 1893 Iudaei

80 1913 357 1946 contemnebant
384 1911 581 1944 Idumaeos.
650 1910 756 1945 Tales
779 1911 918 1957 aliquos
943 1911 1019 1955 pios
1045 1919 1074 1944 et

83 1964 205 1997 doctos
235 1963 331 1996 viros
354 1962 505 1996 subinde
530 1961 626 1996 Deus
649 1962 833 2003 excitavit,
870 1963 930 2008 qui
952 1961 1075 1995 Evan-

81 2014 162 2057 gelii
181 2014 379 2048 doctrinam
396 2020 655 2058 repurgarunt,
685 2014 779 2047 idola
798 2014 1016 2055 reiecerunt,
1044 2021 1075 2047 et

81 2062 276 2098 Ecclesiam
294 2066 337 2098 de
355 2077 435 2099 vera
454 2065 681 2098 invocatione
698 2066 906 2099 docuerunt.

185 2119 264 2155 Etsi
297 2129 411 2156 autem
445 2123 628 2157 doctrinae
662 2123 853 2157 certamina
890 2123 1074 2157 labefacta-

83 2174 174 2207 bunt
199 2173 422 2207 autoritatem
439 2172 721 2219 Episcoporum,
748 2182 865 2208 tamen
891 2186 1078 2208 mansurae

83 2231 167 2258 sunt
185 2224 356 2269 reliquiae
373 2225 546 2269 pontificii
565 2226 677 2270 regni.
730 2225 801 2260 Nec
818 2226 926 2259 armis
945 2225 1076 2259 consti-

82 2282 203 2309 tuetur
228 2275 357 2309 melior
373 2282 502 2317 status,
524 2278 583 2310 sed
603 2290 673 2320 quo
692 2278 803 2321 magis
822 2278 1001 2311 illucescet
1018 2288 1076 2309 ve—

82 2327 187 2367 ritas,
219 2338 259 2359 eo
292 2327 404 2370 magis
427 2334 505 2360 ruet
528 2329 697 2362 autoritas
720 2341 862 2370 eorum,
896 2328 958 2373 qui
981 2328 1076 2361 idola

83 2377 291 2412 defendunt.

188 2436 311 2471 Sciant
336 2437 446 2481 igitur
464 2435 674 2472 Scholastici
697 2440 772 2473 fore
796 2440 979 2473 doctrinae
1002 2450 1078 2472 cer—

83 2489 235 2530 tamina,
262 2495 296 2523 et
311 2490 354 2522 ad
372 2487 456 2522 haec
472 2500 507 2522 se
523 2498 749 2533 praeparent,
777 2491 985 2524 confirment
1001 2490 1077 2523 ani-

82 2552 160 2573 mos
181 2538 368 2584 Evangelii
402 2541 624 2584 cognitione,
659 2548 692 2574 et
722 2542 834 2576 sciant
857 2542 925 2575 sibi
953 2543 1076 2574 ducem

83 2588 265 2625 Christum
290 2592 499 2625 adfuturum
522 2603 614 2633 esse,
647 2592 726 2636 qui,
758 2600 797 2626 ut
821 2593 912 2626 infra
936 2593 1078 2633 dicitur,

83 2638 151 2675 hoc
174 2643 250 2686 ipso
275 2650 432 2687 tempore
453 2650 521 2677 stat
539 2655 603 2688 pro
621 2643 703 2676 filiis
720 2644 845 2687 populi
861 2644 934 2685 sui,
961 2644 995 2677 id
1017 2651 1077 2684 est,

85 2692 242 2728 defendit
265 2701 300 2728 et
325 2701 440 2729 servat
463 2707 542 2737 eos,
570 2706 613 2728 ne
633 2706 653 2729 a
671 2694 814 2729 diabolo
834 2701 869 2728 et
883 2695 957 2728 eius
975 2707 1076 2739 orga—

585 105 635 139 ΙΝ
661 102 925 139 DANIELEM
954 101 1271 139 PROPHETAM
1298 102 1722 140 COMMENTARIUS.

2048 104 2122 139 974

1131 189 1186 222 nis
1210 201 1353 233 prorsus
1379 191 1627 233 opprimantur
1649 196 1680 223 et
1699 190 1961 234 extinguantur.
2015 190 2123 234 Quod

1131 240 1224 274 enim
1250 238 1346 273 Deus
1377 242 1526 274 subinde
1550 241 1765 274 excitaturus
1799 243 1842 275 sit
1868 242 2024 287 aliquos,
2061 242 2123 287 qui

1131 291 1225 325 idola
1251 292 1403 325 taxaturi
1427 292 1516 330 sint,
1543 299 1575 325 et
1597 293 1691 337 quod
1716 293 1786 326 sint
1803 293 1920 326 futura
1941 293 2122 326 doctrinae

1130 342 1324 376 certamina
1337 370 1345 383 ,
1369 349 1515 377 testatur
1526 344 1657 376 dictum
1671 355 1775 387 supra
1789 343 1991 377 recitatum:
2017 342 2122 378 Docti

1130 394 1310 427 docebunt
1331 394 1473 427 multos.
1525 392 1690 437 Cogitent
1715 395 1823 438 igitur
1844 395 1894 438 pii
1912 392 2122 429 Scholastici

1130 444 1244 478 Deum
1276 444 1462 488 praecipue
1494 442 1560 478 hoc
1584 445 1739 478 officium
1766 446 1925 489 flagitare
1949 458 1966 479 a
1994 457 2122 487 genere

1130 494 1306 534 humano,
1331 496 1495 529 videlicet
1518 497 1674 529 studium
1696 497 1854 529 discendi
1872 504 1904 529 et
1921 497 2122 541 explicandi

1130 546 1335 590 Evangelii,
1363 547 1452 581 sicut
1477 544 1640 581 Christus
1661 547 1796 591 iuquit:
1825 547 1866 580 ln
1894 545 1960 580 hoc
1986 548 2120 591 glorifi-

1129 606 1228 632 catur
1259 605 1357 641 pater
1384 609 1501 638 meus,
1536 605 1575 631 ut
1602 598 1755 631 fructum
1783 598 1965 641 copiosum
1990 599 2123 636 feratis,

1129 656 1162 683 ct
1185 649 1274 683 fiatis
1297 649 1366 682 mei
1390 649 1573 693 discipuli,
1605 648 1640 681 id
1665 655 1733 689 est,
1767 649 1910 682 discatis
1935 656 1968 682 et
1992 661 2122 693 propa-

1129 700 1216 742 getis
1241 698 1489 742 Evangelium.
1543 699 1707 743 Cogitent
1732 712 1884 743 poenas,
1919 711 2004 744 quas
2026 699 2122 734 Deus

1130 750 1203 792 his,
1237 751 1299 796 qui
1324 751 1440 784 studia
1466 751 1545 795 piae
1572 751 1753 784 doctrinae
1779 751 1981 794 negligunt,
2008 750 2123 784 mina-

1129 809 1204 844 tur,
1232 814 1311 835 cum
1337 801 1403 835 ait:
1432 800 1526 844 Quia
1544 801 1705 846 repulisti
1724 802 1927 842 scientiam,
1954 801 2123 845 repellam

1129 860 1172 887 te.
1224 851 1381 887 Econtra
1406 853 1520 887 doctis
1543 850 1601 885 hic
1625 852 1786 886 coelestia
1814 860 1847 886 et
1864 859 2003 885 aeterna
2022 864 2124 896 prae-

1129 905 1198 937 mia
1239 911 1509 949 proponuntur:
1558 900 1637 950 Qui
1676 900 1731 936 ad
1764 902 1950 937 iusticiam
1989 905 2122 936 mullos

1128 952 1320 995 erudiunt,
1340 953 1546 1003 fulgebunt
1564 959 1601 988 ut
1618 952 1748 989 stellae
1763 956 1802 989 in
1818 959 1990 1003 perpetua
2008 958 2124 988 aeter.-

1129 1006 1256 1042 nitate.

1488 1125 1626 1180 Caput
1654 1125 1756 1167 XII.

1230 1209 1397 1245 Extrema
1421 1222 1501 1255 pars
1524 1210 1685 1244 vaticinii
1712 1209 1758 1243 ait
1778 1210 1884 1254 paulo
1906 1215 1987 1243 ante
2006 1220 2122 1243 resur-

1129 1262 1320 1296 rectionem
1354 1263 1491 1295 futuras
1522 1262 1682 1304 ingentes
1713 1266 1901 1294 aerumnas
1932 1259 2122 1295 Ecclesiae.

1130 1313 1212 1347 Dixi
1238 1320 1355 1347 autem
1376 1325 1479 1357 supra
1500 1312 1723 1356 praemoneri
1741 1323 1822 1352 nos,
1849 1320 1888 1346 ut
1906 1312 2017 1345 animi
2037 1324 2125 1345 con-

1129 1366 1334 1404 firmentur,
1362 1376 1406 1397 ne
1431 1364 1596 1397 deficiant
1619 1375 1638 1396 a
1656 1362 1751 1403 Deo,
1778 1363 1833 1395 vel
1859 1363 2002 1396 saevitia
2023 1362 2125 1395 fracti

1130 1416 1323 1460 impiorum
1337 1443 1345 1456 ,
1373 1415 1429 1448 vel
1451 1415 1619 1458 exemplis
1636 1421 1669 1448 et
1686 1413 1828 1447 iudiciis
1845 1411 2126 1459 hypocritarum.

1131 1467 1182 1501 Ac
1212 1479 1350 1510 semper
1385 1473 1523 1510 oportet
1550 1465 1654 1498 nobis
1680 1471 1800 1498 notam
1828 1477 1900 1498 esse
1924 1472 1956 1499 et
1980 1464 2124 1497 infixam

1130 1519 1257 1552 animis
1292 1516 1384 1551 hanc
1415 1517 1629 1556 doctrinam,
1662 1517 1756 1561 quod
1783 1514 1939 1549 Ecclesia
1971 1516 2015 1549 sit
2040 1516 2125 1548 sub—

1132 1571 1217 1603 iecta
1235 1570 1341 1607 cruci,
1368 1576 1403 1602 et
1419 1580 1482 1602 cur
1498 1569 1543 1601 sit
1557 1568 1722 1608 subiecta,
1747 1567 1922 1606 videlicet,
1950 1567 2031 1612 quia
2050 1566 2126 1600 vult

1132 1620 1225 1654 Deus
1242 1621 1286 1653 ab
1298 1618 1455 1653 Ecclesia
1472 1619 1623 1662 intelligi
1642 1619 1729 1651 iram
1748 1619 1915 1651 adversus
1932 1624 2125 1662 peccatum,

1131 1684 1235 1717 quam
1259 1672 1417 1704 mundus
1443 1670 1653 1704 contemnit.
1707 1668 1799 1703 Sunt
1823 1676 1857 1704 et
1881 1669 1968 1702 aliae
1992 1680 2127 1709 causae,

1132 1735 1217 1768 quas
1234 1734 1329 1755 nunc
1347 1733 1419 1755 non
1439 1733 1612 1754 recenseo.

1233 1771 1279 1806 Et
1303 1781 1341 1806 ut
1366 1772 1570 1815 languidior
1593 1778 1641 1805 est
1666 1777 1792 1804 natura
1814 1771 1951 1814 generis
1976 1768 2125 1804 humani

1132 1824 1288 1858 confecta
1314 1824 1433 1864 senio,
1461 1823 1508 1856 ita
1534 1823 1686 1867 impetus
1713 1823 1756 1856 ad
1781 1822 1947 1856 virtutem
1969 1829 2051 1855 sunt
2070 1833 2125 1855 se-

1131 1876 1282 1919 gniores.
1357 1874 1457 1918 Quos
1493 1871 1599 1907 habet
1632 1874 1701 1906 iam
1736 1874 1893 1906 mundus
1925 1873 2126 1911 bellatores,

1132 1934 1308 1966 oratores,
1347 1926 1495 1959 artifices
1525 1926 1757 1959 conferendos
1788 1924 1990 1958 veteribus?
2039 1922 2127 1958 Cre-

1131 1985 1232 2011 scunt
1251 1978 1358 2021 igitur
1373 1977 1410 2010 in
1431 1974 1495 2010 hac
1512 1977 1716 2010 infirmitate
1731 1983 1879 2009 naturae
1895 1975 1999 2016 vitia,
2026 1975 2128 2019 igna-

1132 2030 1207 2070 via,
1244 2041 1344 2062 amor
1371 2028 1614 2072 voluptatum,
1653 2027 1822 2060 mollities
1847 2026 1976 2065 animi,
2012 2026 2126 2070 impa-

1134 2080 1275 2118 tientia,
1312 2079 1568 2117 inconstantia,
1607 2077 1774 2122 perfidia,
1809 2077 1982 2117 stulticia,
2019 2084 2057 2110 ut
2088 2077 2125 2109 in

1132 2131 1385 2170 delirantibus,
1421 2128 1602 2173 persuasio
1628 2128 1792 2172 propriae
1817 2128 2019 2172 sapientiae.
2072 2125 2126 2160 Ex

1133 2182 1185 2215 his
1208 2181 1368 2214 fontibus
1390 2180 1557 2213 oriuntur
1574 2186 1607 2213 et
1624 2179 1661 2212 in
1678 2179 1835 2223 imperiis
1853 2187 1886 2213 et
1904 2179 1939 2211 in
1958 2176 2126 2212 Ecclesiis

1133 2233 1250 2276 magni
1272 2232 1458 2266 turnultus.
1518 2230 1576 2264 Fit
1599 2231 1706 2273 igitur
1728 2243 1809 2264 vera
1835 2229 1990 2264 Ecclesia
2015 2241 2127 2271 angu-

1131 2285 1230 2320 stior.
1283 2281 1329 2316 Et
1348 2281 1432 2316 haec
1451 2283 1543 2326 ipsa,
1570 2288 1740 2325 tanquam
1759 2288 1917 2315 senectae
1936 2281 2126 2314 imbecilli-

1131 2342 1222 2376 tate,
1247 2335 1441 2378 plurimum
1460 2331 1567 2367 habet
1584 2333 1804 2367 morborum.

1235 2385 1337 2419 Hanc
1369 2385 1532 2419 ultimam
1568 2390 1715 2417 aetatem
1747 2381 1863 2416 David
1894 2381 2126 2426 prospiciens,

1132 2445 1209 2471 orat
1228 2450 1312 2470 voce
1328 2437 1514 2470 universae
1525 2433 1700 2468 Ecclesiae
1713 2433 1852 2467 Psalmo
1868 2433 2125 2477 septuagesimo

1132 2489 1265 2533 primo:
1295 2488 1346 2521 Ne
1371 2487 1536 2532 proiicias
1562 2498 1616 2518 me
1634 2492 1791 2528 tempore
1811 2484 2016 2523 senectutis,
2044 2497 2124 2517 cum

1131 2540 1295 2573 defecerit
1312 2539 1422 2572 virtus
1435 2549 1526 2577 mea,
1554 2548 1597 2568 ne
1613 2536 1838 2581 derelinquas
1854 2547 1920 2568 me.
1977 2534 2126 2568 Tristis-

1131 2592 1219 2625 sima
1237 2590 1351 2624 oratio
1369 2596 1438 2629 est,
1465 2588 1494 2621 si
1511 2587 1589 2632 quis
1606 2594 1763 2631 tempora
1782 2587 1962 2627 conferat,
1990 2593 2021 2620 et
2039 2599 2125 2620 con-

1132 2643 1262 2676 sideret
1292 2640 1437 2674 ultimae
1467 2638 1590 2672 aetatis
1614 2638 1785 2674 miserias,
1844 2637 1998 2681 Magnae
2025 2644 2126 2671 erant

1133 2693 1348 2727 calamitates
1370 2690 1546 2725 Ecclesiae
1569 2696 1727 2734 tempore
1750 2689 1877 2723 excidii
1896 2688 2124 2734 Ierosolymi-
