2379 2948
182 100 277 137 1335

182 187 265 232 quid
285 185 329 219 sit
345 186 404 219 illa
423 186 518 225 fides,
547 198 634 231 quae
656 185 694 219 in
712 186 802 220 veris
821 187 1012 231 pavoribus
1030 188 1174 222 invocat

183 238 318 276 Deum,
347 245 502 281 expectat
519 237 708 278 auxilium,
735 245 768 272 et
784 238 887 282 erigit
910 250 948 272 ac
973 240 1176 273 consolatur

184 289 342 329 animos,
370 290 412 321 de
436 300 503 333 qua
522 289 782 324 concionantur
797 287 999 334 Prophetae
1021 297 1052 324 et
1078 289 1176 335 Apo-

185 340 276 374 stoli.

286 389 344 422 Sic
368 389 476 432 igitur
498 391 663 425 docemus
690 393 732 425 de
758 390 824 425 hac
857 392 933 428 fide.
988 392 1069 425 Non
1095 399 1175 425 tan-

187 449 259 474 tum
280 440 474 484 requiritur
491 443 623 475 noticia
642 443 726 486 legis
743 455 804 476 seu
821 441 988 477 historiae
1007 445 1049 477 de
1068 441 1175 476 Chri-

186 499 250 525 sto.
305 490 350 524 Et
375 492 506 525 noticia
530 493 614 537 legis
637 506 710 526 uon
734 495 834 528 affert
858 495 980 535 fidem,
1015 495 1095 539 quia
1122 495 1175 527 lex

186 543 293 576 tradit
318 544 569 586 promissiones
603 546 882 586 conditionales,
917 546 946 578 si
969 546 1176 578 satisfeceris

187 595 274 637 legi,
302 594 328 626 si
348 595 415 626 eris
433 595 507 627 siue
529 607 686 639 peccato,
713 596 809 630 Deus
832 597 995 630 exaudiet
1020 603 1063 631 te.
1118 596 1176 630 Sic

187 645 344 677 iudicant
371 647 414 677 de
434 646 615 680 voluntate
632 646 697 680 Dei
715 648 799 681 Saul
824 655 857 681 et
881 648 941 681 alii
967 648 1176 692 perterrefa-

189 695 251 736 cti,
284 697 487 738 ignorantes
511 696 761 741 Evangelium:
806 699 844 733 Si
870 710 957 732 esses
984 699 1114 738 iustus,
1148 699 1176 732 si

189 758 278 779 esses
295 747 372 780 sine
390 756 550 794 peccato,
578 748 673 782 Deus
691 750 869 782 exaudiret
886 756 930 785 te.
974 749 1078 783 Nunc
1098 762 1176 782 cum

188 798 233 830 sis
249 799 423 831 obnoxius
448 805 498 832 tot
516 801 682 843 peccatis,
712 801 839 833 frustra
858 800 1020 841 invocas,
1047 801 1177 834 frustra

188 860 304 892 speras
322 850 504 882 auxilium.
558 850 653 884 Ilaec
673 864 739 884 vox
765 858 814 885 est
834 848 1110 898 χειρόγραφον,
1138 859 1178 885 ut

189 906 289 932 vocat
319 899 468 941 Paulus,
506 900 542 932 in
573 902 732 935 omnium
761 903 908 943 animis,
938 904 1178 936 condemnans

189 961 264 983 nos.
299 949 470 984 Consulat
489 950 582 984 enim
601 964 702 986 suum
723 954 872 998 quisque
889 953 1060 994 animum,
1081 956 1174 999 quod

188 1001 215 1033 si
234 1001 354 1042 faciet,
381 1010 545 1045 agnoscet
567 1000 656 1037 hanc
674 1004 760 1048 legis
787 1005 998 1038 sententiam
1023 1005 1090 1037 sibi
1116 1007 1178 1039 ad-

188 1052 288 1085 sidue
306 1053 578 1097 obstrepentem.

290 1102 482 1146 Quomodo
502 1105 609 1147 igitur
625 1118 704 1139 vera
723 1107 807 1139 fides
832 1107 948 1140 existit
971 1107 1008 1139 in
1027 1107 1179 1141 animis?

187 1151 276 1186 Cum
310 1156 485 1188 credimus
518 1164 661 1200 propter
692 1155 874 1191 Christum
903 1159 1009 1201 gratis
1046 1158 1177 1191 remitti

189 1212 346 1247 peccata,
371 1213 401 1240 et
421 1218 483 1239 nos
504 1208 636 1251 placers
653 1207 749 1249 Deo,
777 1216 809 1242 et
834 1209 1011 1250 exaudiri,
1040 1210 1177 1242 etiamsi

189 1268 308 1289 sumus
333 1257 483 1300 indigni.

188 1313 247 1339 tur
271 1307 307 1339 in
318 1305 528 1351 Evangelio.
583 1309 670 1343 Cum
692 1310 798 1353 igitur
813 1311 956 1344 intuens
972 1312 1085 1344 corin
1105 1324 1176 1344 me-

189 1359 359 1391 diatorem
375 1366 406 1392 et
423 1359 623 1403 pontificem
644 1358 835 1401 Christum,
862 1362 971 1395 credit
990 1363 1056 1394 sibi
1076 1363 1177 1404 igno-

188 1411 235 1440 sci
260 1417 404 1453 propter
426 1411 549 1450 illum,
578 1412 672 1444 iuxta
698 1413 989 1455 promissionem,
1018 1421 1050 1447 et
1074 1414 1177 1446 invo-

188 1466 260 1499 cat,
279 1461 381 1503 petit,
405 1468 560 1504 expectat
576 1463 747 1495 auxilium
765 1475 783 1495 a
800 1461 893 1503 Deo,
920 1475 984 1496 nec
1002 1464 1070 1496 sibi
1085 1461 1176 1497 hanc
1202 1476 1204 1487 ¹

186 1510 349 1543 fiduciam
367 1512 480 1545 excuti
498 1512 581 1546 sinit
599 1520 787 1557 conspectu
804 1514 967 1558 propriae
984 1514 1175 1557 indignita-

186 1561 247 1601 tis,
277 1559 359 1594 haec
376 1562 461 1595 fides
485 1564 596 1597 vincit
613 1571 793 1606 peccatum
821 1571 853 1598 et
871 1572 1024 1598 terrores
1041 1566 1176 1606 mortis,

187 1618 217 1645 et
250 1612 413 1656 impetrat
442 1614 534 1646 bona
561 1625 579 1646 a
604 1614 703 1655 Deo,
737 1615 827 1648 sicut
848 1616 967 1660 inquit
992 1613 1174 1649 Christus:

186 1662 367 1707 Quicquid
396 1664 566 1708 petieritis
591 1672 726 1709 patrem
754 1666 791 1698 in
816 1667 962 1699 nomine
984 1679 1081 1707 meo,
1110 1665 1175 1700 hoc

184 1714 320 1748 faciam.

284 1763 362 1798 Etsi
383 1771 499 1798 autem
519 1766 689 1800 differunt
707 1768 860 1811 pericula
879 1780 957 1801 cum
974 1769 1103 1813 quibus
1119 1770 1174 1802 lu-

185 1822 298 1849 ctatur
316 1816 411 1853 fides,
441 1817 508 1849 alia
527 1825 610 1851 sunt
627 1819 770 1861 negocia
791 1819 913 1860 Moisi,
942 1820 1008 1853 alia
1032 1819 1174 1853 Gedeo-

185 1867 240 1900 nis
254 1894 262 1907 ,
290 1867 358 1900 alia
383 1866 550 1906 Davidis‚
587 1869 655 1902 alia
688 1869 806 1903 Pauli:
852 1877 970 1904 tamen
1006 1871 1042 1903 in
1075 1872 1173 1904 omni

185 1918 409 1951 invocatione
436 1925 466 1951 et
495 1920 593 1952 omni
618 1921 784 1954 exercitio
814 1922 915 1961 fidei,
955 1922 1071 1955 lucere
1099 1923 1171 1966 pri-

183 1981 280 2001 mum
299 1966 383 2001 haec
400 1969 484 2002 fides
504 1971 621 2009 debet,
650 1984 738 2016 quae
757 1979 804 2005 est
825 1973 953 2006 fiducia
972 1973 1172 2006 misericor-

183 2019 278 2059 diae,
306 2031 373 2064 qua
391 2021 510 2053 statuit
527 2033 605 2059 cor,
632 2034 667 2054 se
685 2020 814 2055 habere
832 2024 1074 2057 remissionem
1091 2037 1172 2068 pec-

183 2077 353 2111 catorum,
381 2077 413 2103 et
432 2071 568 2115 placere
578 2070 652 2105 Deo
672 2080 816 2117 propter
831 2073 1024 2113 Christum,
1053 2077 1170 2118 gratis,

181 2120 256 2153 Hac
280 2121 347 2154 fide
373 2129 482 2155 erecta
501 2135 600 2156 mens
621 2124 762 2158 invocat
779 2123 913 2166 Deum,
942 2127 1027 2169 petit
1052 2134 1085 2160 ct
1111 2139 1170 2160 ex-
1196 2149 1198 2158 Α

181 2179 293 2215 pectat
311 2172 481 2206 auxilium
501 2174 537 2206 in
555 2173 791 2220 qualicunque
811 2177 1013 2210 tentatione.
1045 2176 1169 2220 Quan-

182 2236 285 2267 quam
312 2223 418 2265 igilur
448 2225 591 2267 negocia
617 2233 648 2258 et
674 2227 828 2270 pericula
862 2234 943 2261 sunt
969 2228 1168 2270 dissimilia,

768 100 894 135 PHIL.
922 98 1039 137 MEL.
1069 100 1279 137 SCRIPTA
1307 99 1610 137 EXEGETICA.

1201 294 1205 342 l

1202 393 1205 446 Ι

1201 447 1205 496 i

1202 659 1206 712 l

537 1257 632 1291 Haec
658 1259 809 1302 gratuita
833 1260 1020 1303 promissio
1042 1261 1177 1293 revela—
1203 1283 1205 1306 ἑ

181 2281 296 2306 tamen
316 2273 398 2307 fides
423 2275 565 2309 intuens
583 2276 697 2310 Deum
723 2284 755 2311 et
771 2276 1041 2323 apprehendens
1064 2281 1168 2313 mise·
1192 2259 1196 2364 ἓ

178 2325 384 2364 ricordiam,
418 2326 512 2360 iuxta
549 2328 838 2371 promissionem,
883 2337 932 2364 est
969 2330 1094 2364 similis
1130 2331 1166 2364 iu

180 2376 345 2409 omnibus
381 2377 465 2419 piis,
509 2378 545 2410 in
580 2377 780 2421 Abraham,
817 2380 950 2421 Moise,
987 2380 1166 2423 Gedeouc,

179 2424 336 2466 Davide,
362 2425 533 2466 Ezechia,
561 2429 671 2463 Paulo
699 2438 731 2465 et
757 2432 846 2467 aliis.
910 2431 1034 2465 Talem
1061 2433 1165 2466 fidem

178 2478 327 2521 requirit
352 2486 383 2512 et
410 2477 466 2512 hic
492 2479 672 2522 Psalmus‚
700 2482 767 2514 nisi
795 2484 888 2516 euim
916 2484 993 2516 talis
1012 2485 1097 2517 fides
1121 2485 1164 2518 sit

178 2528 372 2567 inanimis,
401 2531 510 2564 vincit
536 2532 730 2574 dubitatio,
758 2541 789 2567 et
814 2534 1012 2577 indignatio
1039 2537 1163 2568 adver·
1189 2549 1191 2559 ¹

177 2589 233 2610 sus
249 2577 383 2619 Deum,
412 2581 449 2613 in
467 2583 558 2615 veris
575 2585 746 2626 agonibus
764 2597 801 2617 ac
818 2586 994 2629 periculis.
1187 2571 1191 2631 f

274 2628 457 2664 Discamus
481 2633 604 2675 igitur,
643 2636 851 2679 scripturam
880 2638 922 2670 de
956 2638 1065 2670 simili
1094 2639 1161 2671 fide
1186 2634 1189 2690 ;

174 2680 393 2721 concionari,
422 2684 558 2727 quoties
583 2697 700 2719 veram
726 2688 827 2721 fidem
849 2689 1024 2734 praedicat
1048 2697 1079 2723 et
1104 2702 1157 2723 re-

2119 105 2218 141 1356

1229 188 1349 234 quirit.
1402 185 1449 221 Et
1472 188 1711 232 repudiandae
1736 194 1819 221 sunt
1844 187 2114 232 imaginationes
2140 204 2222 236 pro-

1229 240 1352 280 fanae,
1379 251 1468 284 quae
1494 239 1593 273 aliud
1612 239 1893 284 interpretantur
1912 240 2018 272 fidem
2044 241 2083 275 in.
2098 241 2222 282 Paulo,

1230 302 1309 324 cum
1328 291 1369 323 de
1388 291 1456 323 fide
1474 290 1687 325 iustificante
1702 291 1944 331 concionatur,
1962 291 2059 324 aliud
2077 293 2113 325 in
2123 292 2222 328 Psal-

1230 341 1314 382 mis,
1345 342 1441 374 aliud
1462 342 1499 374 in
1518 340 1668 383 Genesi,
1696 342 1847 375 credidit
1864 339 2046 375 Abraham
2065 342 2140 376 Deo
2160 351 2223 381 etc.

1232 392 1362 426 Paulus
1380 393 1473 425 enim
1495 391 1561 426 hoc
1581 393 1822 427 testimonium
1848 393 1979 433 citans,
2007 394 2164 428 ostendit
2190 408 2226 429 se

1230 444 1272 476 de
1293 444 1401 477 simili
1420 444 1487 476 fide
1506 445 1615 489 loqui.
1669 443 1740 477 Nec
1767 450 1817 477 est
1837 445 1988 478 obscura
2012 443 2117 478 Pauli
2145 458 2226 480 sen-

1230 495 1350 529 tentia.
1405 494 1482 528 Etsi
1505 496 1599 528 enim
1624 494 1715 529 hanc
1739 507 1881 540 quoque
1908 503 2142 540 corrumpunt
2161 498 2222 531 ad-

1231 546 1395 585 versarii,
1423 553 1541 579 tamen
1570 548 1655 592 quid
1682 547 1782 587 velit,
1811 546 1904 579 sanis
1929 553 1961 580 et
1987 546 2055 590 piis
2078 548 2226 582 minime

1231 597 1379 630 dubium
1397 604 1457 631 est.

1334 647 1383 682 Ut
1401 648 1508 691 igitur
1526 647 1634 690 magis
1654 648 1805 691 intelligi
1830 648 1957 692 possit,
1988 648 2080 682 dicta
2097 649 2140 682 de
2157 649 2225 683 fide

1231 699 1269 731 in
1284 698 1394 732 Paulo
1415 706 1446 732 et
1464 698 1609 743 reliquis
1625 699 1810 743 scripturis
1827 706 1919 733 recte
1937 699 2147 741 consentire,
2165 713 2225 734 ex—

1233 750 1370 794 plicabo
1390 750 1565 793 integrum
1586 750 1701 783 locum
1720 751 1764 782 de
1782 750 2039 791 iustificatione,
2067 762 2225 794 praeser-

1232 801 1295 834 tim
1321 813 1399 834 cum
1433 799 1529 834 hunc
1561 813 1662 845 saepe
1695 801 1732 833 in
1754 799 1922 834 Ecclesiis
1949 802 2059 846 repeti
2086 814 2226 836 necesse

1232 852 1286 886 sit.
1577 855 1585 863 ’

1335 902 1399 937 Est
1424 903 1532 946 igitur
1556 900 1641 935 haec
1666 902 1740 935 eius
1766 902 1835 935 loci
1860 914 2007 938 summa.
2062 901 2226 939 Christus

1233 955 1434 998 complexus
1451 962 1501 988 est
1520 965 1691 987 summam
1701 953 1898 996 Evangelii,
1917 966 1993 987 com
2011 955 2108 989 iubet
2123 968 2225 1000 prae-

1234 1005 1342 1039 dicari
1362 1005 1616 1049 poenitentiam
1635 1011 1668 1038 et
1684 1005 1928 1038 remissionem
1947 1012 2168 1049 peccatorum
2186 1007 2224 1040 in

1234 1057 1379 1090 nomine
1407 1069 1482 1091 suo.
1545 1055 1665 1098 Quare
1699 1067 1838 1089 necesse
1872 1063 1921 1090 est
1953 1057 1990 1089 fn
2024 1058 2224 1092 ministerio

1233 1105 1420 1151 Evangelii
1438 1108 1538 1150 argui
1558 1113 1695 1151 peccata
1713 1104 1898 1140 hominum
1910 1135 1918 1148 ‚
1947 1108 2036 1142 sicut
2053 1109 2101 1142 ait
2117 1107 2225 1143 Chri-

1233 1166 1319 1192 stus:
1346 1158 1501 1203 Spiritus
1519 1159 1555 1193 S.
1577 1165 1696 1201 arguet
1719 1159 1893 1192 mundum
1910 1160 1953 1192 de
1974 1166 2124 1203 peccato.
2177 1158 2225 1194 Et

1232 1211 1275 1243 ad
1302 1207 1393 1243 hanc
1417 1223 1491 1243 rem
1516 1209 1752 1242 ministerium
1779 1208 1966 1253 Evangelii
1997 1210 2110 1244 utitur
2139 1223 2225 1245 voce

1233 1261 1337 1304 legis,
1372 1273 1461 1306 quae
1485 1267 1623 1293 accusat
1652 1272 1773 1292 omnes
1804 1258 1985 1299 homines,
2022 1268 2055 1295 et
2077 1268 2225 1296 testatur

1232 1323 1310 1345 reos
1328 1324 1400 1345 esse
1427 1312 1498 1345 irae
1519 1311 1609 1354 Dei,
1641 1311 1729 1344 sicut
1753 1310 1885 1344 Paulus
1908 1312 2028 1357 inquit
2048 1311 2154 1347 Rom.
2171 1313 2221 1349 3.:

1232 1362 1300 1396 Per
1317 1364 1427 1406 legem
1447 1363 1601 1405 cognitio
1619 1363 1761 1406 peccati.
1815 1362 1902 1395 Item
1922 1361 2030 1397 Rom.
2051 1363 2101 1397 7.:
2126 1362 2224 1398 Cou-

1232 1414 1482 1457 cupiscentiam
1518 1413 1715 1446 nesciebam
1747 1424 1820 1445 esse
1843 1420 2041 1456 peccatum,
2077 1415 2147 1447 nisi
2167 1415 2223 1448 lex

1233 1465 1383 1502 diceret,
1410 1464 1489 1497 Non
1508 1464 1743 1507 concupisces.
1783 1462 1854 1508 Sed
1873 1476 1946 1497 non
1965 1470 2104 1498 tantum
2122 1467 2223 1510 argui

1231 1523 1367 1558 peccata
1392 1522 1547 1558 oportet,
1575 1526 1638 1547 nec
1654 1522 1791 1548 tantum
1810 1515 1864 1547 lex
1881 1515 2040 1548 docenda
2064 1523 2134 1557 est,
2161 1518 2222 1550 sed

1231 1578 1371 1599 necesse
1392 1573 1441 1599 est
1458 1566 1540 1598 addi
1556 1563 1790 1608 Evangelium
1803 1593 1810 1607 ‚
1840 1567 1882 1598 de
1897 1562 2040 1600 Christo
2057 1574 2089 1601 et
2108 1568 2152 1601 de
2166 1580 2222 1601 re-

1230 1617 1400 1650 missione
1425 1623 1666 1660 peccatorum,
1694 1617 1737 1649 de
1755 1616 2021 1657 iustificatione,
2048 1625 2079 1652 et
2098 1619 2140 1652 de
2157 1620 2222 1653 do-

1230 1668 1375 1701 natione
1393 1668 1547 1711 Spiritus
1567 1667 1677 1700 sancti
1695 1673 1728 1700 et
1744 1667 1836 1700 vitae
1851 1673 2023 1703 aeternae.

1331 1718 1452 1753 Sciant
1471 1719 1580 1761 igitur
1596 1718 1863 1762 perterrefactae
1880 1726 2025 1760 mentes,
2053 1720 2090 1752 in
2100 1718 2221 1754 Evan-

1229 1769 1320 1813 gelio
1340 1770 1497 1813 promitti
1516 1769 1760 1802 remissionem
1784 1776 2026 1813 peccatorum,
2054 1771 2220 1805 iustifica-

1229 1822 1363 1854 tionem
1399 1828 1431 1854 et
1467 1821 1697 1854 donationem
1729 1819 1883 1864 Spiritus
1913 1822 2042 1862 sancti,
2076 1829 2221 1867 propter

1228 1870 1411 1905 Christum
1446 1872 1573 1915 gratis,
1608 1872 1650 1904 iis
1684 1871 1744 1916 qui
1777 1872 1928 1905 credunt
1958 1871 1998 1906 in
2024 1869 2219 1909 Christum.

1228 1922 1302 1956 Hac
1329 1924 1396 1955 fide
1415 1923 1524 1956 sciant
1551 1935 1586 1955 se
1603 1923 1771 1966 consequi
1792 1923 2032 1956 remissionem
2060 1932 2219 1967 peccato-

1227 1986 1327 2018 rum,
1355 1981 1388 2007 et
1417 1974 1688 2018 imputationem
1716 1973 1893 2012 iusticiae,
1929 1980 1961 2006 et
1985 1972 2217 2008 donationem

1226 2024 1381 2068 Spiritus
1401 2026 1530 2064 sancti,
1557 2025 1664 2068 gratis
1684 2031 1827 2068 propter
1843 2022 2045 2065 Christum,
2073 2027 2133 2071 qui
2153 2038 2216 2070 pro

1225 2076 1329 2109 nobis
1355 2077 1466 2109 factus
1492 2083 1543 2110 est
1567 2077 1727 2115 victima,
1761 2082 1793 2108 et
1819 2075 2057 2118 propiciator,
2088 2089 2126 2110 ac
2154 2088 2217 2111 sua

1225 2134 1337 2160 morte
1362 2134 1542 2169 peccatum
1568 2127 1729 2166 sustulit,
1773 2125 1861 2159 sicut
1885 2125 1991 2160 Rom.
2016 2127 2050 2161 8.
2078 2128 2217 2172 copiose

1224 2179 1389 2212 traditur.

1326 2228 1480 2262 Difficile
1507 2236 1558 2262 est
1583 2235 1698 2262 autem
1728 2228 1954 2261 conscientiis
1978 2228 2014 2261 in
2043 2241 2126 2263 vero
2154 2242 2215 2274 pa-

1223 2293 1306 2314 vore
1324 2287 1461 2314 tantum
1479 2292 1515 2313 se
1533 2278 1597 2312 hac
1615 2280 1858 2313 consolatione
1875 2285 2089 2321 sustentare,
2117 2282 2213 2326 quod

1221 2331 1289 2365 fide
1315 2333 1420 2375 gratis
1450 2337 1594 2376 propter
1614 2328 1794 2364 Christum
1820 2330 2027 2374 contingant
2053 2332 2212 2365 remissio

1221 2389 1252 2415 et
1278 2383 1486 2416 iustificatio.
1543 2381 1627 2415 Ideo
1654 2388 1830 2426 quaerunt
1850 2382 1992 2423 merita,
2022 2389 2055 2416 et
2080 2394 2212 2416 conan-

1220 2440 1277 2467 tur
1295 2434 1462 2478 operibus
1481 2434 1633 2477 propriis
1658 2433 1787 2467 mereri
1813 2433 2066 2467 remissionem.
2121 2433 2211 2466 Nam

1219 2486 1308 2519 ratio
1336 2483 1489 2517 humana
1517 2497 1589 2518 non
1618 2485 1782 2527 intelligit
1808 2484 1985 2518 iusticiam
2012 2483 2112 2524 fidei,
2150 2485 2211 2517 sed

1219 2536 1384 2579 intelligit
1402 2549 1499 2568 suam
1519 2536 1712 2576 iusticiam,
1740 2548 1798 2569 seu
1822 2547 1969 2579 operum
1993 2535 2209 2568 doctrinam:

1188 2605 1189 2614 π
1216 2587 1296 2620 ideo
1321 2594 1469 2620 conatur
1495 2587 1647 2632 propriis
1678 2588 1844 2631 operibus
1877 2586 2004 2619 mereri
2029 2586 2210 2620 remissio-

1216 2650 1295 2671 nem
1315 2646 1346 2672 et
1362 2639 1515 2672 instituit
1534 2639 1649 2672 varios
1665 2639 1798 2678 cultus,
1814 2638 1902 2670 sicut
1919 2637 2111 2670 ostendunt
2129 2649 2210 2670 mo-

1186 2692 1187 2697 ’
1214 2687 1411 2723 nachorum
1432 2690 1597 2734 exempla.
1641 2689 1709 2723 Sed
1729 2687 1960 2731 Evangelium
1982 2695 2122 2721 revocat
2141 2699 2210 2721 nos
