2379 2948
241 138 312 172 207
477 133 684 171 SCRIPTA
711 133 785 168 PH.
813 129 926 166 MEL.
952 128 1020 165 AD
1045 128 1172 168 HIST.
1198 126 1341 166 PROF.
1366 125 1432 164 ET
1457 126 1648 167 PHILOS.
1675 126 1990 166 SPECTANTIA.
2163 130 2238 167 208

345 219 573 254 Dialecticum
601 224 861 261 argumentum,
884 213 952 249 hoc
976 222 1041 250 est:
1088 213 1217 249 Omnis

245 271 437 317 propositio
457 282 537 303 vera
553 277 610 302 aut
633 270 715 301 falsa
742 274 801 302 est.
863 265 956 310 Ergo
976 268 1003 299 si
1023 267 1216 310 propositio

246 323 289 356 de
311 322 448 361 futuro,
481 319 578 352 Paris
600 318 707 361 rapiet
733 316 921 358 Helenam,
953 329 1031 350 vera
1059 324 1126 357 est,
1151 316 1218 348 im-

246 372 412 416 possibile
429 377 475 403 est
494 381 567 401 eam
585 379 656 401 esse
672 367 804 401 falsam.
846 366 1064 411 Impossibile
1082 374 1131 399 est
1154 366 1218 409 igi-

248 430 304 456 tur
326 433 398 454 non
417 419 492 463 rapi
511 417 694 451 Helenam.

345 470 438 502 Haec
471 468 534 502 etsi
556 480 575 502 a
602 468 727 502 Stoicis
752 467 892 510 spinose
923 467 1098 511 disputata
1128 472 1221 505 sunt,

248 528 362 554 tamen
386 519 486 551 facile
508 517 650 552 refutari
679 525 838 560 possunt,
874 518 969 560 prius
997 524 1112 550 autem
1136 517 1220 549 deli-

249 570 401 603 nitiones
424 570 609 602 trademus.
669 568 828 601 Libertas
852 574 901 600 est
926 568 1071 600 facultas
1087 566 1221 607 agendi,

248 626 306 653 aut
323 619 559 663 suspendendi
579 619 769 657 actionem,
796 624 855 650 aut
871 618 972 650 aliter
997 617 1132 659 agendi.

350 677 540 710 Necessitas
577 683 626 709 est
667 683 724 708 aut
759 675 936 715 absoluta,
977 681 1036 708 aut
1069 672 1223 718 physica,

249 735 309 762 aut
328 728 511 760 necessitas
537 726 814 770 consequentiae.

350 785 541 818 Necessitas
572 785 729 817 absoluta
760 790 825 821 est,
866 783 964 816 cuius
988 782 1224 816 contradicto-

250 837 342 869 rium
363 836 565 878 simpliciter
581 842 629 866 est
654 834 878 877 impossibile.
931 834 987 866 Sic
1014 833 1224 866 necessariae

251 892 332 919 sunt
349 884 412 917 hae
430 884 700 928 propositiones:
728 883 822 916 Deus
842 890 909 921 est,
937 882 1030 917 Deus
1048 891 1097 916 est
1120 883 1224 915 intel-

251 936 381 979 ligens,
408 936 536 975 iustus,
563 935 695 974 bonus,
724 935 832 966 libere
850 945 962 976 agens.

351 992 539 1026 Necessitas
555 990 695 1038 physica
713 999 761 1025 est
785 993 909 1025 modus
932 992 1056 1034 agendi
1083 991 1225 1024 ordina—

252 1051 308 1077 tus
331 1044 366 1075 in
396 1043 506 1075 causis
530 1043 768 1082 naturalibus,
795 1055 864 1086 quo
889 1044 993 1074 modo
1021 1054 1092 1074 non
1118 1042 1226 1073 inter-

250 1102 366 1136 rupta,
390 1091 501 1131 aDeo,
518 1105 589 1124 non
607 1099 751 1134 possunt
769 1092 848 1123 illae
862 1103 981 1123 causae
1000 1091 1100 1123 aliter
1117 1102 1226 1132 agere,

252 1152 291 1176 ut
313 1143 404 1175 Solis
428 1153 549 1174 cursus
573 1142 702 1174 dicitur
726 1141 956 1179 necessarius,
992 1141 1072 1185 quia
1099 1140 1225 1173 mutari

252 1205 325 1225 non
343 1198 472 1235 potest,
499 1191 566 1222 nisi
585 1191 764 1223 divinitus.
817 1190 866 1224 Ita
888 1191 978 1233 ignis
995 1191 1133 1223 admota
1153 1203 1227 1222 ma-

252 1243 338 1276 teria
357 1241 577 1280 elementari,
603 1247 661 1273 aut
678 1242 794 1279 mixta,
814 1253 884 1273 non
903 1247 1012 1284 potest
1028 1253 1099 1272 non
1118 1252 1228 1280 urere,

252 1293 312 1326 sed
330 1292 365 1323 in
385 1291 590 1335 babylonica
608 1291 747 1324 fornace
774 1290 949 1324 israelitae
967 1291 1140 1324 divinitus
1157 1302 1228 1323 ser-

253 1349 390 1375 vantur.
451 1338 527 1374 Etsi
558 1347 672 1373 autem
705 1338 907 1384 philosophi
936 1341 1059 1374 dicunt
1094 1341 1227 1374 coelum

254 1392 411 1425 absoluta
429 1390 630 1423 necessitate
647 1391 779 1422 moveri
796 1398 827 1423 et
846 1391 993 1433 primam
1012 1402 1148 1423 causam
1167 1402 1228 1422 ne-

256 1441 402 1474 cessario
421 1438 509 1471 hanc
525 1451 641 1471 rerum
659 1436 855 1471 machinam
868 1465 877 1478 ‚
903 1445 934 1471 et
961 1436 1055 1471 hunc
1070 1439 1228 1471 ordinem

257 1501 443 1534 corporum
480 1489 623 1526 mundi,
665 1500 726 1520 seu
757 1489 906 1526 fudisse,
942 1499 1001 1520 seu
1025 1489 1229 1521 fabricasse:

255 1548 372 1574 tamen
389 1537 541 1571 Ecclesia
561 1537 627 1571 Dei
653 1539 812 1572 adfirmat
826 1537 939 1571 Deum
966 1549 1037 1571 esse
1062 1549 1166 1581 agens
1187 1539 1231 1570 li-

255 1590 448 1624 berrimum
481 1595 514 1621 et
540 1589 665 1628 libere,
709 1600 782 1621 non
813 1589 1006 1620 necessario
1035 1589 1232 1622 condidisse

257 1651 378 1674 omnes
400 1645 589 1678 creaturas,
623 1644 661 1670 ut
682 1638 769 1673 Plal.
789 1639 871 1673 113.
896 1638 1026 1683 inquit:
1057 1638 1151 1672 Deus
1171 1651 1231 1671 au-

257 1698 326 1723 tem
351 1695 469 1721 noster
494 1688 530 1721 in
553 1689 669 1728 coelo,
701 1689 820 1721 omnia
853 1700 1079 1733 quaecunque
1110 1689 1232 1731 voluit,

259 1741 358 1779 fecit,
384 1739 576 1775 volentem,
604 1739 640 1770 id
659 1745 724 1779 est,
751 1739 861 1771 libere
878 1739 1038 1771 adfirmat
1061 1749 1139 1772 eum
1158 1752 1232 1772 om-

259 1791 318 1822 nia
337 1789 535 1822 condidisse
559 1795 591 1821 et
609 1799 719 1831 agere.

362 1846 470 1886 Item,
496 1847 565 1879 nisi
588 1847 737 1879 liberum
756 1858 860 1889 agens
883 1853 987 1885 esset,
1020 1859 1083 1880 nec
1107 1846 1234 1889 angeli,

261 1909 324 1930 nec
342 1895 501 1929 homines
519 1904 632 1929 essent
648 1897 756 1928 libera
775 1897 923 1939 agentia.
973 1896 1087 1930 Indita
1106 1904 1154 1929 est
1173 1908 1234 1928 au-

263 1955 331 1980 tem
355 1947 497 1978 libertas
528 1946 660 1985 angelis
683 1953 714 1978 et
741 1944 945 1979 hominibus
961 1948 996 1979 in
1023 1947 1235 1985 conditione,

264 1997 357 2041 qnod
375 2008 414 2028 ex
431 2007 469 2028 eo
487 1996 709 2027 manifestum
728 2003 794 2035 est,
818 1997 897 2039 quia
917 2009 976 2029 sua
996 1998 1153 2030 libertate
1175 1997 1235 2028 de—

262 2047 420 2078 fecerunt
448 2058 464 2076 a
492 2044 583 2084 Deo,
623 2057 693 2078 non
719 2046 857 2077 volente
884 2052 943 2078 aut
973 2053 1116 2089 cogente
1150 2046 1235 2085 Deo,

264 2097 352 2128 sicut
375 2096 465 2127 clare
491 2095 576 2127 dicit
594 2094 768 2127 Psalmus:
804 2094 884 2127 Non
902 2094 997 2128 Deus
1023 2097 1143 2128 volens
1167 2096 1235 2128 ini·

265 2146 432 2190 quitatem
448 2151 486 2177 tu
504 2156 549 2179 eS.

365 2201 606 2234 Certissimum
625 2208 672 2234 est
687 2201 810 2243 igitur,
838 2201 950 2235 Deum
976 2214 1047 2235 esse
1069 2214 1171 2245 agens
1193 2203 1237 2235 li-

266 2252 475 2291 berrimum,
517 2262 588 2283 non
617 2251 796 2293 alligatum
831 2252 942 2285 causis
981 2253 1160 2293 secundis,
1199 2259 1238 2286 ut

267 2301 374 2335 Stoici
399 2301 587 2343 fingebant.
649 2300 744 2334 Haec
771 2301 912 2335 libertas
933 2302 1123 2336 voluntatis
1148 2303 1238 2335 divi-

268 2363 333 2384 nae
358 2352 490 2394 primus
518 2352 597 2384 fons
628 2357 680 2384 est
702 2351 968 2394 contingentiae.
1035 2351 1098 2386 Est
1123 2359 1237 2386 autem

268 2400 504 2443 contingens,
543 2402 637 2445 quod
670 2413 741 2434 non
767 2403 961 2435 necessario
986 2403 1119 2441 existit,
1160 2415 1237 2435 cum

270 2462 351 2482 vero
369 2451 527 2493 ponitur,
550 2449 643 2483 nihil
662 2452 788 2485 accidit
806 2452 1033 2495 impossibile.

372 2507 582 2551 Quanquam
599 2509 705 2551 igitur
729 2510 822 2542 iuxta
841 2507 1016 2543 Ecclesiae
1034 2510 1240 2551 doctrinam,

271 2557 406 2590 coelum
439 2557 547 2589 libere
580 2565 613 2591 et
635 2560 875 2602 contingenter
904 2567 1083 2601 movetur,
1124 2568 1239 2594 tamen

272 2619 350 2640 cum
367 2618 429 2639 nos
445 2607 481 2639 in
499 2604 718 2651 philosophia
735 2610 881 2642 dicimus
898 2611 1090 2643 necessario
1108 2610 1240 2642 moveri

1265 215 1443 260 loquimur
1463 215 1556 248 enim
1578 215 1621 248 de
1652 214 1776 248 ordine
1806 214 1875 247 iam
1905 215 2077 250 instituto.
2142 213 2236 248 Haec

1266 266 1368 299 initio
1392 266 1588 298 monendus
1611 272 1661 298 est
1685 265 1810 303 lector,
1837 271 1875 298 ut
1893 266 1977 299 sciat
1997 273 2133 310 postea,
2158 277 2237 298 cum

1267 315 1529 349 nominabimus
1546 315 1809 355 Necessitatem,
1836 321 1875 347 ut
1892 326 1992 358 saepe
2016 316 2089 348 eius
2105 315 2237 349 mentio

1267 366 1425 399 facienda
1441 373 1509 404 est,
1537 366 1684 407 intelligi
1708 363 1801 398 hunc
1818 365 2015 398 institutum
2032 365 2205 399 ordinem.

1368 414 1508 456 Tertio,
1557 422 1701 448 vocatur
1738 415 1921 448 necessitas
1964 415 2242 459 consequentiae,

1269 477 1346 498 cum
1374 471 1516 509 propter
1545 466 1788 509 praecedentes
1820 476 1939 498 causas
1962 471 2054 498 certo
2086 465 2243 510 sequitur

1270 515 1429 555 effectus,
1464 515 1597 548 etiamsi
1624 515 1784 555 initium,
1818 522 1850 548 et
1868 527 1956 559 qnae
1972 521 2168 559 sequuntur
2183 526 2243 547 sua

1270 571 1410 604 natura,
1436 566 1673 607 contingentia
1695 572 1794 605 sunt,
1820 572 1879 599 aut
1900 577 1977 598 cum
2003 571 2146 609 propter
2168 564 2243 597 dia-

1271 615 1427 647 lecticam
1462 616 1735 654 connexionem,
1779 622 1871 648 certo
1910 615 2067 659 sequitur
2097 614 2244 659 aliquid,

1272 665 1366 709 quod
1384 671 1500 696 tamen
1515 676 1575 696 sua
1590 674 1712 697 natura
1728 665 1932 707 contingens
1949 672 2015 704 est,
2036 672 2073 698 ut
2092 676 2150 697 cor
2166 664 2244 697 vul-

1272 721 1431 747 neratum
1449 720 1496 746 est
1507 714 1617 748 Aiaci.
1643 714 1786 746 Necesse
1798 722 1846 747 est
1865 715 1969 756 igitur
1986 727 2062 747 euin
2079 713 2244 756 extingui.

1274 765 1459 807 Pompeius
1475 764 1562 807 sugit
1578 776 1616 796 ex
1631 764 1721 803 acie,
1747 764 1962 807 impossibile
1981 771 2028 797 est
2047 765 2151 807 igitur
2168 775 2245 797 eum

1273 827 1344 847 non
1363 815 1504 856 fugisse.
1557 813 1650 846 Haec
1667 814 1783 846 valent
1807 815 2007 847 necessitate
2031 825 2246 858 consequen-

1273 866 1351 898 tiae.
1406 864 1507 896 Talia
1525 871 1605 897 sunt
1622 871 1656 897 et
1671 876 1759 908 quae
1775 865 1913 897 decreto
1931 864 2052 896 divino
2070 864 2246 897 eveniunt.

1273 916 1367 947 Dens
1383 915 1537 947 decrevit
1558 921 1715 947 mortuos
1741 926 1902 947 revocare
1923 914 1960 946 in
1985 914 2111 954 vitam,
2142 913 2249 955 igitur

1274 976 1409 998 necesse
1439 971 1490 997 est
1521 976 1579 997 eos
1608 964 1835 1007 reviviscere,
1869 964 2016 1004 scilicet,
2047 963 2248 996 necessitate

1274 1014 1554 1058 consequentiae.
1617 1013 1663 1047 Et
1685 1021 1798 1047 tamen
1822 1012 1879 1047 hic
1902 1014 2130 1046 discernenda
2157 1018 2250 1052 sunt,

1274 1077 1312 1097 ea
1337 1076 1423 1107 quae
1454 1065 1607 1105 pendent
1629 1076 1646 1096 a
1673 1065 1853 1097 voluntate
1890 1064 2029 1102 divina,
2069 1071 2108 1097 ut
2147 1064 2252 1103 bona,

1274 1126 1424 1159 quorum
1443 1113 1536 1146 Deus
1553 1125 1653 1146 causa
1671 1121 1736 1153 est,
1765 1121 1798 1147 et
1815 1121 1953 1147 econtra
1979 1115 2045 1147 alia
2071 1125 2159 1158 quae
2174 1125 2248 1145 non

1276 1165 1429 1209 pendent
1444 1176 1463 1196 a
1482 1164 1661 1197 voluntate
1678 1164 1817 1205 divina,
1839 1171 1879 1197 nt
1895 1170 2051 1208 peccata,
2078 1171 2117 1197 ut
2134 1169 2250 1208 postea

1276 1216 1399 1248 dicam.

1376 1263 1564 1307 Postquam
1581 1261 1642 1296 has
1661 1263 1902 1296 distinctiones
1917 1263 1959 1295 de
1980 1263 2181 1296 necessitate
2197 1273 2252 1295 re-

1276 1314 1390 1354 citavi,
1417 1325 1504 1358 quae
1523 1315 1649 1356 gradus
1664 1314 1865 1351 ostendunt,
1893 1319 1927 1345 et
1941 1318 2148 1353 monstrant,
2165 1323 2252 1357 quae

1276 1364 1481 1408 simpliciter
1499 1364 1687 1396 necessaria
1704 1364 1786 1399 sint,
1804 1366 1837 1392 et
1856 1361 1982 1393 deinde
1999 1362 2084 1405 quid
2102 1363 2146 1395 sit
2164 1359 2253 1405 phy-

1276 1415 1344 1445 sica
1360 1412 1555 1450 necessitas,
1576 1423 1668 1444 nunc
1678 1412 1721 1443 de
1737 1410 1974 1453 contingentia
1992 1411 2130 1456 loquor,
2147 1422 2252 1455 quam

1278 1463 1314 1494 in
1332 1461 1582 1494 elementorum
1609 1467 1640 1493 et
1665 1461 1853 1494 mixtorum
1879 1461 2033 1494 motibus
2059 1468 2093 1495 et
2125 1461 2255 1493 volun-

1278 1513 1357 1546 tatis
1381 1509 1556 1543 humanae
1581 1511 1779 1544 actionibus
1811 1517 1949 1554 ponunt
1974 1508 2177 1554 philosophi
2199 1522 2254 1543 sa-

1280 1563 1406 1596 niores.
1459 1559 1505 1594 Et
1523 1561 1622 1593 facile
1652 1560 1801 1603 intelligi
1825 1561 1973 1604 poterit,
1999 1561 2061 1594 ubi
2086 1567 2254 1604 congruat

1279 1611 1453 1646 Ecclesiae
1471 1611 1641 1644 doctriua.

1380 1661 1479 1694 Duae
1503 1668 1586 1694 suut
1618 1661 1808 1694 secundum
1842 1658 2102 1704 philosophiam
2134 1672 2256 1694 causae

1281 1711 1547 1753 contingentiae.
1601 1711 1721 1744 Altera
1737 1711 1878 1754 propria
1902 1718 1951 1744 est
1972 1712 2164 1744 multorum
2180 1723 2255 1744 mo·

1281 1769 1378 1795 tuum
1404 1763 1441 1793 in
1463 1761 1641 1793 elementis
1666 1769 1697 1793 et
1721 1761 1854 1798 mixtis,
1882 1761 2059 1794 videlicet:
2086 1760 2256 1794 Materiae

1282 1819 1403 1845 natura
1437 1822 1558 1853 magna
1590 1812 1755 1844 varietate
1790 1812 1945 1853 vagantis
1971 1818 2003 1844 et
2023 1812 2182 1851 fluentis,
2218 1817 2256 1843 ut

1283 1862 1490 1903 contingens
1506 1868 1555 1894 est
1574 1861 1691 1905 pluere
1709 1861 1861 1903 Lipsiae,
1889 1868 1921 1893 et
1949 1873 2020 1894 non
2041 1861 2160 1904 pluere
2182 1859 2256 1893 No-

1283 1913 1457 1953 ribergae,
1485 1912 1565 1955 quia
1585 1912 1693 1944 nubes
1712 1911 1805 1943 varie
1828 1911 2004 1953 agitantur
2025 1911 2098 1943 sine
2115 1918 2206 1944 certa
2225 1917 2258 1943 et.

1283 1962 1398 1995 stabili
1431 1962 1514 2003 lege.
1582 1961 1639 1993 Sic
1669 1961 1875 2002 contingens
1906 1967 1957 1994 est
1979 1960 2071 1993 infici
2097 1960 2256 2002 contagio

1283 2013 1399 2045 ae'rem
1415 2017 1447 2044 et
1463 2011 1654 2043 animantia
1669 2011 1702 2042 in
1714 2010 1837 2050 Attica,
1853 2017 1884 2043 et
1898 2022 1969 2043 non
1985 2009 2079 2044 infici
2098 2010 2133 2042 in
2145 2008 2257 2043 Thes-

1285 2062 1387 2101 salia,
1413 2067 1451 2093 ut
1476 2060 1723 2104 Hippocratem
1750 2061 1866 2094 serunt
1891 2060 2122 2104 pestilentiam
2146 2061 2258 2103 depu-

1285 2113 1363 2145 lisse
1380 2123 1398 2143 a
1417 2108 1596 2143 Thessalia
1618 2111 1765 2143 incensis
1785 2110 1910 2155 sylvis,
1939 2122 2019 2144 cum
2037 2111 2129 2143 venti
2147 2111 2257 2154 spira-

1286 2168 1361 2195 rent
1381 2172 1498 2193 versus
1515 2160 1657 2193 infectas
1683 2161 1857 2202 regiones,
1884 2173 1922 2193 ac
1940 2161 2141 2203 contagium
2162 2173 2257 2193 arce-

1285 2218 1363 2245 rent
1383 2217 1528 2255 purgato
1552 2212 1642 2246 a'e're.
1695 2210 1842 2243 Materia
1864 2211 1956 2243 enim
1981 2211 2049 2244 levi
2070 2218 2256 2251 momento,

1287 2263 1371 2294 alias
1393 2261 1460 2293 alio
1486 2261 1688 2304 impellitur.
1746 2261 1829 2293 Ideo
1856 2268 1888 2294 et
1912 2259 2118 2294 Aristoteles
2142 2273 2257 2294 casum

1287 2312 1403 2355 posuit
1420 2311 1512 2344 inter
1530 2322 1649 2344 causas
1672 2322 1733 2354 per
1755 2311 1929 2349 accidens,
1958 2320 2101 2357 eamque
2126 2311 2257 2344 confert

1288 2363 1325 2394 in
1341 2362 1455 2394 fluxus
1473 2361 1634 2393 materiae
1649 2372 1752 2403 vagos
1770 2368 1802 2394 et
1817 2361 2005 2395 instabiles.

1387 2409 1433 2444 Et
1450 2411 1491 2443 ad
1516 2408 1609 2443 hunc
1632 2411 1764 2443 fontem
1792 2412 1899 2444 multa
1923 2412 2077 2445 referunt
2110 2409 2257 2456 physici,

1287 2468 1326 2495 ut
1350 2462 1418 2494 dua
1450 2472 1551 2504 poma
1582 2468 1825 2502 concrescunt,
1857 2462 1937 2506 quia
1971 2462 2060 2494 forte
2083 2462 2258 2495 concurrit

1287 2511 1450 2551 materia,
1480 2511 1527 2543 sic
1557 2510 1733 2544 interdum
1766 2511 1881 2556 aliqua
1913 2518 2064 2544 monstra
2098 2512 2258 2544 fortuitas

1289 2573 1404 2593 causas
1422 2558 1562 2593 habent.
1613 2558 1660 2593 Et
1679 2559 1814 2606 physici
1831 2561 1948 2594 multis
1966 2561 2135 2605 prodigiis
2151 2562 2259 2594 ratio-

1289 2622 1367 2642 nem
1387 2611 1648 2652 significationis
1672 2609 1879 2650 detrahunt,
1908 2612 2072 2655 quaesitis
2094 2611 2131 2643 in
2149 2617 2259 2644 mate-

272 2657 420 2699 coelum,
445 2657 671 2700 intelligimus
692 2655 780 2691 hanc
800 2661 1035 2695 necessitatem
1052 2658 1240 2706 physicam,
1261 2685 1267 2706 ι
1288 2661 1338 2694 ria
1363 2660 1491 2702 causis,
1525 2666 1562 2694 ut
1592 2672 1670 2694 cum
1698 2661 1736 2694 in
1762 2661 1845 2694 villa
1868 2659 2012 2696 Periclis
2043 2660 2130 2695 aries
2156 2668 2259 2694 natus
