2379 2948
127 120 223 156 1123

275 206 615 253 Argumentum
644 214 696 237 ac
723 202 984 248 dispositio

476 270 636 309 Psalmi
666 268 777 310 LIII.
1148 277 1153 338 Ι

181 356 295 389 Dixit
316 354 500 398 insipiens
518 354 558 387 in
584 351 699 387 corde
715 364 803 387 suo.-
830 354 914 386 Non
930 355 987 386 est
1006 350 1125 391 Deus,

182 410 251 440 etc.

233 479 302 514 Hie
329 479 491 514 Psalmus
519 481 682 515 doctrina
714 489 783 523 est,
815 481 1003 515 continens
1039 479 1126 511 duas
1150 501 1153 521 ,

133 532 412 577 propositiones,
439 544 590 577 quarum
615 533 726 567 altera
751 540 888 567 accusat
912 541 1035 565 omnes
1061 527 1125 561 ho-

133 583 247 616 mines
261 595 335 616 non
353 590 494 626 agentes
516 584 789 631 poenitentiam:
822 585 930 618 altera
952 580 1127 626 promittit

134 646 321 678 oppressae
336 633 515 668 Ecclesiae
530 635 799 675 liberationem,
827 647 865 669 ac
882 634 1054 678 significat
1071 632 1128 664 in-

134 692 229 719 terea
262 683 458 720 Ecclesiam
494 687 698 730 ingentibus
733 687 912 721 aerumnis
947 691 1127 718 oneratam

135 748 224 770 esse:
252 749 291 770 ac
307 738 532 771 manifestum
551 745 602 771 est
621 739 711 773 duos
734 745 853 772 coetus
880 736 1050 776 describi,
1077 734 1128 767 al-

135 794 251 821 terum
268 785 425 822 hostium
444 788 528 830 Dei,
555 789 705 823 alterum
721 788 796 823 Deo
823 790 1039 834 placentem,
1066 798 1130 828 op—

137 850 296 883 pressum
327 840 372 873 ab
407 837 570 874 hostibus
594 839 681 883 Dei,
713 842 769 874 cui
794 840 1017 885 promittitur
1039 838 1130 871 libe-

133 896 236 924 ratlo.

226 939 317 974 Cum
338 941 447 984 igitur
464 942 685 976 describatur
704 955 777 976 non
795 943 909 976 solum
926 949 1045 975 coetus
1064 940 1131 972 im-

136 992 296 1036 piorum,
324 993 383 1026 sed
407 993 510 1027 etiam
528 992 689 1027 Ecclesia
712 994 827 1028 Deum
853 994 1042 1032 invocans,
1070 1003 1132 1024 cur

137 1043 350 1077 universalis
377 1050 428 1077 est
449 1044 591 1085 concio,
621 1058 711 1089 quae
727 1046 860 1089 arguit:
888 1044 970 1078 Non
995 1049 1047 1076 est
1069 1043 1130 1088 qui

136 1094 239 1128 faciat
258 1096 412 1135 bonum,
436 1107 481 1128 ne
498 1107 591 1128 unus
607 1096 774 1141 quidem?

239 1143 318 1179 Etsi
340 1152 457 1179 autem
480 1147 592 1191 aliqui
618 1149 852 1192 respondent,
883 1144 1131 1194 synecdochen

137 1207 228 1237 esse,
255 1203 288 1230 et
305 1197 495 1230 maximam
513 1204 649 1241 partem
673 1200 812 1243 generis
840 1197 990 1232 humani
1016 1198 1131 1242 argui:

137 1254 255 1282 tamen
272 1260 351 1281 cum
371 1246 438 1281 hoc
455 1249 503 1282 ita
521 1249 743 1294 intelligant,
767 1258 806 1285 ut
825 1251 861 1283 in
879 1252 1049 1284 membris
1073 1263 1131 1283 ve-

138 1310 197 1331 rae
230 1296 409 1332 Ecclesiae
440 1308 571 1343 negent
604 1313 677 1335 esse
707 1309 868 1346 peccata,
900 1314 974 1335 non
1006 1314 1133 1348 sequar

137 1347 230 1382 hanc
245 1350 593 1397 interpretationem,
621 1354 681 1386 sed
698 1353 816 1396 potius
825 1353 976 1387 Paulum
995 1366 1132 1398 sequar,

138 1400 201 1445 qui
217 1401 328 1434 citans
341 1401 433 1435 dicta
451 1400 557 1435 huius
574 1402 727 1445 Psalmi,
751 1405 855 1438 etiam
882 1405 998 1447 arguit
1017 1412 1131 1438 totum

138 1462 249 1494 genus
274 1449 492 1491 humanum,
516 1454 648 1487 scilicet
669 1455 773 1500 quale
796 1461 845 1488 est
867 1455 905 1488 in
932 1454 997 1489 hac
1014 1454 1133 1500 pravi-

138 1508 208 1535 tate
233 1515 271 1536 ac
297 1503 538 1543 deformitate,
568 1517 657 1549 quae
681 1506 869 1539 nobiscum
896 1507 1069 1547 nascitur,
1094 1514 1132 1540 ut

139 1551 272 1587 Paulus
289 1554 420 1598 inquit:
451 1554 593 1589 Causati
611 1568 732 1590 sumus
750 1569 873 1591 omnes
898 1559 963 1591 sub
989 1566 1132 1603 peccato

139 1615 233 1644 esse,
273 1611 310 1638 ut
336 1617 444 1639 omne
467 1618 505 1639 os
538 1608 760 1649 obstruatur,
796 1615 829 1642 et
855 1616 949 1642 totus
977 1611 1133 1643 mundus
1158 1627 1160 1647 2

139 1666 219 1688 reus
237 1655 294 1688 fiat
312 1654 400 1692 Deo.

240 1713 337 1749 Haec
360 1716 484 1749 concio
508 1728 589 1749 vere
617 1717 829 1751 universalis
855 1726 922 1758 est,
967 1732 1134 1754 accusans
1159 1722 1160 1732 ¹

139 1773 322 1810 peccatum
347 1766 385 1799 in
409 1767 596 1808 omnibus,
620 1770 679 1802 sed
707 1776 825 1812 postea
845 1770 1037 1804 discrimen
1066 1779 1133 1806 est:
1159 1769 1161 1799 ἕ

139 1816 248 1850 Pauci
266 1818 377 1863 aliqui
395 1826 655 1853 convertuntur
672 1821 714 1853 ad
726 1820 837 1854 Deum
849 1847 860 1865 ‚
889 1829 922 1856 et
937 1831 1135 1866 agnoscunt
1160 1831 1161 1841 ¹

140 1880 179 1901 ac
212 1869 400 1912 deplorant
434 1881 532 1903 suam
567 1871 853 1914 immunditiem,
891 1880 924 1907 et
957 1875 1135 1920 incipiunt

140 1917 217 1952 Deo
239 1920 404 1961 obedire,
429 1918 467 1953 hi
494 1928 576 1955 sunt
601 1921 758 1956 Ecclesia
784 1924 862 1957 Deo
891 1926 1028 1968 placens
1052 1939 1137 1971 pro·
1160 1927 1162 1945 '¹

143 1977 220 2014 pter
236 1969 382 2006 Filium.
435 1971 487 2005 Ac
505 1973 642 2018 reliqua
662 1974 786 2017 ingens
803 1976 996 2010 multitudo
1014 1986 1134 2012 conte-

143 2021 233 2054 mnit
257 2020 393 2063 Deum,
419 2028 452 2055 et
474 2023 620 2067 plurimi
645 2025 840 2059 manifestis
865 2027 1046 2063 furoribus
1074 2043 1136 2064 cua

143 2071 284 2105 mulant
300 2079 460 2117 peccata,
487 2074 699 2118 polluuntur
715 2077 947 2120 libidinibus,
976 2090 1134 2115 exercent

144 2122 325 2156 saevitiam
349 2123 388 2156 in
405 2125 682 2167 gubernatione,
709 2136 885 2163 conantur
904 2132 1021 2166 delere
1034 2145 1135 2167 verae

145 2174 326 2208 doctrinae
344 2175 479 2220 lucem,
509 2182 542 2210 et
560 2177 679 2213 laxant
702 2178 821 2214 frenos
846 2182 925 2215 aliis
949 2184 1052 2217 malis
1075 2197 1137 2218 cu·
1161 2202 1163 2206 ·

724 114 851 150 PHlL.
878 113 997 152 MEL.
1023 109 1234 150 SCRIPTA
1261 109 1563 148 EXEGETICA.

142 2224 364 2269 piditatibuS.

245 2285 320 2318 Alii
344 2286 479 2320 etiamsi
503 2287 630 2322 vivunt
662 2291 874 2332 modestius,
908 2299 1027 2327 tamen
1051 2296 1137 2329 reti-

145 2343 230 2370 nent
246 2348 372 2380 magna
388 2338 472 2371 vitia
494 2338 533 2372 in
551 2346 685 2385 mente,
715 2354 803 2387 quae
820 2352 975 2386 manent,
1000 2346 1136 2380 etiamsi

145 2385 340 2433 hypocrisis
356 2401 439 2433 prae
457 2401 491 2423 se
509 2391 575 2423 fert
592 2404 755 2436 magnam
775 2395 923 2439 speciem
944 2397 1138 2444 sapientiae

147 2445 180 2471 et
197 2438 371 2473 iusticiae:
400 2446 439 2474 ut
456 2441 492 2474 in
505 2439 644 2484 Attico,
671 2444 707 2477 in
726 2444 984 2491 Xenophonte,
1013 2449 1137 2482 etiam-

148 2488 176 2521 si
197 2489 319 2532 pulcra
342 2492 538 2527 moderatio
568 2500 619 2527 est
647 2507 807 2538 morum,
842 2505 960 2533 tamen
990 2497 1137 2535 haerent

147 2539 385 2574 dubitationes
409 2551 598 2592 perpetuae
624 2546 668 2579 de
694 2548 938 2591 providentia,
966 2552 1056 2585 etde
1074 2565 1137 2585 vo-

146 2589 282 2624 luntate
305 2592 374 2624 Dei
399 2606 443 2626 an
467 2596 629 2639 recipiat,
657 2605 689 2631 et
713 2611 758 2632 an
781 2603 942 2636 exaudiat
960 2603 1055 2647 ipsos
1081 2604 1136 2636 vel

144 2640 246 2675 alios,
300 2641 351 2675 Ita
369 2643 407 2676 iu
425 2642 492 2679 hoc
510 2646 649 2681 Psalmo
672 2650 794 2684 concio
812 2659 862 2686 est
879 2655 922 2687 de
949 2655 1137 2697 poeniten-

144 2692 192 2727 tia
207 2693 438 2739 universalis,
468 2703 501 2730 et
517 2703 635 2731 tamen
657 2707 706 2734 est
723 2702 913 2738 discrimen
930 2705 1031 2751 impii
1056 2718 1135 2739 coe—

1174 206 1231 233 tus
1247 205 1280 233 et
1295 197 1495 240 Ecclesiae,
1522 197 1604 243 quia
1628 197 1666 230 in
1692 197 1854 243 utrisque
1875 207 2077 243 arguuntur
2101 201 2168 235 tri-

1175 250 1239 284 stia
1256 257 1418 295 peccata,
1446 250 1505 283 sed
1527 248 1567 283 fit
1594 248 1786 282 discrimen
1813 257 1959 294 propter
1981 251 2171 286 dissimiles

1175 301 1376 335 voluntates
1390 300 1612 335 audientium
1629 300 1838 334 concionem
1854 301 2111 337 universalem.

1279 352 1431 386 Plurimi
1456 353 1510 386 vel
1539 358 1774 386 contemnunt
1802 351 1917 386 Deum
1952 360 2172 396 arguentem,

1176 404 1233 437 vel
1266 404 1372 438 etiam
1407 405 1439 437 ei
1473 404 1696 444 irascuntur,
1740 409 1774 436 et
1807 403 2013 447 extinguere
2050 417 2173 438 vocem

1176 453 1364 498 Evangelii
1388 463 1581 496 conantur,
1616 466 1706 500 quae
1731 466 1806 487 non
1839 455 1955 488 solum
1989 455 2175 490 manifesta

1177 506 1325 547 delicta,
1359 513 1399 540 ut
1431 506 1600 540 libidines
1634 512 1668 539 et
1701 505 1927 551 tyrannidem
1964 513 2076 547 taxat,
2114 507 2176 540 sed

1178 558 1283 591 etiam
1302 558 1418 591 cultus
1438 557 1587 602 impios,
1614 568 1703 602 quos
1720 558 1918 591 defendunt
1933 565 2101 602 tanquam
2120 570 2176 591 sa-

1179 608 1349 653 pientiam
1374 615 1408 643 et
1425 608 1621 649 iusticiam,
1646 608 1736 642 sicut
1755 607 1878 642 Iudaei
1900 616 1933 643 et
1948 606 2095 642 Ethnici
2120 609 2177 642 iu-

1179 660 1347 694 dicabant
1364 659 1572 694 seditiosum
1589 670 1682 700 esse,
1709 671 1791 693 suos
1809 660 1900 694 ritus
1917 667 2050 694 veteres
2076 660 2176 693 labe-

1179 712 1323 746 factare.

1283 761 1358 796 Alii
1384 774 1467 795 vero
1496 761 1598 806 pauci
1626 762 1873 805 obtemperant
1900 760 1977 796 Deo
2001 762 2179 806 arguenti,

1181 821 1215 848 et
1237 814 1281 847 ad
1306 813 1421 847 Deum
1446 819 1724 854 convertuntur,
1757 813 1806 846 ita
1829 813 1920 847 fiunt
1944 815 2015 848 duo
2045 821 2178 855 coetus,

1181 872 1216 899 et
1237 865 1346 909 impia
1370 864 1565 898 multitudo
1591 864 1690 897 ardet
1712 864 1795 897 odio
1812 864 1957 898 alterius
1974 871 2112 906 coetus,
2143 872 2178 899 et

1182 929 1262 949 eum
1288 916 1405 949 delere
1433 922 1596 949 conatur.
1651 914 1761 948 Nemo
1788 921 1904 949 autem
1930 914 1993 949 has
2017 917 2177 950 miserias

1183 968 1338 1012 perferre
1361 974 1494 1011 posset,
1527 966 1555 999 si
1583 966 1704 1008 ignota
1729 972 1817 999 esset
1839 967 2003 1000 voluntas
2028 966 2115 1008 Dei,
2144 974 2179 1001 et

1183 1030 1256 1052 non
1273 1018 1443 1052 sciremus
1464 1025 1663 1051 secuturam
1683 1029 1756 1050 esse
1773 1017 2036 1053 liberationem.
2091 1017 2177 1052 Ideo

1182 1070 1282 1104 Deus
1300 1069 1447 1103 tradidit
1472 1068 1743 1113 promissiones,
1771 1075 1805 1102 et
1828 1068 1991 1102 adfirmat
2008 1068 2178 1103 Messiam

1183 1121 1417 1155 liberaturum
1458 1132 1531 1154 esse
1560 1118 1753 1153 Ecclesiam
1791 1119 1907 1163 ipsum
1942 1120 2180 1160 invocantem,

1184 1170 1269 1205 haec
1286 1171 1481 1205 consolatio
1499 1168 1603 1205 ethic
1622 1171 1848 1215 proponitur.
1900 1170 1998 1205 Haec
2015 1178 2066 1205 est
2081 1183 2180 1206 sum-

1184 1236 1240 1256 ma
1258 1223 1404 1257 Psalmi.

1288 1274 1454 1317 Quatuor
1469 1285 1592 1307 versus
1607 1273 1651 1306 ab
1670 1272 1775 1307 initio
1795 1279 1961 1313 narrant,
1982 1280 2015 1308 et
2034 1285 2181 1318 exagge-

1183 1332 1263 1359 rant
1286 1332 1449 1369 peccata,
1484 1337 1547 1358 nec
1582 1331 1722 1358 tantum
1756 1331 1898 1358 externa
1931 1331 1965 1358 et
1994 1325 2180 1359 manifesta

1183 1377 1314 1410 scelera
1338 1383 1520 1416 taxantur,
1554 1387 1644 1420 quae
1675 1375 1781 1408 etiam
1813 1374 1904 1408 ratio
1929 1375 2082 1417 iudicat,
2119 1377 2180 1409 sed

1184 1428 1288 1460 etiam
1306 1427 1474 1460 interiora
1492 1438 1618 1468 magna
1634 1426 1725 1458 mala
1750 1425 1954 1459 communia
1979 1424 2182 1469 hominum,

1184 1478 1361 1511 dubitatio
1373 1479 1414 1510 de
1424 1476 1501 1510 Deo
1517 1484 1548 1510 et
1561 1478 1603 1510 ‹le
1614 1477 1851 1521 providentia,
1871 1488 1943 1509 esse
1959 1478 2035 1510 sine
2051 1478 2180 1512 timore

1184 1529 1262 1567 Dei,
1291 1536 1325 1562 et
1344 1529 1564 1562 confidenter
1581 1528 1653 1571 regi
1674 1528 1817 1571 propria
1834 1528 2019 1571 sapientia,
2045 1535 2080 1562 et
2094 1541 2179 1573 pro-

1185 1587 1262 1624 pter
1280 1580 1454 1623 praesidia
1473 1579 1629 1611 visibilia
1650 1579 1825 1622 negligere
1843 1579 1980 1617 Deum,
2008 1586 2048 1613 ut
2073 1580 2180 1614 multi

1158 1667 1160 1678 γ
1185 1631 1385 1673 adiungunt
1411 1643 1446 1663 se
1474 1630 1697 1673 potentibus,
1735 1642 1778 1662 ne
1803 1637 1974 1672 cogantur
1997 1631 2083 1664 socii
2108 1643 2182 1665 esse

1158 1681 1161 1717 ἔ
1185 1693 1436 1715 aerumnarum
1463 1679 1652 1714 Ecclesiae.

1714 1680 1781 1714 His
1812 1681 2044 1716 interioribus
2078 1683 2182 1717 malis

1185 1733 1296 1766 multa
1328 1732 1395 1765 alia
1421 1738 1560 1776 peccata
1585 1732 1754 1765 interiora
1787 1739 1819 1766 et
1841 1739 1983 1766 externa
2009 1733 2182 1778 implicita

1187 1791 1287 1824 sunt,
1314 1784 1438 1817 odium
1464 1795 1567 1816 verae
1591 1783 1793 1824 doctrinae,
1827 1784 1971 1818 saevitia
1996 1785 2182 1820 manifesta

1160 1843 1161 1871 ζ
1187 1847 1277 1882 quae
1305 1841 1485 1868 exercetur
1509 1835 1545 1867 in
1572 1835 1801 1879 oppressione
1824 1834 2021 1877 Ecclesiae,
2057 1843 2091 1870 et
2118 1837 2181 1871 alii

1160 1907 1161 1910 =
1187 1886 1292 1919 multi
1317 1887 1455 1919 furores
1473 1886 1535 1931 qui
1560 1888 1743 1920 accedunt.

1797 1885 1893 1920 Haec
1916 1888 2036 1920 omnia
2062 1888 2181 1932 inquit

1188 1938 1288 1980 argui
1304 1944 1335 1970 et
1354 1937 1502 1970 iudicari
1522 1949 1539 1970 a
1560 1936 1657 1978 Deo,
1686 1950 1766 1970 cum
1792 1937 1856 1970 ait:
1885 1935 1993 1971 Deus
2018 1935 2060 1971 de
2084 1937 2181 1973 coelo

1189 1985 1450 2034 respicilfilios
1467 1985 1674 2023 hominum.
1729 1986 1775 2022 Et
1798 1995 1849 2022 est
1868 1987 2053 2022 antithesis
2069 2003 2183 2035 oppo-

1188 2041 1252 2073 sita
1276 2041 1391 2084 primo
1418 2041 1552 2078 versui,
1581 2038 1686 2084 Impii
1706 2047 1835 2083 negant
1857 2051 1928 2072 esse
1946 2039 2080 2082 Deum,
2108 2042 2180 2076 imo

1188 2092 1315 2125 clamat
1333 2104 1401 2124 vox
1417 2089 1501 2124 Dei:
1530 2092 1629 2125 Deus
1654 2091 1697 2124 de
1713 2091 1810 2123 coelo
1834 2091 1976 2135 respicit
2002 2093 2094 2126 filios
2117 2091 2184 2127 ho-

1161 2159 1162 2164 =
1188 2143 1346 2184 minum,
1373 2154 1454 2176 vere
1477 2149 1527 2176 est
1554 2141 1651 2176 Deus
1675 2142 1839 2177 conditor
1861 2143 1999 2186 generis
2022 2141 2184 2186 humani,

1189 2195 1367 2239 inspector
1383 2201 1415 2228 et
1432 2194 1549 2227 iudex.
1599 2192 1690 2227 Nam
1717 2194 1890 2238 respicere
1914 2206 1987 2227 non
2009 2195 2181 2239 significat

1189 2246 1347 2279 ociosum
1371 2251 1620 2289 spectatorem,
1657 2246 1717 2278 sed
1741 2245 2008 2289 patefacientem
2036 2259 2071 2279 se
2095 2259 2180 2282 voce

1189 2304 1221 2330 et
1241 2297 1441 2331 illustribus
1458 2295 1682 2335 testimoniis,
1709 2303 1741 2330 et
1758 2296 2002 2331 instituentem
2019 2298 2180 2332 ministe-

1189 2348 1282 2382 rium
1300 2347 1451 2381 docendi
1476 2347 1514 2379 in
1532 2345 1708 2387 Ecclesia,
1736 2354 1769 2381 et
1792 2348 1987 2383 manifestis
2010 2350 2179 2394 exemplis

1189 2400 1397 2445 punientem
1413 2398 1535 2432 omnia
1549 2399 1680 2432 atrocia
1700 2399 1838 2433 delicta.

1292 2451 1334 2485 ln
1352 2450 1476 2495 quinto
1495 2461 1599 2483 versu
1617 2451 1762 2484 additur
1779 2451 2010 2485 comminatio
2027 2462 2176 2495 poenae:

1187 2499 1294 2536 Deus
1304 2500 1482 2549 dispergit
1500 2513 1584 2535 ossa
1602 2504 1899 2536 castrametanlis
1915 2499 2090 2535 adversus
2101 2500 2178 2535 Ec-

1189 2552 1348 2589 clesiam.
1402 2552 1488 2587 Item
1514 2550 1620 2586 Dens
1653 2553 1893 2587 abominatur
1921 2565 1989 2588 eos,
2043 2552 2095 2587 Ac
2120 2554 2177 2587 in-

1189 2604 1301 2647 signia
1326 2605 1518 2638 verborum
1540 2606 1698 2647 pondera
1725 2612 1807 2639 sunt
1830 2605 1866 2637 in
1889 2604 2037 2647 singulis
2062 2617 2175 2638 mem-

1189 2656 1275 2692 bris.
1329 2654 1420 2689 Ossa
1432 2656 1633 2698 significant
1651 2657 1760 2690 robur
1775 2663 1808 2690 et
1825 2655 1975 2689 maxime
1993 2656 2177 2700 praesidia,

1190 2719 1287 2751 reges
1304 2715 1337 2742 et
1355 2707 1544 2752 principes.

2079 114 2178 151 1124
