2379 2948
266 114 339 148 983

267 248 360 282 inter
374 256 486 283 tantas
505 250 626 282 ruinas
643 249 873 292 imperiorum
885 276 892 290 ,
921 257 955 284 et
971 250 1183 284 mutationes
1202 250 1252 282 le-

268 312 350 343 gum
375 307 405 333 et
431 301 643 343 religionum
667 301 759 343 apud
785 300 892 340 alios,
922 301 1142 334 confirmatio
1169 301 1252 333 illu—

267 351 346 383 stris
365 358 412 384 est
430 351 507 393 piis,
536 351 597 398 qui
614 359 810 393 agnoscunt
826 350 892 384 Dei
908 352 1116 385 beneficium
1139 359 1172 385 ct
1190 364 1253 395 po-

267 401 378 434 litiam
407 401 503 434 illam
530 402 575 434 ita
604 402 830 435 constitutam
856 410 887 436 et
916 411 1155 436 conservatam
1181 414 1252 435 esse

266 459 419 492 norunt,
448 459 485 485 ut
503 450 707 497 prophetica
736 453 897 486 doctrina
923 456 965 487 ad
991 461 1148 498 posteros
1171 466 1254 498 pro-

264 510 459 546 pagaretur.

369 553 451 586 Tibi
472 554 579 597 igitur
601 553 696 588 Deus
720 554 964 599 omnipotens,
991 561 1130 588 aeterne
1157 561 1254 598 pater

265 603 411 638 Domini
438 606 547 639 nostri
577 605 652 639 lesu
677 603 831 646 Christi,
859 606 986 649 gratias
1008 617 1072 648 ago
1097 606 1192 650 quod
1222 612 1254 639 et

266 656 363 689 illam
382 654 537 690 scholam
556 663 625 690 tam
643 657 703 689 diu
722 657 886 697 servasti,
913 662 947 689 et
964 668 1028 689 nos
1045 658 1087 689 ad
1105 657 1179 690 eius
1196 668 1253 689 so-

267 707 427 741 cietatem
438 708 582 747 vocasti,
599 714 632 740 et
649 714 721 740 toto
750 714 889 750 pectore
906 714 939 740 te
957 719 1038 747 oro,
1055 715 1093 740 ut
1111 714 1143 740 et
1161 707 1253 741 inter

267 770 331 791 nos
354 758 517 801 deinceps
533 758 599 791 tibi
619 756 811 791 Ecclesiam
831 757 989 800 colligas,
1017 765 1049 792 et
1075 770 1190 791 serves
1214 758 1250 791 in

266 806 322 841 his
346 809 549 852 regionibus
575 816 693 843 coetus
717 815 807 841 recte
829 809 1032 842 docentium
1058 816 1090 843 et
1115 809 1251 843 discen-

266 860 374 900 tium,
403 867 436 893 et
456 872 575 893 eorum
595 857 745 903 hospitia
766 866 936 902 protegas.

369 910 421 943 Ac
445 910 624 943 beneficiis
639 910 887 950 consideratis,
914 910 1123 953 aspiciamus
1147 911 1251 944 etiam

267 961 466 995 tristissima
499 961 656 1004 exempla
691 972 899 1004 poenarum.
963 961 1092 995 Decem
1120 961 1254 1005 Tribus

267 1013 420 1057 primum
447 1012 618 1045 seditione
643 1019 736 1045 mota
755 1011 989 1046 discesserunt
1013 1013 1056 1045 ab
1077 1023 1115 1045 ea
1133 1013 1252 1056 stirpe,

267 1064 323 1097 cui
359 1063 515 1096 sciebant
548 1074 696 1106 regnum
727 1062 899 1096 divinitus
928 1063 1141 1107 promissum
1171 1075 1254 1103 esse,

266 1120 384 1157 postea
412 1113 558 1146 omnino
582 1114 768 1157 dissipatae
791 1121 874 1148 sunt
896 1125 915 1146 a
938 1114 1078 1157 regibus
1100 1112 1254 1159 Assyriis

267 1165 305 1197 in
341 1164 550 1209 longinquas
587 1171 714 1205 terras,
750 1171 783 1198 et
817 1164 902 1198 novi
936 1165 1055 1198 coloni
1085 1165 1122 1197 in
1154 1165 1252 1198 illam

266 1215 481 1249 uberrimam
504 1215 682 1258 regionem
704 1215 801 1248 missi
827 1222 918 1251 sunt.
971 1213 1101 1249 Adhuc
1118 1217 1253 1261 reliqua

266 1266 395 1299 mansit
413 1278 492 1309 pars
509 1266 634 1304 altera,
662 1267 699 1299 in
718 1277 787 1311 qua
806 1268 896 1299 duae
913 1267 1026 1301 tribus
1044 1274 1163 1308 erant,
1192 1266 1254 1300 Iu-

267 1318 310 1350 da
335 1323 366 1350 et
389 1315 599 1357 Beniamin,
633 1323 666 1350 et
690 1316 914 1351 imbecillitas
936 1318 1011 1361 ipsa
1035 1319 1254 1357 ostendebat,

268 1380 341 1401 non
366 1378 466 1411 posse
489 1378 563 1400 eam
588 1366 736 1405 servari,
764 1367 833 1399 nisi
855 1380 874 1399 a
901 1367 977 1401 Deo
1003 1374 1255 1411 protegeretur,

268 1420 357 1452 sicut
373 1424 494 1451 contra
511 1415 733 1451 Sennaherib
758 1417 899 1450 defensa
918 1424 979 1452 est.
1031 1417 1122 1452 Sunt
1137 1425 1254 1452 autem

269 1469 354 1502 anni
372 1480 389 1501 a
406 1466 630 1502 Sennaherib
652 1466 721 1502 125
748 1469 792 1501 ad
811 1468 987 1501 excidium
1008 1467 1253 1514 lerosolymae,

269 1533 338 1566 quo
364 1526 522 1563 tempore
547 1531 605 1552 rex
631 1518 870 1565 Babylonicus
895 1519 932 1551 in
958 1518 1086 1552 Iudaea
1113 1521 1255 1553 vastita-

269 1578 337 1604 tem
357 1570 455 1614 fecit,
483 1577 514 1602 et
532 1568 593 1602 has
611 1570 697 1603 duas
716 1570 883 1614 reliquias
906 1570 1019 1603 tribus
1044 1571 1168 1614 procul
1194 1572 1256 1603 ab-

269 1622 369 1655 duxit
406 1621 445 1653 in
476 1618 710 1664 Chaldaeam,
749 1632 828 1663 pars
863 1621 898 1652 in
926 1621 1126 1666 Aegyptum
1156 1622 1256 1664 fugit.

269 1672 352 1706 Post
377 1669 466 1704 hanc
494 1671 783 1715 dissipationem,
818 1671 958 1715 oppidis
983 1672 1187 1716 destructis,
1224 1679 1254 1705 et

269 1724 429 1756 funditus
452 1722 564 1755 deleta
588 1723 730 1767 politia,
767 1723 896 1756 absunt
920 1721 1041 1756 ludaei
1065 1735 1177 1756 annos
1204 1735 1257 1756 se-

268 1774 460 1819 ptuaginta.

373 1824 456 1857 Post
481 1830 616 1857 tantum
640 1824 889 1866 intervallum,
925 1824 1003 1869 quis
1023 1837 1162 1867 sperare
1189 1823 1256 1858 hu-

272 1875 325 1908 ius
341 1875 453 1918 gentis
472 1874 625 1907 reditum
645 1875 832 1918 potuisset,
861 1882 921 1909 aut
952 1877 1071 1919 templi
1102 1883 1134 1909 et
1165 1877 1257 1921 poli-

272 1926 339 1960 tiae
368 1925 645 1967 restitutionem,
683 1926 885 1968 praesertim
907 1925 1008 1964 intem
1024 1927 1159 1960 vicinos
1186 1928 1256 1960 ini-

271 1976 478 2009 micissimos
496 1975 589 2018 genti
609 1974 796 2008 Iudaicae?
852 1974 899 2009 At
923 1977 1075 2010 restituti
1099 1985 1179 2011 sunt
1206 1985 1256 2011 ta-

271 2039 370 2068 men,
399 2034 431 2060 et
453 2033 492 2060 ut
515 2026 642 2058 scirent
666 2023 750 2059 haec
773 2028 966 2069 gubernata
984 2039 1055 2060 esse
1072 2028 1255 2072 divinitus,

272 2085 372 2112 antea
394 2076 491 2110 Deus
513 2083 544 2110 et
567 2088 696 2120 poenas
721 2078 914 2121 praedixit,
944 2085 976 2111 et
1000 2079 1094 2111 exilii
1120 2085 1257 2122 tempus

271 2137 303 2163 et
321 2128 588 2162 restitutionem.
642 2125 688 2160 Et
705 2139 748 2160 ne
765 2128 970 2162 dubitarent
995 2126 1057 2162 has
1083 2142 1183 2163 voces
1202 2131 1255 2163 di-

271 2180 371 2212 vinas
388 2191 480 2219 esse,
502 2178 702 2211 testimonia
718 2178 814 2212 Deus
833 2179 968 2213 addidit
986 2180 1147 2223 plurima.
1184 2180 1257 2214 Da-

271 2230 414 2275 nielqui
430 2229 712 2263 constantissime
728 2229 923 2263 affirmabat
940 2242 1037 2263 suam
1049 2239 1185 2273 gentem
1202 2244 1257 2265 re-

271 2282 424 2315 dituram
444 2292 515 2313 esse
534 2280 569 2312 in
589 2280 750 2323 patriam,
779 2287 935 2314 servatus
951 2288 1001 2315 est
1018 2282 1111 2316 inter
1128 2283 1257 2323 leones,

273 2340 305 2366 et
325 2338 470 2365 ornatus
488 2338 538 2364 est
554 2331 632 2363 aliis
654 2331 864 2364 testimoniis
880 2332 1021 2366 divinis.
1071 2328 1160 2366 Cum
1180 2333 1256 2367 Sci-

272 2383 330 2426 pio
347 2380 591 2424 Carthaginem
609 2382 808 2425 delevisset‚
838 2383 1046 2417 instauravit
1065 2395 1138 2416 eam
1147 2383 1256 2417 Tibe-

274 2433 348 2465 rius
359 2430 554 2475 Gracchus,
571 2433 630 2465 sed
650 2432 774 2475 exiguo
792 2433 992 2478 interval-lo,
1011 2441 1041 2468 et
1056 2447 1095 2467 eo
1112 2435 1256 2468 colonos

274 2483 437 2523 deduxit,
465 2490 497 2516 et
521 2483 656 2526 legibus
680 2481 854 2517 Romanis
877 2485 1035 2528 politiam
1061 2486 1254 2526 constituit,

273 2545 346 2566 non
372 2534 508 2566 reduxit
537 2534 713 2577 principes
735 2535 903 2580 civitatis,
939 2548 1012 2569 nou
1036 2536 1187 2571 restituit
1213 2537 1255 2570 li-

273 2585 441 2618 bertatem
459 2592 492 2617 et
508 2591 640 2617 veteres
664 2585 766 2628 leges.
818 2584 865 2619 Et
888 2586 1016 2620 vicinia
1041 2587 1127 2620 laeta
1152 2587 1255 2620 adiu-

272 2635 376 2668 vabat
393 2634 695 2668 instaurationem.
748 2634 962 2682 lerosolyma
979 2650 1061 2671 vero
1082 2651 1123 2671 ex
1148 2639 1253 2681 longo

861 111 987 150 PHIL.
1015 111 1131 150 MEL.
1159 111 1366 148 SCRIPTA
1391 111 1691 149 EXEGETICA.

356 197 402 233 Et
420 199 562 244 quidem
582 199 640 231 illa
658 198 729 242 ipsa
743 198 964 232 conservatio
975 197 1082 233 huius
1098 199 1252 244 politiae,
1277 199 1282 239 l
1305 199 1585 235 adversarentur.

2218 115 2292 151 984

1643 196 1689 232 Et
1714 199 1897 233 redierunt
1927 199 2119 244 principes,
2153 200 2292 234 reddita

1278 246 1281 303 l
1307 249 1470 291 libertas,
1496 257 1530 284 et
1546 249 1677 294 patriae
1694 250 1801 293 leges:
1836 262 1900 283 nec
1926 256 2060 284 mutata
2084 257 2134 284 est
2149 263 2229 285 vera
2247 252 2290 284 de

1278 309 1281 367 ι
1307 299 1381 333 Deo
1412 301 1593 342 doctrina,
1629 312 1735 346 quam
1757 301 1900 346 quidem
1933 307 1966 334 et
1989 301 2062 344 ipse
2086 301 2198 335 victor
2218 301 2291 335 Na-

1307 351 1536 394 bogdonosor
1564 358 1597 386 et
1622 352 1696 385 eius
1728 352 1839 393 filius,
1865 363 1904 385 ac
1929 352 2058 385 deinde
2078 349 2192 397 Cyrus
2217 364 2292 385 am-

1307 402 1398 445 plexi
1416 409 1508 438 sunt.
1562 401 1614 436 Ita
1630 402 1723 437 inter
1740 403 1837 436 exilii
1854 414 2041 436 aerumnas
2057 403 2161 436 latius
2174 413 2292 447 sparsa

1307 459 1358 486 est
1380 452 1440 486 lux
1464 465 1566 486 verae
1583 454 1784 496 doctrinae,
1811 461 1845 487 et
1871 465 1957 501 gens
1985 452 2111 488 Iudaea
2134 465 2208 486 non
2232 453 2294 486 de-

1306 503 1373 536 leta
1395 511 1464 544 est,
1497 516 1699 550 quanquam
1729 517 1874 549 magnae
1905 504 2151 548 dissipationes
2183 504 2295 537 factae

1307 560 1406 592 sunt,
1436 557 1671 597 agnoscebant
1690 567 1771 599 ergo
1788 563 1821 590 et
1842 555 2143 589 conservationem
2169 555 2294 598 gentis,

1307 612 1339 638 et
1354 605 1616 647 reductionem,
1641 613 1675 639 et
1690 607 1833 640 urbium
1850 619 1889 640 ac
1907 606 2050 651 politiae
2066 605 2294 640 instauratio-

1308 667 1388 688 nem
1409 667 1481 688 esse
1498 655 1564 689 Dei
1580 669 1697 700 opera.

1407 705 1520 739 Porro
1542 714 1580 741 ut
1596 707 1843 742 imbecilliores
1863 707 2171 749 confirmarentur,
2189 707 2294 741 etiam

1308 764 1385 799 post
1408 758 1559 791 reditum
1585 759 1724 792 excitati
1750 766 1832 793 sunt
1854 757 2070 804 Prophetae,
2096 758 2294 802 HagganS‚

1307 805 1513 848 Zacharias,
1547 807 1698 848 Esdras,
1727 808 1932 844 Nehemias:
1974 808 2010 843 hi
2043 817 2167 854 regunt
2194 809 2295 854 prin-

1307 859 1424 903 cipum
1443 867 1475 893 et
1493 861 1714 894 sacerdotum
1739 861 1884 894 consilia
1897 886 1905 899 ,
1934 859 1971 894 hi
1992 862 2222 894 consolantur
2243 860 2294 893 ci-

1307 922 1384 948 ves,
1412 922 1451 943 ac
1478 922 1617 955 sperare
1642 912 1768 945 iubent
1784 912 1957 945 divinitus
1972 912 2212 945 defensionem
2236 910 2295 944 ni·

1307 961 1472 994 dulorum
1509 973 1654 995 suorum
1694 974 1782 1007 quos
1818 964 2042 1004 extruebant,
2079 969 2112 996 et
2140 962 2296 995 retinent

1307 1019 1534 1054 congregatos
1551 1020 1669 1046 coetus
1686 1025 1730 1046 ne
1747 1025 1869 1047 rursus
1879 1014 2094 1047 dilabantur.
2147 1011 2197 1046 Hi
2213 1018 2296 1046 sunt

1309 1060 1502 1095 hortatores
1525 1064 1779 1097 aedificationis
1805 1071 1837 1097 et
1867 1063 2107 1098 constituendi
2140 1075 2295 1097 oecono-

1307 1113 1412 1154 mias,
1440 1119 1473 1146 et
1490 1119 1571 1147 sunt
1588 1111 1828 1161 ἐργοδιιόκται
1846 1115 1883 1147 in
1901 1115 2142 1148 aedificatione
2160 1114 2295 1159 templi,

1307 1164 1440 1197 interea
1459 1171 1492 1197 et
1514 1165 1710 1198 doctrinam
1728 1165 1926 1206 illustrant,
1950 1173 1983 1200 et
2002 1166 2295 1200 vaticinanturde

1307 1221 1456 1248 venturo
1467 1214 1609 1248 Messia.
1664 1215 1783 1249 vicini
1801 1217 1994 1251 turbabant
2008 1228 2149 1260 operas,
2176 1224 2210 1250 et
2226 1215 2297 1248 im-

1310 1272 1427 1309 petum
1446 1266 1621 1300 faciebant
1644 1266 1681 1299 in
1707 1267 1993 1308 multitudinem,
2020 1279 2110 1312 quae
2134 1267 2295 1300 nondum

1308 1323 1403 1360 septa
1423 1324 1496 1351 erat
1514 1318 1717 1359 moenibus,
1742 1325 1775 1352 et
1791 1330 1915 1361 magna
1935 1324 2033 1352 erant
2051 1318 2190 1361 agmina
2215 1329 2296 1350 mu-

1309 1368 1455 1404 lierum,
1491 1380 1702 1410 puerorum,
1737 1381 2002 1412 puerperarum.
2058 1368 2098 1401 In
2123 1366 2177 1401 his
2202 1367 2295 1410 peri·

1308 1417 1395 1450 culis
1415 1429 1498 1449 voce
1516 1416 1770 1461 Prophetarum
1790 1417 1886 1451 Deus
1902 1419 2073 1451 auxilium
2090 1418 2172 1452 duci
2182 1417 2295 1451 Zoro-

1309 1467 1411 1501 babel
1429 1475 1461 1501 et
1476 1468 1560 1501 viris
1577 1469 1729 1502 fortibus
1747 1469 1986 1512 promittebat.

1413 1516 1600 1551 Zacharias
1623 1520 1748 1551 ducem
1784 1526 1817 1553 et
1842 1520 2057 1553 sacerdotem
2089 1519 2296 1566 alloquitur,

1309 1569 1489 1613 inquiens:
1526 1568 1607 1602 Non
1630 1570 1668 1602 in
1693 1570 1863 1609 exercitu,
1890 1582 1963 1603 non
1988 1571 2026 1603 in
2053 1571 2198 1610 robore,
2233 1570 2294 1602 sed

1310 1620 1346 1652 in
1367 1620 1493 1663 spiritu
1511 1632 1606 1661 meo,
1634 1620 1751 1665 inquit
1766 1619 1954 1655 Dominus.
2008 1619 2088 1655 Erit
2106 1621 2200 1654 Deus
2216 1632 2297 1653 mu-

1310 1682 1369 1703 rus
1395 1671 1517 1714 igneus
1548 1671 1585 1703 in
1618 1671 1767 1705 circuitu
1797 1672 1932 1715 populi.
1985 1670 2147 1715 Repellet
2177 1671 2298 1716 paucis

1309 1721 1560 1754 dimicantibus
1576 1733 1719 1765 magnos
1739 1719 1893 1755 hostium
1913 1722 2093 1756 exercitus.

1411 1771 1506 1805 Haec
1532 1770 1678 1806 historia
1698 1773 1733 1805 in
1752 1772 1939 1817 Prophetis
1965 1773 2117 1816 primum
2135 1772 2298 1807 conside-

1311 1824 1420 1857 randa
1446 1830 1551 1864 sunt,
1577 1824 1612 1856 in
1633 1824 1790 1867 partibus
1815 1821 1983 1858 historiae
2005 1832 2121 1859 tamen
2139 1821 2295 1857 Ecclesia

1310 1875 1470 1908 omnium
1495 1882 1692 1918 temporum
1720 1875 1889 1908 intuenda
1915 1882 1981 1915 est,
2009 1882 2041 1908 et
2068 1874 2296 1908 consideran·

1310 1928 1416 1969 dum,
1460 1925 1650 1968 Quomodo
1674 1926 1755 1958 inde
1777 1938 1887 1971 usque
1913 1927 1956 1958 ab
1978 1926 2101 1965 initio,
2138 1937 2208 1970 quo
2236 1937 2295 1968 ge-

1310 1989 1392 2010 nere
1409 1977 1607 2015 doctrinae,
1635 1977 1697 2010 nbi
1714 1976 1856 2010 collecta
1883 1976 1944 2016 sit,
1972 1988 2060 2021 quae
2080 1976 2212 2010 fuerint
2235 1988 2296 2021 pe-

1311 2027 1422 2060 ricula
1450 2034 1483 2060 et
1504 2039 1710 2068 aerumnae,
1739 2030 1916 2072 quomodo
1941 2027 2086 2060 liberata
2104 2033 2137 2060 et
2160 2034 2296 2061 servata

1310 2078 1371 2118 sit,
1400 2089 1488 2122 quae
1506 2089 1589 2117 vox,
1618 2090 1706 2122 quae
1724 2079 1870 2111 virtutes
1887 2090 1962 2111 eam
1979 2090 1997 2111 a
2020 2078 2164 2112 caeteris
2181 2078 2296 2121 genti-

1312 2130 1375 2162 bus
1393 2130 1611 2169 discernant,
1639 2140 1725 2174 quas
1743 2130 1788 2161 ob
1805 2140 1923 2161 causas
1941 2129 2036 2162 cruci
2058 2129 2213 2163 subiecta
2237 2130 2296 2173 sit,

1313 2187 1345 2213 et
1362 2180 1440 2225 quis
1457 2180 1500 2212 sit
1515 2185 1633 2220 autor,
1660 2179 1739 2224 quis
1762 2179 1842 2212 finis
1859 2180 2124 2216 liberationum.

1412 2230 1505 2264 Huic
1522 2242 1623 2263 verae
1638 2229 1816 2264 Ecclesiae
1835 2243 1899 2264 nos
1916 2231 2159 2274 adiungamus,
2181 2231 2295 2265 disca-

1310 2294 1388 2315 mus
1408 2282 1482 2315 eius
1492 2281 1709 2322 doctrinam,
1742 2279 1911 2325 Exempla
1929 2282 2131 2316 intueamur
2153 2288 2185 2316 et
2204 2294 2293 2327 quae

1309 2333 1470 2366 timorem
1495 2332 1662 2372 excitant,
1698 2339 1730 2366 et
1753 2344 1842 2377 quae
1865 2333 1968 2366 fidem
1991 2339 2025 2367 et
2048 2345 2143 2377 spem
2166 2332 2294 2366 confir-

1310 2391 1417 2419 mant.
1471 2382 1521 2416 lta
1543 2384 1585 2416 ad
1611 2394 1675 2416 nos
1699 2390 1731 2417 et
1754 2384 1797 2416 ad
1815 2384 1927 2417 nostri
1947 2384 2114 2428 temporis
2132 2383 2294 2416 certami-

1309 2446 1354 2468 na
1391 2440 1542 2468 veterem
1578 2433 1770 2467 Ecclesiam
1816 2435 2056 2478 conferamus,
2104 2441 2138 2467 et
2170 2446 2291 2467 vocem

1281 2509 1283 2527 ,
1309 2483 1564 2529 Prophetarum
1582 2485 1776 2518 audiamus.
1810 2484 1975 2518 Vidimus
1991 2491 2071 2518 ante
2085 2484 2293 2518 sexennium

1307 2537 1398 2570 bella
1415 2543 1508 2569 mota
1526 2547 1597 2569 esse
1620 2537 1663 2569 ad
1684 2536 1849 2568 delendas
1874 2533 1936 2569 has
1953 2533 2144 2574 Ecclesias,
2172 2542 2293 2580 postea

1308 2594 1340 2621 et
1373 2587 1588 2630 corruptelas
1619 2587 1800 2620 doctrinae
1827 2586 1962 2620 fucosas
1986 2587 2181 2629 propositas
2207 2597 2290 2630 esse,

1307 2638 1409 2671 multi
1437 2637 1568 2671 turbati
1591 2644 1624 2672 et
1647 2637 1803 2671 distracti
1829 2643 1923 2670 sunt.
1975 2635 2024 2670 At
2041 2637 2214 2672 eluctatur
2237 2644 2290 2671 ta-

274 2685 462 2720 intervallo
486 2696 606 2718 rursus
631 2685 769 2721 condita
785 2694 853 2732 est,
883 2700 960 2722 cum
978 2689 1121 2734 quidem
1145 2689 1254 2723 vicini
1277 2677 1282 2725 l
1307 2701 1388 2722 men
1409 2689 1580 2722 divinitus
1597 2687 1764 2722 Ecclesia.
