2379 2948
196 117 265 153 759

245 201 433 235 Cavillatio
452 203 575 235 usitata
592 208 655 234 cst:

347 252 525 296 Quicquid
542 251 675 291 emisti,
705 252 900 293 comedisti,

347 303 482 336 Crudas
501 314 621 335 carnes
638 302 763 342 emisti,

346 351 439 395 Ergo
456 354 581 386 crudas
596 353 789 386 comedisti.

296 403 392 446 Nego
416 404 721 448 consequentiam,
749 404 834 449 quia
857 411 905 437 est
930 405 1065 438 fallacia
1085 404 1176 437 acci-

196 455 327 493 dentis,
362 454 476 487 maior
499 455 656 500 loquitur
680 456 723 488 de
750 455 966 496 substantia,
1000 455 1178 488 conclusio

196 506 237 538 de
256 505 434 548 qualitate.

194 608 225 640 Α
246 606 345 641 dicto
366 605 573 641 secundum
597 606 686 652 quid
708 606 760 641 ad
783 607 925 641 dictum
946 607 1179 651 simpliciter.

296 675 406 719 Saepe
431 673 644 720 hyperbolae
667 676 800 709 faciunt
822 688 994 716 errorem,
1022 688 1100 709 cum
1124 683 1179 710 to-

195 732 269 758 tum
298 726 581 770 complectimur,
609 727 669 760 ubi
695 728 738 759 de
764 733 860 770 parte
885 733 1021 759 tantum
1041 727 1181 767 dicitur,

195 783 254 809 aut
270 776 333 809 ubi
349 776 488 819 signum
507 777 543 809 in
560 789 632 809 rem
651 777 761 821 ipsam
779 778 1059 812 transformatur.
1102 776 1180 812 Etsi

196 833 312 860 autem
341 834 432 860 recte
458 828 647 861 traduntur
671 829 827 872 exempla
854 828 1005 872 puerilia
1031 828 1068 861 in
1093 827 1180 862 Dia-

196 877 335 917 lectica,
372 884 489 910 tamen
522 878 552 910 si
579 876 765 912 hominum
792 879 863 912 vita
889 879 1181 920 considerabitur,

195 928 304 969 magis
335 928 491 972 conspici
521 929 670 973 poterit,
713 941 818 974 quam
850 930 920 964 late
952 937 1066 974 pateat
1096 928 1181 964 haec

194 978 341 1013 fallacia.

604 1071 777 1111 Exempla.

346 1132 524 1165 Iniusticia
543 1140 592 1166 est
610 1134 786 1173 damnata,

347 1182 389 1214 ln
408 1183 566 1226 imperiis
584 1184 693 1217 multa
713 1185 841 1218 iniusta
860 1185 964 1224 fiunt,

345 1231 440 1276 Ergo
459 1234 606 1278 imperia
624 1243 705 1269 sunt
720 1236 933 1270 damnanda.

297 1282 356 1316 Sic
389 1292 681 1327 argumentantur
708 1285 980 1331 Anabaptistae,
1016 1295 1049 1321 et
1079 1289 1182 1321 multi

196 1334 243 1367 sic
259 1335 423 1376 cogitant.
476 1334 543 1368 Sed
561 1337 719 1378 neganda
737 1344 787 1370 est
804 1338 1052 1382 consequentia
1064 1365 1073 1378 ‚
1100 1339 1182 1383 quia

196 1391 246 1417 est
265 1385 403 1418 fallacia
421 1397 438 1417 a
456 1385 549 1419 dicto
567 1387 761 1419 secundum
780 1387 865 1430 quid
883 1390 925 1419 ad
947 1388 1078 1420 dictum
1096 1389 1181 1420 sim—

197 1435 344 1478 pliciter.
398 1433 478 1469 Etsi
502 1437 595 1468 enim
622 1436 732 1469 multa
757 1437 887 1470 iniusta
907 1438 994 1471 fiunt
1016 1438 1051 1469 in
1072 1438 1179 1479 impe-

196 1486 276 1525 riis,
310 1493 428 1519 tamen
461 1487 655 1530 principale
686 1487 723 1519 in
756 1487 915 1530 imperiis
937 1494 987 1520 est
1012 1488 1180 1533 quiddam

197 1536 399 1569 ordinatum
438 1549 455 1569 a
488 1536 582 1577 Deo,
632 1545 664 1571 et
697 1538 847 1578 iustum,
894 1538 1057 1572 videlicet
1093 1541 1181 1573 ordo

194 1587 377 1630 politicus,
418 1588 509 1630 leges
540 1588 744 1631 disciplina,
786 1595 1003 1628 contractus,
1040 1590 1182 1629 iudicia,

194 1649 341 1680 poenae.
394 1637 477 1670 Ideo
503 1645 618 1671 autem
644 1640 894 1682 consequentia
911 1639 1101 1673 reiicienda
1122 1648 1171 1674 est

195 1688 276 1732 quia
293 1689 372 1732 plus
390 1695 440 1721 est
455 1688 491 1720 in
509 1689 752 1729 conclusione,
782 1701 886 1733 quam
905 1690 941 1721 in
959 1691 1169 1733 praemissis.

1174 1667 1183 1681 5

296 1745 450 1780 Puerilia
474 1747 628 1791 exempla
653 1745 739 1780 haec
755 1753 856 1785 sunt,
886 1759 964 1780 cum
984 1759 1002 1780 a
1021 1749 1181 1791 particu-

195 1797 259 1830 lari
278 1798 320 1830 ad
338 1798 537 1831 universale
554 1804 858 1839 argumentamur:

345 1847 481 1881 Vinum
501 1855 551 1881 est
567 1849 782 1882 febricitanti
801 1849 945 1889 malum,

346 1897 441 1942 Ergo
460 1906 509 1932 est
525 1911 667 1942 prorsus
687 1900 832 1932 malum.

246 1958 318 1991 Aut
336 1969 353 1990 a
369 1964 467 2001 parte
485 1959 530 1991 ad
548 1965 659 1991 totum
672 1983 680 1996 ‚
709 1964 763 1991 ut:

346 2006 519 2051 Aethiops
535 2016 586 2042 est
603 2010 703 2042 albus
719 2008 896 2048 dentibus,

348 2058 462 2102 Igitur
478 2057 648 2103 Aethiops
667 2066 716 2093 est
736 2059 846 2093 albus.

293 2117 460 2160 Neganda
487 2125 537 2150 est
561 2117 831 2162 consequentia,
857 2118 939 2161 quia
965 2118 1078 2160 posito
1105 2131 1178 2152 uno

194 2169 397 2212 particulari
416 2175 475 2202 aut
493 2169 651 2209 duobus,
679 2180 752 2202 non
771 2174 954 2211 propterea
973 2180 1111 2202 necesse
1129 2178 1178 2204 est

193 2219 278 2264 poni
294 2219 538 2253 universalem.

345 2269 446 2304 Unus
471 2269 665 2303 Thebanus
690 2276 749 2302 aut
774 2271 845 2303 duo
871 2270 1015 2303 suerunt
1038 2271 1177 2313 sapien-

393 2328 442 2355 tes
466 2329 500 2355 et
518 2321 619 2360 iusti,
646 2327 685 2353 ut
703 2318 890 2365 Pelopidas
907 2327 940 2354 et
954 2316 1175 2364 Epaminon-

396 2373 468 2412 das,

343 2421 437 2467 Ergo
452 2434 572 2457 omnes
582 2420 748 2456 Thebani
761 2429 843 2456 sunt
853 2423 1028 2466 sapientes
1039 2429 1072 2456 et
1083 2423 1175 2457 iusti.

294 2482 344 2515 lta
369 2484 397 2515 si
421 2483 458 2515 in
481 2482 602 2526 exigua
630 2483 747 2527 aliqua
769 2488 865 2525 parte
884 2482 1000 2525 magni
1018 2483 1175 2526 corporis

193 2541 282 2567 certa
307 2533 455 2577 qualitas
474 2539 541 2573 est,
567 2545 640 2566 non
658 2545 798 2567 necesse
814 2540 864 2567 est
879 2533 917 2565 in
937 2539 1010 2566 toto
1028 2545 1175 2576 corpore

192 2585 337 2617 eandem
364 2594 452 2622 esse,
487 2596 550 2617 nec
573 2585 618 2617 ab
641 2584 762 2628 exigua
789 2591 819 2618 et
844 2584 962 2617 minus
987 2584 1174 2628 principali

191 2642 288 2679 parte
309 2634 347 2667 fit
371 2634 629 2675 denominatio,
657 2643 714 2674 ut,
745 2648 817 2668 non
842 2635 920 2668 ideo
945 2635 1076 2669 dicitur
1097 2635 1174 2668 An-

190 2686 309 2719 tonius
331 2691 547 2728 temperans,
576 2686 712 2719 etiamsi
738 2687 775 2719 in
800 2686 921 2720 castris
958 2686 1064 2719 semel
1086 2698 1175 2731 aque

428 115 635 152 SCRIPTA
665 115 739 149 PH.
766 114 880 151 MEL.
910 113 979 150 AD
1006 115 1132 151 HIST.
1161 111 1304 150 PROF.
1331 112 1396 148 ET
1424 111 1614 148 PHILOS.
1643 112 1964 151 SPECTANTIA.

1207 1380 1209 1385 ¹
1234 1365 1408 1398 existimat
1438 1379 1472 1399 se
1504 1368 1671 1398 victorem
1705 1368 1792 1398 fore.

2137 114 2212 149 740

1229 199 1357 233 iterum
1381 200 1509 232 famem
1528 198 1702 234 toleravit.
1755 197 1811 231 Ad
1827 196 1913 231 haec
1932 200 2076 242 puerilia
2096 212 2213 233 exem-

1231 250 1285 293 pla
1316 251 1544 283 conferantur
1569 256 1773 293 argumenta
1797 250 1840 282 de
1866 251 1971 282 rebus
1993 251 2213 292 gravioribus

1230 300 1267 333 in
1291 298 1381 334 hanc
1404 300 1579 334 fallaciam
1603 300 1841 341 incurrentia,
1866 307 1906 334 ut
1929 300 2078 343 intelligi
2094 302 2214 345 possit,

1231 363 1338 395 quare
1360 351 1609 397 consequentia
1628 352 1819 384 reiicienda
1839 351 1893 384 sit.
1945 350 2033 383 Nam
2051 351 2094 384 de
2109 353 2214 385 rebus

1230 402 1445 445 gravissimis
1463 403 1595 437 multae
1611 403 1696 436 tales
1712 401 1928 448 hyperbolae
1946 408 2175 445 sparguntur:

1384 453 1492 486 Nulla
1514 454 1601 486 fides
1623 454 1804 498 pietasque
1820 452 1927 492 viris,
1956 453 2016 497 qui
2036 459 2145 486 castra
2163 464 2215 485 se-

1437 511 1607 549 quuntur,

1384 551 1478 597 Ergo
1496 566 1618 588 omnes
1636 555 1764 588 milites
1779 562 1859 588 sunt
1878 554 1989 597 impii.

1335 604 1490 638 Fallacia
1508 612 1559 638 est
1577 617 1595 638 a
1613 606 1706 638 dicto
1725 607 1917 639 secundum
1932 606 2014 650 quid
2029 606 2070 637 ad
2085 605 2216 638 dictum

1230 653 1449 697 simpliciter.
1503 654 1578 688 Imo
1604 656 1713 700 aliqui
1740 662 1822 689 sunt
1839 657 1907 700 pii,
1937 654 2119 695 Ionathas,
2145 654 2218 688 Da-

1231 704 1311 745 vid,
1340 704 1590 747 Maccabeaus,
1618 705 1890 747 Constantinus,
1916 706 2152 741 Theodosius.

1653 799 1801 832 Aliud.

1388 857 1552 891 Ieremias
1574 858 1706 903 inquit:
1736 858 1816 892 Scio
1834 857 2006 900 Domine,
2034 862 2126 904 quod
2145 872 2218 894 non

1441 916 1492 943 est
1506 907 1662 942 hominis
1682 910 1734 941 via
1751 910 1836 950 eius,

1387 958 1481 1003 Ergo
1506 972 1649 1003 prorsus
1671 961 1769 993 nulla
1788 968 1836 993 est
1856 961 2220 1002 libertasovoluntatis,

1442 1011 1562 1044 nullus
1595 1012 1767 1052 delectus,
1802 1012 1900 1044 nulla
1925 1012 2130 1045 deliberatio
2155 1009 2220 1045 ho—

1439 1062 1556 1094 minis.

1334 1110 1431 1155 Nego
1458 1113 1770 1157 consequentiam,
1798 1114 1878 1158 quia
1901 1113 2035 1146 dictum
2050 1113 2220 1147 Ieremiae

1234 1161 1505 1203 intelligendum
1530 1170 1579 1197 est
1604 1164 1795 1204 exclusive,
1823 1164 1879 1197 via
1905 1161 2077 1205 hominis,
2104 1164 2141 1197 id
2161 1171 2221 1204 est,

1235 1213 1372 1246 vocatio
1402 1226 1474 1247 non
1502 1215 1635 1258 regitur
1661 1214 1770 1247 solius
1794 1212 1950 1248 bominis
1976 1215 2136 1248 consiliis
2161 1221 2221 1248 aut

1235 1263 1388 1305 viribus,
1423 1278 1486 1299 nec
1518 1273 1568 1300 est
1601 1265 1683 1298 felix
1714 1266 1790 1298 sine
1821 1264 1909 1300 Deo.
1978 1264 2220 1299 Sennacherib

1234 1321 1345 1354 errat,
1380 1328 1457 1349 curn
1489 1324 1626 1350 tantum
1658 1314 1824 1349 humanis
1849 1316 2006 1349 consiliis
2030 1322 2064 1348 et
2085 1316 2220 1349 viribus

1869 1365 2079 1409 Principalis
2114 1366 2220 1409 igitur

1235 1425 1336 1446 causa
1362 1415 1519 1449 felicium
1543 1416 1774 1449 consiliorum
1793 1422 1824 1449 et
1841 1422 2030 1449 eventuum
2047 1414 2143 1449 Deus
2159 1424 2219 1452 est.

1236 1463 1371 1497 Interea
1395 1466 1522 1510 aliquis
1547 1467 1644 1499 locus
1662 1473 1712 1499 est
1729 1466 1883 1499 libertati
1899 1466 2110 1507 voluntatis,
2137 1467 2219 1499 dili-

1233 1515 1386 1558 gentiae,
1413 1517 1673 1550 deliberationi.
1729 1516 1827 1550 Sicut
1844 1517 1963 1549 laudat
1980 1514 2142 1550 Christus
2159 1529 2219 1550 ne—

1233 1566 1450 1608 gociantem,
1486 1574 1518 1600 et
1550 1568 1614 1600 ait:
1652 1566 1807 1600 Habenti
1837 1567 1988 1600 dabitur.
2059 1565 2105 1600 Et
2129 1575 2220 1601 recte

1233 1616 1319 1648 dicit
1339 1614 1628 1662 Chrysostomus:
1662 1617 1758 1651 Deus
1788 1615 1915 1657 trahit,
1949 1618 2008 1650 sed
2043 1618 2219 1652 volentem

1234 1664 1353 1699 trahit.
1412 1668 1497 1701 vult
1513 1667 1609 1701 Deus
1632 1670 1675 1701 ad
1702 1680 1799 1702 suam
1819 1669 2039 1701 vocationem
2057 1670 2220 1702 accedere

1234 1724 1389 1750 nostram
1415 1719 1646 1762 diligentiam.
1701 1717 1753 1752 Ac
1777 1718 1878 1752 Plato
1903 1717 2122 1764 hyperbolen
2149 1720 2220 1753 ele-

1233 1774 1356 1810 ganter
1378 1770 1513 1812 mitigat
1538 1770 1574 1802 in
1596 1770 1686 1803 libro
1706 1776 1831 1815 quarto
1850 1770 1893 1802 de
1912 1770 2058 1813 legibus,
2111 1769 2220 1804 Reste

1233 1818 1375 1862 quidem
1400 1821 1548 1861 dicitur,
1576 1820 1711 1861 Deum,
1740 1828 1772 1854 et
1794 1833 1872 1854 cum
1890 1820 1964 1853 Deo
1987 1821 2218 1864 occasionem,

1233 1871 1351 1902 omnia
1375 1883 1511 1914 regere,
1539 1873 1598 1904 sed
1625 1879 1741 1905 tamen
1760 1871 1932 1915 placidius
1949 1878 1997 1904 est
2016 1872 2217 1910 concedere,

1234 1928 1264 1953 et
1281 1928 1390 1954 artem
1409 1931 1571 1966 oportere
1587 1924 1767 1962 accedere,
1794 1930 1831 1955 ut
1848 1922 1883 1954 in
1902 1922 2134 1965 navigatione.

1337 1971 1539 2018 Hyperbole
1555 1981 1604 2007 est
1624 1974 1659 2006 in
1679 1972 1744 2006 hoc
1762 1985 1880 2005 versu:
1912 1972 2027 2005 Vitam
2048 1973 2133 2015 regit
2145 1974 2219 2007 for-

1233 2030 1337 2064 tuna,
1365 2036 1438 2058 non
1462 2025 1645 2068 sapientia.
1701 2023 1775 2056 Imo
1799 2023 1907 2056 multa
1929 2023 2016 2067 regit
2036 2024 2219 2068 sapientia,

1232 2075 1367 2108 etiarnsi
1394 2076 1572 2109 interdum
1598 2087 1669 2108 non
1693 2075 1909 2118 respondent
1933 2074 2037 2108 bonis
2062 2076 2218 2109 consiliis

1232 2133 1396 2167 eventus,
1446 2134 1588 2171 propter
1621 2126 1755 2171 aliquas
1791 2133 1949 2159 externas
1979 2132 2039 2159 aut
2074 2137 2217 2160 arcanas

1232 2188 1362 2210 causas.

1543 2268 1675 2303 Aliud
1703 2267 1903 2312 Epicuri.

1385 2330 1490 2364 Nulla
1510 2330 1711 2363 inordinata
1731 2337 1811 2363 sunt
1831 2342 1848 2363 a
1866 2330 1953 2370 Deo,

1385 2381 1425 2414 ln
1451 2388 1574 2414 natura
1598 2387 1630 2415 et
1654 2392 1780 2423 genere
1807 2379 1963 2415 humano
1987 2381 2087 2414 valde
2103 2380 2214 2414 multa

1438 2438 1519 2465 sunt
1536 2431 1750 2471 inordinata,

1382 2482 1476 2526 Ergo
1504 2490 1628 2516 natura
1654 2489 1685 2516 et
1703 2494 1811 2526 genus
1831 2480 2025 2516 humanum
2043 2493 2116 2514 non
2133 2488 2214 2515 sunt

1436 2547 1453 2566 a
1473 2532 1562 2569 Deo.

1331 2584 1427 2629 Nego
1443 2585 1743 2630 consequentiam,
1771 2584 1852 2628 quia
1866 2582 2003 2615 fallacia
2020 2589 2069 2615 est
2084 2594 2101 2615 a
2119 2583 2212 2616 dicto

1227 2637 1419 2670 secundum
1438 2636 1523 2681 quid
1542 2637 1585 2669 ad
1604 2637 1736 2670 dictum
1755 2633 1971 2677 simpliciter.
2024 2630 2102 2666 Etsi
2118 2634 2211 2666 enim

1227 2687 1337 2722 multa
1374 2694 1457 2721 sunt
1494 2687 1716 2727 inordinata,
1757 2691 1870 2718 tamen
1908 2684 2093 2729 praecipua
2132 2691 2213 2718 sunt
