2379 2948
182 105 254 138 663

532 185 640 225 Loci
671 194 822 223 rerum.

450 288 517 326 Qui
543 290 631 320 sunt
659 295 788 320 rerum
815 283 911 319 loci?

292 355 337 390 [t
367 356 403 388 iu
438 351 606 388 methodo
633 353 849 397 simplicium
871 365 997 386 vocum
1021 353 1174 386 diximus

188 407 450 449 definitionem,
486 405 613 438 deinde
640 405 771 449 species
796 416 855 437 seu
880 411 1015 447 partes,
1057 411 1173 447 postea

188 468 343 497 caussas,
372 457 531 497 effectus,
559 462 716 499 cognata,
744 455 948 499 pugnantia,
975 456 1172 499 quaerenda

188 520 274 541 esse:
304 509 350 541 ita
379 508 634 551 propemodum
659 507 816 539 locorum
841 506 946 538 series
966 505 1176 545 instituitur,

187 560 229 592 de
262 559 467 604 quaestione
500 558 706 595 coniuncta,
752 568 810 589 seu
845 557 887 588 de
921 556 1174 600 propositione.

186 609 334 643 Necesse
357 616 406 642 est
426 609 520 641 enim
540 609 682 641 affinem
702 619 772 640 esse
789 607 1007 647 doctrinam,
1035 607 1117 651 quia
1135 619 1174 639 ex

187 660 411 694 enarratione
444 659 658 704 simplicium
691 658 843 691 sumitur
874 657 1093 691 confirmatio
1117 663 1176 690 aut

187 712 350 746 refutatio
371 711 653 744 coniunctorum.

467 806 565 838 Sunt
592 805 708 849 iyiiur
734 801 775 836 Ῐιί
802 803 892 837 Ioci:

219 880 233 911 1
291 878 460 912 Definitio
481 885 511 912 et
529 878 655 912 defini·
712 876 757 912 15
814 875 870 911 Ab
888 876 1111 920 impossibili.

345 937 431 963 tum.
712 930 756 963 16
811 928 1000 962 Adiuncta.

215 980 239 1012 2
295 978 428 1015 Genus,
713 979 759 1013 17
813 978 990 1018 Connexa,
1014 977 1174 1012 Circum-

215 1030 237 1063 3
293 1030 425 1074 Spcies.
904 1030 1061 1064 stantiae.

214 1080 236 1114 4
291 1081 522 1122 Differentia‚
568 1081 656 1114 Pro-
713 1080 757 1113 18
809 1078 1056 1113 Communiter
1084 1081 1175 1114 acci-

392 1133 523 1176 prium.
912 1130 1041 1164 dentia.

215 1182 237 1217 5
291 1181 514 1229 Etymologia
526 1208 534 1222 ,
581 1181 655 1216 No-
711 1179 756 1213 19
809 1178 959 1215 Similia.

393 1246 487 1267 men.
707 1231 757 1265 20
810 1230 925 1265 Paria.

213 1287 236 1320 6
289 1284 484 1328 Coniugata
500 1312 508 1324 ‚
534 1283 655 1320 Casus,
707 1282 754 1315 21
809 1280 863 1314 EX
879 1282 1024 1317 maiore.

214 1337 237 1369 7
292 1336 425 1370 Totum
437 1362 444 1376 ,
474 1335 608 1371 Partes.
708 1332 758 1368 ΕΞ
811 1331 865 1366 Ex
882 1333 1030 1366 minore.

214 1389 235 1421 8
290 1386 441 1421 Divisio.
709 1383 758 1416 23
808 1383 841 1415 A
858 1383 1099 1427 proportione.

214 1440 237 1473 9
292 1436 436 1471 Causae.
708 1433 756 1467 24
809 1433 1020 1475 Pugnantia.

191 1490 236 1524 10
291 1488 457 1523 Effectus.
708 1484 758 1519 25
811 1482 1009 1528 Disparata.

192 1542 233 1575 11
291 1538 556 1573 Antecedentia.
708 1535 767 1570 26.
819 1534 937 1578 Signa.

191 1593 236 1627 12
290 1589 562 1634 Consequentia.
707 1585 756 1619 27
807 1584 988 1629 Exempla.

191 1643 235 1677 13
291 1640 347 1675 Ab
369 1641 530 1674 absurdo.
707 1637 755 1672 28
810 1636 1010 1676 Antoritas,
1055 1633 1173 1668 Testi-

189 1693 235 1727 14
290 1691 320 1726 Α
337 1690 541 1725 necessario.
915 1686 1046 1720 monia.

573 1805 784 1847 Definitio.

287 1891 428 1925 Primus
453 1891 549 1923 locus
573 1897 623 1924 est
641 1888 818 1928 definitio,
846 1887 928 1933 quia
945 1887 1037 1920 utin
1058 1888 1173 1932 quali-

187 1946 244 1977 bet
278 1942 509 1987 explicatione
540 1948 620 1975 ante
654 1940 773 1973 omnia
805 1939 1039 1972 necessarium
1072 1950 1173 1972 nosse

187 1995 410 2029 definitiones
435 2003 550 2032 veras,
576 1999 607 2025 et
631 2003 702 2024 non
727 1990 928 2033 ambiguas,
956 1989 1003 2022 ita
1026 1989 1174 2033 plerun-

187 2059 253 2092 que
272 2058 309 2079 ex
328 2043 393 2077 hoc
412 2044 488 2077 loco
506 2043 619 2086 prima
638 2047 842 2085 argumenta
860 2041 1056 2081 ducuntur,
1085 2052 1173 2086 quae

186 2107 217 2132 et
237 2096 434 2130 firmissima
452 2101 547 2128 sunt.
599 2092 696 2136 Quid
713 2099 830 2126 autem
848 2091 892 2124 sit
911 2091 1088 2133 definitio,
1114 2103 1172 2125 su-

187 2162 246 2193 pra
268 2149 399 2181 dictum
418 2153 477 2180 est.

338 2244 506 2285 Suntque
529 2238 601 2273 hae
623 2237 771 2284 reyulae
795 2234 907 2270 huius
929 2236 1019 2269 loci:

286 2318 418 2355 Prima,
446 2315 486 2349 In
502 2314 660 2360 qualibet
674 2312 916 2358 propositione
932 2311 1171 2345 confirmanda

186 2376 244 2403 aut
268 2369 467 2406 refutanda,
503 2367 656 2411 primum
681 2363 905 2398 definitiones
929 2362 1169 2395 membrorum

187 2426 418 2465 quaerantur,
446 2419 559 2457 unde,
587 2417 615 2449 si
638 2416 705 2450 erit
728 2426 834 2460 opus,
862 2420 1046 2448 sumantur
1067 2424 1170 2456 argu-

184 2479 312 2504 menta.

287 2519 464 2555 Secunda,
492 2517 556 2552 Cui
576 2518 740 2551 convenit
758 2517 928 2556 definitio,
953 2514 1065 2549 eidem
1084 2527 1168 2547 con-

184 2572 281 2605 venit
299 2569 498 2607 definitum,
527 2576 557 2602 et
577 2575 728 2604 econtra.
783 2566 827 2602 Et
847 2568 903 2601 cni
922 2567 1091 2600 adimitur
1108 2567 1167 2599 de-

186 2624 316 2659 finitio,
345 2620 457 2652 eidem
481 2626 511 2651 et
540 2620 722 2653 definitum
747 2619 927 2653 adimitur.
982 2617 1033 2651 Ita
1055 2617 1166 2661 gignit

185 2672 249 2707 boc
263 2675 358 2706 locus
376 2669 583 2703 affirmativa
602 2676 634 2703 et
655 2671 812 2714 negativa
831 2675 1050 2716 argumenta.

451 98 659 136 SCRIPTA
688 97 762 133 PII.
786 93 902 132 MEL.
929 95 997 133 AD
1023 97 1150 134 HlST.
1177 95 1321 135 PROF.
1347 95 1413 132 ET
1441 94 1632 132 PHILOS.
1655 95 1976 135 SPECTANTIA.

2131 97 2206 134 664

1326 182 1469 222 Tertia,
1502 181 1735 216 Definitiones
1758 194 1832 216 non
1855 183 1925 216 sint
1940 184 2209 230 'qualescunque

1227 234 1417 278 imagines,
1443 241 1483 268 ut
1507 233 1535 267 si
1558 234 1690 267 dicam:
1718 232 1910 279 Tyrannus
1931 240 1982 267 est
2002 234 2122 278 lupus,
2149 236 2209 269 sed

1226 285 1297 319 sint
1318 285 1499 330 propriae,
1535 291 1668 318 sumtae
1695 296 1734 317 ex
1756 284 1935 324 fontibus,
1959 290 2000 317 ut
2023 296 2129 328 supra
2154 286 2209 319 di—

1227 342 1319 369 ctum
1336 343 1404 375 est,
1428 336 1463 369 id
1481 342 1549 376 est,
1575 347 1614 368 ex
1629 347 1753 378 genere
1770 342 1803 369 et
1817 334 2028 375 differentia,
2055 342 2115 369 aut
2129 347 2210 370 cau-

1227 386 1294 427 sis,
1327 393 1386 421 aut
1411 387 1587 430 partibus,
1613 393 1675 420 aut
1698 385 1895 426 effectibus,
1921 390 1981 418 aut
2003 387 2211 420 coacervatis

1226 438 1485 478 accidentibus,
1518 437 1733 483 quaelsimul
1754 437 1918 477 collecta,
1953 447 2059 468 unam
2084 442 2211 469 certam

1227 500 1300 521 rem
1331 489 1532 523 ostendunt.
1600 487 1648 522 Et
1679 494 1861 521 serventur
1893 493 1962 520 tres
1993 486 2214 520 conditiones

1227 539 1341 572 bonae
1363 539 1597 580 definitionis,
1624 538 1807 579 videlicet,
1834 550 1878 570 ne
1901 536 2061 570 definitio
2084 538 2128 571 sit
2149 548 2213 570 an-

1228 589 1362 632 gustior
1386 601 1490 634 quam
1515 589 1718 622 definitumt
1747 601 1810 622 nec
1834 588 1939 622 latius
1962 594 2125 630 vagetur,
2151 588 2213 621 de·-

1228 640 1335 685 nique
1358 646 1397 672 ut
1419 640 1572 684 propriis
1597 646 1629 673 et
1651 640 1931 683 significantibus
1954 639 2070 673 verbis
2086 637 2213 672 defini-

1228 697 1303 724 tuin
1320 690 1483 724 illustret.

1601 793 1842 834 Exemplum.

1330 865 1369 901 Si
1392 866 1607 910 disputetur,
1635 878 1680 899 an
1703 865 1814 908 gloria
1837 865 1881 900 sit
1898 867 2112 910 appetenda,
2140 868 2215 912 pri-

1229 929 1324 950 mum
1350 917 1592 960 investiganda
1617 923 1667 950 est
1692 916 1868 955 definitio,
1894 928 1982 961 quae
2004 929 2058 951 res
2080 931 2161 952 vere
2181 926 2215 954 et

1229 968 1370 1012 proprie
1393 968 1439 1002 sit
1462 968 1585 1010 gloria.
1644 965 1692 1000 Et
1718 974 1832 1000 autem
1857 968 1968 1010 gloria
1994 968 2137 1013 proprie
2160 970 2216 1003 lo-

1231 1020 1392 1063 quendo,
1439 1019 1648 1063 approbatio
1680 1024 1819 1051 nostrae
1852 1018 2086 1052 conscientiae
2122 1026 2215 1054 recte

1228 1069 1438 1109 iudicantis,
1471 1076 1503 1102 et
1533 1069 1686 1102 aliorum
1720 1075 1811 1102 recte
1843 1068 2091 1104 iudicantium.
2159 1069 2215 1104 Ex

1228 1117 1293 1153 hac
1318 1119 1523 1153 definitione
1548 1121 1779 1163 procedamus
1801 1119 1844 1152 ad
1862 1119 2122 1164 quaestionem,
2147 1118 2216 1155 hoc

1228 1171 1333 1204 modo
1354 1171 1577 1204 affirmative:

1381 1219 1603 1265 Approbatio
1637 1220 1872 1254 conscientiae
1900 1227 1994 1255 recte
2025 1220 2216 1256 iudicantis

1434 1279 1467 1306 et
1496 1272 1647 1305 aliorum
1678 1279 1769 1305 recte
1798 1271 2052 1316 iudicantium,
2085 1279 2137 1307 est
2161 1285 2216 1307 res

1432 1324 1545 1362 bona,
1592 1323 1786 1356 necessaria
1819 1329 1851 1356 et
1878 1324 2091 1366 appetenda,
2132 1323 2215 1369 quia

1431 1380 1482 1406 est
1511 1385 1632 1406 verum
1663 1374 1707 1406 de
1736 1372 1866 1406 virtute
1896 1372 2088 1414 iudicium,
2119 1375 2215 1418 quod

1430 1435 1503 1456 non
1527 1430 1642 1467 potest
1666 1423 1800 1467 appeti,
1827 1422 1897 1456 nisi
1922 1423 2027 1457 simul
2045 1423 2214 1459 virtutem

1434 1485 1559 1517 magna
1578 1486 1658 1507 cura
1678 1481 1854 1513 tueamur,

1384 1523 1509 1557 Gloria
1540 1525 1681 1568 proprie
1715 1530 1765 1557 est
1790 1523 1871 1557 talis
1897 1524 2107 1567 approbatio
2130 1536 2216 1558 con-

1432 1575 1598 1608 scientiae
1621 1581 1713 1608 recte
1733 1574 1925 1608 iudicantis
1941 1581 1974 1608 et
1991 1574 2143 1610 aliorum
2158 1588 2215 1610 re-

1431 1632 1483 1658 cte
1501 1625 1748 1665 iudicantium,

1379 1673 1476 1720 Ergo
1493 1676 1603 1720 gloria
1621 1683 1671 1710 est
1689 1677 1898 1720 appetenda.

1329 1733 1387 1768 Sic
1425 1735 1467 1768 de
1505 1735 1616 1778 gloria
1650 1736 1845 1779 appetenda
1876 1735 2036 1780 loquitur
2066 1734 2213 1769 Paulus:

1227 1783 1340 1818 Suum
1370 1797 1458 1830 opus
1490 1786 1689 1819 consideret
1720 1793 1753 1820 et
1783 1786 1939 1830 exploret
1961 1786 2215 1832 unusquisque,

1227 1842 1267 1869 ut
1290 1836 1327 1869 in
1350 1837 1464 1880 seipso
1488 1837 1637 1880 gloriam
1660 1835 1804 1878 habeat,
1831 1849 1905 1870 non
1926 1843 2120 1880 aucupetur
2136 1837 2214 1880 glo—

1227 1886 1316 1919 riam
1341 1888 1597 1921 obtrectatione
1621 1887 1770 1920 aliorum
1783 1913 1791 1929 ,
1818 1899 1882 1921 nee
1900 1889 2050 1932 pendeat
2068 1899 2108 1920 ex
2124 1887 2213 1921 stul-

1227 1944 1281 1971 tae
1301 1938 1541 1971 multitudinis
1559 1938 1739 1982 applausu

1329 1996 1496 2040 Negative
1519 1997 1582 2030 sic:

1383 2046 1602 2092 Approbatio
1623 2047 1753 2080 levium
1771 2044 1958 2080 hominum
1977 2054 2009 2082 et
2027 2059 2101 2080 non
2118 2054 2213 2082 recte

1431 2098 1684 2138 iudicantium,
1711 2109 1774 2130 nec
1793 2104 1843 2131 est
1859 2098 1990 2141 gloria,
2016 2099 2077 2132 sed
2095 2098 2212 2132 inanis

1430 2156 1464 2183 et
1481 2149 1699 2193 perniciosus
1717 2148 1905 2192 applausus
1922 2155 1955 2183 et
1971 2149 2211 2192 mendacium,

1380 2197 1519 2233 Thraso
1555 2199 1686 2243 appetit
1724 2199 1983 2233 levissimorum
2023 2198 2210 2234 hominum

1430 2263 1501 2284 non
1519 2257 1609 2283 recte
1628 2250 1860 2284 iudicantium
1882 2251 2185 2295 approbationem,

1379 2299 1517 2335 Thraso
1550 2301 1657 2345 igitur
1688 2314 1761 2335 non
1791 2302 1924 2346 appetit
1948 2302 2114 2346 gloriam,
2148 2301 2208 2334 sed

1428 2353 1532 2386 inane
1551 2352 1786 2388 mendacium.

1326 2412 1409 2445 Non
1433 2413 1558 2445 addam
1585 2409 1640 2445 hic
1664 2411 1765 2456 plura
1789 2412 1963 2456 exempla,
1990 2418 2126 2445 tantum
2145 2412 2207 2444 ad-

1225 2461 1352 2496 borror
1368 2463 1560 2503 studiosos,
1583 2469 1623 2496 ut
1640 2463 1675 2495 in
1692 2463 1898 2508 quotidiana
1914 2462 2063 2496 lectione
2078 2462 2207 2496 similia

1222 2515 1426 2553 observent,
1462 2522 1495 2548 et
1519 2526 1554 2547 se
1579 2514 1807 2547 assuefaciant
1831 2515 1874 2547 ad
1901 2515 2117 2558 quaerendas
2143 2514 2206 2547 de-

1221 2564 1418 2603 finitiones»,
1447 2573 1479 2599 et
1498 2566 1541 2598 ad
1560 2578 1662 2599 usum
1681 2562 1786 2598 huius
1803 2564 1882 2599 loci.
1933 2562 2036 2597 Nunc
2052 2564 2206 2609 proximi

1220 2623 1302 2650 sunt
1334 2617 1401 2650 loci
1434 2617 1507 2651 nati
1539 2629 1577 2650 ex
1608 2616 1767 2661 partibus
1796 2614 2032 2655 definitionis,
2068 2627 2205 2660 genere,

1220 2667 1429 2702 differentia.
