2379 2948
108 77 208 116 1265

106 165 225 207 dotes,
252 174 358 208 quam
377 161 555 196 Hesiodus
572 171 632 198 aut
649 163 709 197 alii
730 161 864 198 ethnici
887 164 1095 197 sacerdotes.

102 214 186 248 Ideo
206 215 350 259 quando
365 214 403 247 in
421 215 553 259 populo
566 214 672 249 lsrael
692 215 946 248 conticescebat
962 215 1095 248 doctri-

100 277 147 298 na
172 266 214 298 de
233 263 426 309 Evangelio
451 272 483 299 et
503 266 817 309 promissionibus,
844 265 940 299 Deus
965 267 1092 299 excita-

100 317 161 350 bat
183 313 395 360 Prophetas,
429 323 468 350 ut
492 328 615 349 rursus
641 317 861 350 illustrarent
886 317 1091 360 promissio-

101 379 183 408 nes,
213 375 245 401 et
263 368 306 399 de
326 368 418 400 veris
439 367 613 406 cultibus,
642 369 685 400 de
709 368 795 407 fide,
823 374 856 400 et
874 369 916 400 de
940 374 1088 400 venturo

99 416 243 452 Christo
261 419 427 452 docerent
444 417 626 462 populum.
665 417 784 460 Quare
802 424 834 451 et
850 416 917 451 hoc
934 424 1091 462 tempore
1114 463 1115 466 Ἰ

99 469 291 502 adversarii
315 469 446 509 nostri,
481 468 541 513 qui
566 465 697 501 habent
723 469 845 502 titulos
874 468 1088 502 Pontificum

99 526 132 553 et
148 519 396 560 sacerdotum,
423 531 645 563 nequaquam
662 526 743 552 sunt
761 521 957 553 sacerdotes
969 547 976 561 ,
1005 520 1087 565 quia

98 572 300 604 anteferunt
317 567 488 604 humanas
511 570 719 603 traditiones
734 568 929 614 Evangelio
942 598 950 611 ,
978 579 1009 604 et
1029 583 1088 604 co-

98 629 231 656 nantur
246 621 363 654 delere
379 633 495 654 veram
514 621 711 654 doctrinam
729 622 772 654 de
788 622 968 655 beneficiis
981 619 1088 655 Chri-

97 673 164 714 sti,
191 679 225 706 et
242 672 284 705 de
302 672 388 713 fide,
415 684 454 705 ac
480 672 676 707 defendunt
698 673 826 717 impios
846 674 971 706 cultus.
1028 672 1087 705 ln-

96 730 190 758 terea
215 729 394 768 utcunque
417 723 572 768 aliquam
598 723 684 767 legis
716 724 925 768 particulam
949 725 1088 763 docent,

95 775 185 808 sicut
210 772 406 813 Hesiodus,
437 782 497 807 aut
520 772 718 818 Theognis,
745 782 777 808 et
799 775 937 809 addunt
959 772 1087 808 huma-

95 836 158 859 nas
175 825 392 859 traditiones.
446 825 569 869 Longe
593 833 709 859 autem
728 826 825 859 aliud
849 833 900 859 est
925 827 1086 859 sacerdo-

95 876 141 910 tis
160 875 329 911 officium.

196 935 253 968 De
278 936 432 969 secundo
458 936 594 976 officio,
629 936 795 970 videlicet
821 937 864 969 de
889 936 1086 981 placatione

94 993 129 1020 et
163 986 334 1020 sacrificio
370 987 529 1032 loquitur
563 985 723 1032 Epistola
756 989 798 1020 ad
834 986 992 1021 Ebraeos
1029 988 1085 1020 in—

93 1037 234 1083 quiens:
263 1035 394 1071 Omnis
411 1039 567 1081 pontifex
589 1039 834 1080 constituitur,
860 1046 898 1073 ut
916 1039 1084 1072 sacrificia

93 1088 219 1122 offerat
236 1100 299 1132 pro
318 1090 479 1133 peccatis.
522 1089 668 1122 Necesse
685 1096 736 1123 est
755 1090 865 1132 igitur
883 1090 1084 1134 pontificem

92 1150 154 1173 seu
169 1141 386 1173 sacerdotem
403 1138 533 1173 habere
549 1140 694 1185 aliquod
713 1141 921 1174 sacrificium
941 1147 973 1174 et
984 1140 1085 1173 victi-

92 1202 186 1223 mam
212 1190 387 1236 aliquam,
413 1191 502 1224 sicut
526 1197 557 1224 et
576 1191 729 1224 Levitici
750 1191 806 1225 10.
825 1192 996 1235 scriptum
1016 1197 1083 1224 est:

92 1240 181 1275 Data
206 1249 257 1275 est
273 1241 374 1274 vobis
391 1241 536 1282 Hostia,
563 1249 602 1275 ut
625 1242 771 1286 portetis
799 1250 935 1286 peccata
962 1242 1080 1274 multi·

97 1292 245 1328 tudinis.
298 1292 488 1326 Manifesta
507 1300 588 1326 sunt
604 1293 763 1336 exempla
780 1292 936 1326 Levitica
956 1293 999 1325 de
1017 1290 1085 1325 1106

92 1343 228 1386 officio,
256 1354 346 1387 quae
370 1343 434 1376 etsi
463 1344 607 1377 fuerunt
630 1344 794 1383 umbrae,
820 1351 858 1377 ut
883 1350 1001 1388 postea
1029 1344 1084 1376 di-

91 1405 187 1435 cam,
215 1400 336 1427 tamen
361 1400 535 1428 testantur
557 1395 753 1428 sacerdotes
779 1391 907 1428 habere
925 1394 1084 1428 victimas

90 1451 125 1479 et
142 1444 323 1481 sacrificia.

192 1504 245 1538 De
261 1504 365 1538 tertio
382 1504 509 1546 officio,
536 1505 697 1539 videlicet
715 1505 757 1538 de
772 1505 945 1546 oratione,
973 1504 1083 1538 Plena

91 1562 142 1590 est
166 1555 219 1589 lex
244 1556 431 1600 exemplis,
457 1563 495 1589 ut
510 1555 661 1590 Levitici
683 1556 757 1592 10.:
786 1555 934 1600 Rogetis
954 1568 1017 1601 pro
1042 1568 1082 1590 ea

91 1607 129 1640 in
148 1614 338 1652 conspectu
353 1606 513 1643 Domini.

193 1664 290 1699 Haec
329 1666 396 1700 tria
432 1665 547 1700 officia
585 1665 831 1710 principaliter
865 1666 1085 1700 conveniunt

90 1714 245 1751 Christo.
298 1716 458 1750 Primum
478 1717 572 1750 enim
593 1717 666 1760 ipse
683 1717 799 1750 adfert
815 1717 962 1749 verbum
981 1717 1082 1759 igno-

91 1774 169 1802 tum
187 1767 332 1809 rationi,
357 1768 521 1801 videlicet
538 1779 733 1812 expressam
751 1767 1020 1811 promissionem
1039 1769 1082 1800 de

91 1819 243 1863 gratuita
260 1819 468 1853 remissione
484 1826 706 1863 peccatorum
726 1826 759 1852 et
779 1819 822 1851 de
840 1819 910 1851 vita
930 1825 1084 1859 aeterna,

91 1871 181 1904 sicut
197 1871 366 1914 scriptum
384 1877 451 1904 est:
478 1868 593 1903 Deum
612 1882 716 1903 nemo
732 1869 822 1903 vidit
835 1881 1005 1914 unquam,
1021 1869 1083 1902 Fi-

91 1921 161 1955 lius
178 1921 239 1967 qui
267 1929 318 1956 est
342 1921 378 1954 in
403 1921 485 1954 sinu
512 1921 639 1965 patriS,
666 1921 739 1963 ipse
765 1921 943 1954 enarravit
967 1921 1083 1962 nobis,

92 1972 129 2005 id
152 1979 220 2011 est,
247 1969 339 2006 hanc
358 1972 577 2006 voluntatem
595 1972 683 2012 Dei,
713 1984 802 2017 quae
828 1971 865 2004 in
889 1969 1083 2015 Evangelio

93 2024 270 2057 revelatur
302 2025 345 2056 de
375 2023 527 2067 gratuita
561 2023 770 2056 remissione
805 2029 840 2056 et
868 2022 1062 2056 salvatione
1075 2050 1084 2063 ,

93 2074 192 2107 nulla
210 2074 300 2107 ratio
318 2072 471 2108 humana
490 2087 551 2119 per
569 2086 640 2107 sese
657 2071 904 2117 deprehendit,
929 2075 988 2106 sed
1004 2080 1084 2107 tan-

93 2131 168 2158 tum
188 2125 340 2169 revelata
359 2132 409 2159 est
425 2138 487 2170 per
497 2125 627 2159 Filium
638 2124 704 2158 Dei
723 2125 760 2157 in
779 2125 1086 2169 promissionibus,

93 2188 184 2221 quae
206 2177 287 2210 data
311 2183 394 2210 sunt
417 2176 593 2221 patribus,
628 2183 662 2210 et
683 2177 722 2209 in
741 2174 954 2219 Evangelio,
988 2177 1084 2221 quod

93 2234 213 2271 postea
232 2239 392 2272 sparsum
411 2234 461 2261 est
476 2228 513 2260 in
531 2229 717 2263 mundum.

179 2284 242 2320 'Et
258 2287 304 2320 ita
320 2293 436 2331 patres
451 2287 513 2331 qui
528 2287 602 2321 Deo
618 2288 828 2332 placuerunt
839 2314 846 2328 ‚
874 2287 1005 2320 fiebant
1030 2298 1085 2320 sa-

94 2338 252 2372 cerdotes
280 2350 340 2370 seu
365 2338 566 2381 pontifices,
599 2339 681 2384 quia
706 2336 768 2372 has
792 2338 1043 2383 promissiones
1065 2350 1084 2371 a

93 2389 167 2422 filio
186 2387 254 2422 Dei
270 2389 510 2432 accipiebant,
536 2396 569 2422 et
586 2401 706 2423 earum
728 2390 889 2423 custodes
917 2396 949 2422 et
973 2389 1085 2422 inter-

93 2447 208 2485 pretes
228 2448 346 2480 erant,
379 2452 452 2473 non
480 2446 618 2473 tantum
645 2440 728 2486 quia
760 2441 853 2485 leges
887 2441 1085 2481 tradebant,

95 2497 156 2525 aut
172 2498 271 2525 erant
291 2488 536 2539 μυσταγωγοῖ
557 2492 852 2525 ceremoniarum.

188 2557 392 2592 Secundum
412 2558 566 2591 officium
584 2566 634 2592 est
649 2559 800 2593 maxime
817 2559 1002 2604 proprium
1019 2559 1085 2593 uni

95 2608 250 2648 Christo,
278 2610 428 2650 scilicet,
455 2621 518 2652 pro
537 2610 615 2642 aliis
632 2610 836 2650 sacrificare,
863 2623 901 2644 ac
920 2623 982 2644 suo
1000 2622 1086 2656 pro-

94 2661 173 2706 prio
192 2661 361 2695 sacrificio
381 2660 484 2694 nobis
502 2661 639 2704 placare
657 2661 746 2694 iram
763 2659 841 2695 Dei.
895 2661 985 2695 Nam
1003 2662 1085 2695 huic

147 2713 322 2745 Mummi.
345 2714 448 2746 Orza.
472 2713 554 2744 Voc.
573 2713 666 2746 XIII.

712 76 778 113 lx.
831 71 1197 113 COMMENTARII
1224 72 1275 109 IN
1301 72 1544 112 PSALMOs.

2041 81 2138 118 1266

1145 171 1334 205 personae,
1361 162 1524 196 videlicet
1541 159 1681 197 Christo
1707 163 1835 198 tradita
1857 170 1907 198 est
1933 167 2130 210 promissio,

1118 226 1121 288 Ι
1144 212 1238 257 quod
1258 219 1355 255 pater
1371 224 1450 245 eum
1470 215 1649 254 exaudiat,
1675 215 1797 248 eteius
1819 216 2025 250 sacrificium
2043 219 2131 251 reci-

1117 293 1120 310 ,
1144 263 1217 306 piat
1241 274 1304 306 pro
1331 264 1567 299 credentibus.
1628 265 1709 299 Non
1742 274 1792 300 est
1817 267 1884 299 alia
1918 268 1987 300 11113
2017 267 2130 303 hostia

1143 326 1206 357 pro
1222 315 1370 358 peccatis
1388 315 1527 355 11051115,
1557 316 1624 348 nisi
1646 314 1731 350 haec
1750 330 1830 358 una,
1857 318 2019 352 videlicet
2037 332 2130 353 mors

1115 374 1117 402 ρ
1142 362 1285 399 (Ῐ111-1511.
1322 363 1393 397 Nec
1407 365 1476 397 alio
1495 368 1600 399 modo
1619 369 1869 413 consequimur
1887 370 2130 403 remissionem

1140 423 1380 459 peccatorum,
1416 417 1482 448 nisi
1512 429 1590 449 cum
1616 418 1683 451 fide
1707 420 1895 453 statuimus
1919 421 1979 453 illa
2015 419 2129 455 hostia

1114 475 1115 481 ¹
1141 466 1274 500 scilicet
1294 473 1408 499 morte
1427 464 1578 508 Christi,
1607 469 1780 512 placatum
1801 482 1873 504 esse
1891 470 2018 506 Deum.

1242 532 1295 566 Ac
1312 545 1526 578 magnopere
1550 537 1692 579 prodest
1716 538 1782 581 piis
1807 536 1898 572 hanc
1922 547 2056 584 partem
2074 552 2130 574 sa-

1140 585 1287 617 cerdotii
1305 582 1438 618 Christi
1457 586 1544 618 bene
1562 587 1769 631 intelligere.
1824 589 1892 623 Hie
1908 591 2002 623 enim
2028 592 2128 625 firma

1140 643 1172 668 et
1188 647 1269 668 vera
1285 636 1481 669 consolatio
1506 638 1684 681 proposita
1702 646 1763 673 est.
1815 639 1893 673 Hoc
1916 641 1992 675 loco
2018 643 2129 685 expli-

1139 687 1230 720 catio
1248 687 1283 720 fit
1309 687 1492 730 perspicua
1509 688 1690 722 doctrinae
1714 691 1757 723 de
1776 691 1861 731 fide,
1885 698 1917 725 et
1941 693 1982 725 de
2004 693 2129 726 remis-

1111 736 1114 758 ¹
1138 737 1237 770 sione
1256 745 1498 781 peccatorum,
1526 751 1615 783 quae
1631 741 1773 784 quidem
1798 742 1986 776 collatione
2003 743 2059 777 fiet
2084 744 2128 776 il-

1141 788 1296 823 lustrior.
1349 788 1481 831 Quaeri
1501 790 1594 822 enim
1612 798 1724 833 potest
1744 793 1830 836 quid
1857 793 2054 837 profuerint
2073 806 2128 827 sa-

1140 839 1267 872 crificia
1287 847 1426 882 patrum
1450 841 1494 872 ab
1516 840 1620 874 initio
1646 843 1792 883 mundi,
1823 850 1855 877 et
1872 843 2048 883 Levitica,
2080 846 2128 878 si-

1139 890 1281 935 quidem
1307 891 1408 923 nullo
1435 892 1622 930 sacrificio,
1650 893 1719 926 nisi
1743 892 1895 936 Christi,
1923 895 2058 938 placata
2077 903 2127 930 est

1139 942 1188 974 ira
1206 940 1282 974 Dei.
1338 941 1394 974 Ad
1419 939 1485 974 1106
1510 944 1796 986 respondendum
1817 953 1882 980 est:
1917 945 1988 980 Nec
2013 954 2128 991 patres

1138 993 1282 1025 fuerunt
1305 993 1515 1026 mediatores
1537 1005 1596 1027 seu
1625 995 1834 1038 placatores,
1871 1008 1933 1030 nec
1959 998 2127 1032 sacrificia

1138 1055 1258 1076 eorum
1278 1045 1504 1077 merebantur
1526 1045 1768 1079 remissionem
1794 1056 2014 1091 peccatorum
2028 1076 2036 1090 ‚
2063 1061 2128 1082 nec

1138 1094 1280 1127 fuerunt
1305 1095 1576 1136 satisfactiones,
1615 1098 1673 1129 sed
1708 1098 1851 1132 suerunt
1883 1105 2020 1132 tantum
2053 1101 2127 1145 typi

1138 1146 1277 1178 venturi
1304 1143 1455 1185 Christi,
1484 1153 1517 1179 et
1542 1148 1666 1180 mortis
1690 1148 1774 1182 eius.
1829 1148 1898 1183 Sed
1920 1150 2045 1193 vulgus
2069 1150 2127 1184 Iu-

1137 1198 1304 1228 daeorum
1323 1197 1424 1239 longe
1441 1198 1546 1230 aliam
1566 1199 1826 1242 persuasionem
1844 1197 1995 1234 habebat
2012 1202 2055 1234 de
2072 1213 2127 1235 sa-

1136 1247 1273 1279 crificiis
1292 1248 1374 1287 suis,
1403 1248 1690 1291 imaginabantur
1707 1251 1800 1283 6111111
1818 1263 1853 1284 56
1871 1251 1942 1284 11115
1959 1253 2126 1295 operibus

1137 1298 1262 1330 mereri
1285 1299 1528 1332 remissionem
1554 1307 1798 1343 peccatorum,
1824 1308 1858 1335 et
1876 1299 1940 1336 hac
1956 1303 2128 1347 opinione

1135 1349 1364 1382 cumulabant
1394 1350 1561 1382 sacrificia
1597 1357 1629 1383 et
1653 1351 1781 1387 cultus.
1834 1351 1941 1386 Hunc
1970 1365 2126 1389 errorem

1136 1401 1280 1433 ‹lamnat
1296 1398 1455 1444 Epistola
1474 1401 1518 1433 ad
1535 1400 1716 1434 Hebraeos
1732 1414 1810 1436 cum
1830 1403 1963 1448 inquit:
1989 1404 2126 1449 Impos-

1135 1451 1237 1483 sibile
1252 1457 1301 1485 est
1324 1451 1495 1495 sanguine
1520 1458 1705 1486 taurorum
1729 1460 1764 1488 et
1786 1451 1968 1488 hircorum
1993 1457 2125 1490 auferri

1137 1509 1285 1547 peccata.

1237 1568 1309 1603 Nec
1327 1569 1415 1603 levia
1437 1571 1626 1604 certamina
1646 1568 1834 1615 Prophetis
1851 1568 1916 1606 1136
1932 1573 1975 1606 (16
1991 1585 2030 1607 re
2047 1586 2126 1608 cum

1137 1620 1268 1664 populo
1291 1620 1443 1655 suerunt.
1499 1620 1638 1655 Taxant
1663 1623 1757 1655 enim
1782 1622 1960 1658 acerrimis
1983 1625 2124 1659 concio-

1137 1671 1242 1704 nibus
1258 1683 1412 1704 errorem
1428 1672 1568 1716 populi,
1594 1679 1631 1706 ut
1650 1671 1815 1706 Ieremias
1832 1674 1944 1717 capite
1960 1675 2124 1720 septimo:

1138 1722 1215 1754 Non
1232 1733 1309 1754 sum
1328 1722 1465 1756 locutus
1483 1735 1560 1756 cum
1579 1723 1738 1767 patribus
1754 1725 1876 1758 vestris
1894 1726 1936 1758 de
1956 1724 2126 1762 holocau-

1136 1773 1208 1806 stis.
1264 1771 1309 1805 Et
1331 1772 1422 1809 Psal.
1444 1773 1521 1807 49.:
1559 1774 1731 1820 Nunquid
1757 1776 1979 1810 manducabo
2004 1789 2127 1813 carnes

1137 1824 1359 1864 Taurorum,
1387 1832 1419 1858 et
1444 1825 1651 1868 sanguinem
1679 1823 1859 1860 hircorum
1884 1827 2030 1862 bibam?
2081 1829 2127 1864 Et

1138 1874 1230 1909 Psal.
1254 1874 1330 1910 29.:
1365 1874 1618 1910 Holocaustum
1645 1883 1678 1910 et
1710 1874 1860 1911 hostiam
1889 1890 1953 1925 pro
1985 1888 2126 1924 peccato

1138 1938 1209 1959 non
1230 1926 1424 1970 postulasti.
1460 1925 1537 1959 Hae
1554 1927 1740 1960 conciones
1757 1927 1917 1971 ingentes
1933 1937 2049 1964 motus
2067 1943 2127 1964 ex-

1136 1977 1300 2010 citabant.
1356 1977 1569 2022 Quanquam
1596 1978 1690 2010 enim
1706 1977 1902 2023 Prophetae
1920 1992 1992 2014 non
2016 1981 2127 2025 legem

1139 2027 1215 2068 Dei,
1243 2040 1314 2061 uon
1331 2028 1422 2073 ipsas
1441 2029 1657 2062 ceremonias
1675 2030 1847 2063 divinitus
1865 2030 2044 2066 institutas
2060 2033 2127 2066 im-

1139 2080 1347 2122 probabant,
1373 2081 1432 2112 sed
1450 2080 1571 2113 salsam
1591 2081 1852 2124 persuasionem
1870 2078 2054 2116 hominum
2071 2096 2127 2117 re-

1139 2128 1423 2175 prehendebant,
1452 2138 1567 2164 tamen
1590 2131 1788 2164 fremebant
1813 2132 1995 2175 pontifices
2021 2141 2053 2168 et
2071 2146 2127 2168 sa-

1138 2183 1295 2227 cerdotes
1321 2182 1503 2215 extenuari
1530 2182 1665 2222 cultus,
1699 2182 1984 2217 vociferabantur
2014 2185 2125 2228 legem

1139 2234 1205 2267 Dei
1227 2233 1371 2267 aboleri.
1421 2232 1487 2266 His
1503 2232 1690 2266 calumniis
1708 2234 1879 2267 concitata
1896 2235 2127 2270 multitudine

1138 2285 1241 2318 fiebat
1266 2285 1417 2328 impetus
1449 2284 1486 2316 in
1510 2281 1721 2327 Prophetas,
1756 2284 1845 2318 sicut
1873 2282 1941 2318 1106
1968 2292 2126 2331 tempore

1138 2343 1316 2369 exercetur
1332 2347 1467 2368 summa
1487 2335 1674 2367 crudelitas
1693 2336 1858 2368 adversus
1876 2343 2025 2378 nostros,
2045 2350 2125 2372 cum

1138 2389 1265 2421 docent
1295 2386 1441 2420 Missam
1473 2398 1547 2418 non
1572 2385 1700 2418 mereri
1730 2386 1972 2420 remissionem
2003 2401 2125 2433 pecca-

1138 2446 1265 2473 torum.

1241 2504 1310 2539 Sed
1327 2501 1525 2548 Prophetae
1543 2503 1712 2537 nolebant
1732 2504 1836 2538 obrui
1855 2517 1971 2539 veram
1989 2508 2123 2542 doctri-

1109 2592 1111 2608 .
1139 2569 1219 2591 113111
1238 2557 1281 2589 de
1298 2555 1386 2595 fide,
1412 2555 1586 2588 docebant
1605 2567 1679 2587 non
1702 2566 1774 2588 esse
1799 2556 1980 2590 fidendum
2005 2560 2125 2603 operi-

1110 2610 1111 2624 ¹
1139 2610 1221 2647 bus,
1249 2605 1414 2639 sacrificia
1433 2606 1493 2638 illa
1511 2617 1585 2638 non
1600 2606 1726 2639 mereri
1743 2607 1984 2642 remissionem
2003 2622 2123 2654 pecca-

1137 2667 1273 2698 torum,
1302 2658 1360 2691 sed
1382 2657 1509 2691 donari
1525 2669 1600 2690 eam
1620 2657 1727 2700 gratis
1744 2666 1888 2703 propter
1913 2661 2123 2704 promissum

1564 2707 1612 2741 80
