2379 2948
180 115 253 151 565
801 111 843 146 V.

180 199 307 234 deduci
338 199 415 233 vult
449 199 486 232 i‘n
518 210 590 232 rem
626 204 865 243 praesentem,
899 203 1071 242 quantum
1098 196 1173 229 fieri

178 257 313 296 potest,
348 257 386 284 ut
411 263 487 284 rem
515 251 627 295 ipsam
655 261 763 293 prope
784 248 940 292 aspiciat.

179 313 281 336 usum
298 302 527 337 definitiones
548 301 597 334 rei
620 300 888 342 investigantur.

238 406 331 445 Quot
354 409 442 439 sunt
463 402 695 438 conditiones
719 400 834 435 bonae
859 398 1113 448 definitionis?

283 481 373 515 Tres
389 487 482 515 sunt.
520 478 655 512 Prima:
685 489 730 510 ne
746 477 906 511 definitio
925 477 969 512 sit
988 478 1171 521 angustior

179 533 335 567 definito.

179 597 283 629 quam
303 583 497 616 definitum.

178 636 234 668 nis
272 633 450 678 proprius,
494 632 716 676 perspicuus,
759 638 791 663 et
829 631 905 664 siue
939 633 1195 675 ambiguitate}

178 686 377 729 significans
396 685 572 721 membra,
602 696 691 728 quae
709 682 879 718 continet.
934 682 1029 716 Haec
1044 686 1170 715 admo-

178 737 269 770 nitio
286 735 432 780 puerilis
451 741 512 775 est,
529 735 586 767 sed
607 742 724 767 tamen
744 746 816 766 non
835 741 883 767 est
903 735 1169 777 praetereunda.

179 788 289 831 Saepe
307 786 400 819 enim
420 786 622 819 offeruntur
640 785 863 818 definitiones
881 787 1081 818 mendosae.
1112 784 1169 818 lo-

178 850 238 872 cus
269 836 439 880 Diogenis
474 838 661 877 recitatur,
703 836 764 881 qui
795 837 914 870 audita
946 836 1167 869 definitione:

176 889 294 923 Homo
327 895 376 922 est
407 889 540 922 animal
572 888 690 931 bipeS,
738 887 948 921 monstravit
988 888 1169 930 gallinam,

175 939 284 980 Ecce,
318 940 504 985 inquiens,
539 937 719 972 hominem
746 937 981 973 Platonicum.
1043 938 1167 972 Talem

176 999 292 1026 autem
334 991 464 1025 multae
494 990 720 1024 definitiones
751 989 1072 1029 circumferuntur,
1114 997 1168 1022 ut:

175 1042 397 1077 poenitentia
425 1049 492 1082 est,
528 1043 694 1085 plangere
719 1048 876 1085 peccata,
913 1048 945 1074 et
971 1041 1167 1085 plangenda

176 1107 249 1128 non
273 1096 400 1128 facere.
462 1092 557 1126 Haec
584 1094 745 1126 nonduin
773 1092 908 1134 integra
932 1092 1092 1126 definitio
1120 1098 1169 1125 est

176 1146 340 1180 salutaris
358 1144 607 1189 poenitentiae.

304 1251 395 1289 Quot
411 1252 500 1281 sunt
515 1245 665 1292 formae
683 1245 946 1294 definitionum
964 1245 1045 1280 rei?

281 1314 446 1357 Quatuor
469 1321 550 1348 sunt
575 1315 710 1347 formae
736 1314 984 1346 definitionum
1009 1313 1073 1345 rei:
1102 1310 1168 1344 Es-

176 1366 345 1405 sentialis,
374 1364 542 1405 Causalis,
566 1364 722 1397 Collecta
741 1376 779 1396 ex
800 1364 1064 1398 coacervatione
1087 1375 1167 1406 pai·-

175 1418 285 1457 tittm,
319 1424 350 1450 et
379 1416 522 1449 collecta
555 1427 595 1448 ex
623 1414 888 1448 coacervatione
919 1414 1167 1448 accidentium.

175 1467 252 1502 Etsi
278 1474 393 1501 autem
416 1467 475 1500 alii
501 1467 618 1510 plures
636 1468 758 1499 modos
777 1466 941 1506 recitant,
970 1473 1086 1499 tamen
1113 1463 1168 1497 liis

176 1520 290 1554 titulis
308 1519 465 1552 contenti
485 1518 614 1558 simus,
644 1529 732 1563 quos
758 1517 959 1550 meminisse
983 1517 1084 1550 facile
1106 1524 1166 1551 est.

177 1572 228 1605 Ac
247 1570 341 1603 modi
362 1570 422 1609 alii
441 1582 520 1602 vere
538 1569 572 1602 in
594 1567 657 1602 lios
675 1568 810 1601 includi
832 1576 989 1613 possunt.

313 1668 405 1708 Quae
429 1668 621 1700 nominatur
645 1667 832 1699 essentialis
856 1663 1027 1708 definitio?

279 1729 486 1764 Esseiitialis
510 1730 668 1763 definitio
699 1730 923 1770 nominatur,
961 1742 1051 1774 quae
1082 1742 1165 1762 con-

178 1790 245 1816 stat
262 1794 302 1815 ex
322 1793 447 1825 genere
475 1789 506 1814 et
530 1781 729 1814 differentia
755 1781 933 1824 specifica,
963 1789 1016 1814 ut:
1047 1780 1165 1813 Homo

179 1842 229 1868 est
255 1833 389 1867 animal
416 1833 598 1867 rationale.
653 1831 797 1866 Boetius
829 1832 914 1865 utile
947 1844 1018 1865 esse
1050 1839 1166 1865 censet

177 1887 305 1919 ducere
324 1884 566 1917 definitionem
585 1883 667 1916 inde
691 1895 801 1928 iisque
825 1896 841 1915 a
866 1895 1003 1916 summo
1028 1895 1165 1926 genere,

178 1944 231 1971 ut:
260 1935 376 1969 Homo
395 1942 443 1968 est
461 1935 657 1968 substantia
683 1946 872 1978 corporea,
898 1934 1063 1975 animata,
1086 1946 1165 1966 sen-

178 1990 278 2027 tiens,
305 1986 497 2020 rationalis.
538 1985 624 2020 Cum
644 1983 709 2018 boc
729 1987 834 2018 niodo
851 1998 867 2018 a
886 1998 1022 2018 summo
1040 1997 1166 2029 genere

179 2039 442 2083 progredimur,
470 2038 630 2070 videmus
657 2049 721 2070 nos
746 2037 837 2070 intra
862 2037 1165 2081 praedicamento·
1189 2046 1190 2055 ¹

976 2088 1047 2121 Nec
1072 2088 1165 2120 ‹titfi-

181 2102 258 2123 rum
278 2096 385 2123 metas
403 2089 533 2122 versari
551 2096 583 2122 et
602 2100 655 2121 res
675 2089 711 2121 fit
738 2089 922 2123 illustrior.

181 2141 246 2174 cile
270 2148 319 2173 est
343 2140 378 2172 iu
399 2140 604 2174 substantiis
632 2140 850 2182 intelligere,
877 2152 939 2173 cur
966 2137 1031 2173 lioc
1054 2152 1163 2184 genus

180 2191 426 2225 definitionum
445 2199 587 2225 vocetur
604 2192 800 2232 essentiale,
817 2192 898 2236 quia
916 2198 1029 2235 partes
1047 2203 1164 2225 essen-

180 2244 248 2278 tiae
263 2242 520 2285 significantur,
548 2250 586 2277 ut
609 2243 645 2275 in
672 2240 817 2275 homine
843 2254 970 2287 corpus
991 2250 1024 2277 et
1048 2243 1163 2276 anima

180 2293 374 2328 rationaliS.
434 2291 570 2338 Corpus
605 2293 839 2337 significatur,
881 2307 958 2327 cum
997 2295 1164 2328 dicimus:

181 2346 299 2380 Homo
317 2351 366 2377 est
381 2344 574 2378 substantia
600 2357 784 2389 corporea,
814 2346 942 2378 deinde
968 2346 1085 2379 anima
1109 2358 1165 2378 ra-
1190 2370 1192 2379 .

180 2396 339 2433 tionalis,
366 2407 444 2428 cuin
465 2397 644 2429 adduntur
671 2404 825 2430 caeterae
852 2397 1061 2441 particulae,
1089 2397 1165 2430 ani-

181 2455 291 2487 mata,
318 2446 491 2486 sentiens,
521 2446 713 2481 rationalis.
766 2448 816 2480 Ac
839 2448 1060 2481 differentiae
1083 2460 1165 2492 pro-

184 2501 258 2544 prie
277 2500 324 2532 sic
342 2498 453 2531 dictae
472 2496 668 2541 significant
685 2499 931 2533 universaliter
953 2512 1070 2533 rerum
1094 2500 1165 2533 for-

183 2563 275 2589 maS,
302 2557 341 2583 ut
359 2550 549 2589 rationale,
572 2548 724 2581 animam
744 2550 962 2583 rationalem.
998 2551 1066 2585 Sed
1086 2563 1164 2584 cum

182 2603 316 2635 formae
335 2601 525 2634 multarum
551 2599 827 2633 siilistantiaritiii
855 2602 1061 2635 nominibus
1086 2615 1167 2647 pro·

184 2654 271 2697 priis
295 2660 434 2685 careant
461 2664 523 2696 pro
548 2650 756 2684 differentiis
783 2653 950 2695 specificis
973 2665 1073 2697 saepe
1098 2654 1168 2687 uti-
1192 2676 1194 2697 3

188 2717 266 2737 mur
295 2704 372 2737 aliis
398 2703 690 2749 proprietatibuS,
727 2709 780 2735 ut:
819 2701 941 2748 Equus
967 2711 1014 2737 est
1037 2705 1166 2738 animal

897 109 1219 147 EROTEMATA
1254 109 1591 148 DIALECTICES.

994 245 1050 280 Ad
1078 244 1173 281 hunc
1197 232 1200 272 l

401 531 580 564 Secunda:
615 542 657 562 ne
688 528 796 562 latins
830 535 976 571 vagetur
1010 529 1197 562 definitio

551 580 692 614 Tertia:
720 587 757 613 ut
777 580 821 613 sit
847 591 962 613 sermo
991 581 1170 614 ‹letinitio-
1194 590 1196 607 ἰ

1190 2449 1192 2466 “
1218 2448 1332 2488 Deus,
1360 2456 1393 2482 et
1413 2455 1534 2491 regant
1554 2459 1592 2479 ac
1608 2446 1765 2478 indicent
1783 2446 1938 2478 actiones
1962 2454 2107 2482 nostras.

2139 121 2213 158 566

1225 194 1407 230 hinniens.
1461 197 1531 232 Nec
1556 206 1672 233 tamen
1705 201 1799 235 solae
1830 203 2045 238 substantiae
2078 204 2209 242 habent

1196 292 1198 302 Ι
1225 247 1426 280 essentiales
1441 249 1684 292 definitiones,
1712 254 1770 286 sed
1790 253 1894 287 etiam
1912 256 2125 298 accidentia,
2155 260 2209 291 vi-

1195 307 1198 342 t
1225 298 1365 338 delicet,
1404 299 1608 345 ubicunque
1637 303 1766 336 diserte
1801 316 1911 348 genus
1946 313 1978 340 et
2010 307 2206 342 differentia

1194 344 1198 425 1
1224 348 1400 393 specifica,
1428 350 1481 382 vel
1499 351 1615 396 aliqua
1641 355 1836 397 proprietas
1858 360 2120 392 accommodata
2144 372 2210 392 no-

1224 400 1352 433 minari
1373 408 1504 444 potest,
1529 415 1618 446 quae
1642 403 1720 436 loco
1746 406 1966 442 differentiae
1988 416 2079 442 recte
2106 411 2208 454 poni-

1223 458 1292 487 tur.
1345 449 1392 484 Et
1409 449 1466 484 hic
1485 453 1697 495 generaliter
1713 457 1856 490 nomine
1877 461 2046 493 essentiae
2062 461 2209 502 utimur,

1194 497 1197 546 l
1224 515 1287 546 pro
1308 514 1344 535 re
1361 515 1422 546 per
1436 515 1509 536 sese
1527 504 1766 543 considerata,
1794 507 1867 540 sive
1894 510 1937 543 sit
1965 511 2000 543 in
2027 513 2208 555 praedica—

1194 565 1196 587 ὲ
1223 560 1342 586 mento
1365 555 1603 593 substantiae,
1635 555 1708 588 sive
1731 556 1774 590 sit
1799 558 1972 595 accidens.
2036 562 2129 596 Voco
2157 575 2208 596 es-

1194 616 1196 624 ·
1222 605 1406 639 sentialern
1424 606 1668 639 definitionem
1698 604 1787 640 lianc
1815 621 1971 654 quoque:
2011 611 2131 646 Virtus
2159 622 2208 648 est

1224 654 1362 690 liabitus
1381 656 1557 690 inclinans
1577 658 1794 691 voluntatem
1819 661 1861 692 ad
1890 661 2127 696 obediendum
2154 678 2209 698 re-

1193 717 1195 752 f
1222 714 1295 740 ctae
1313 707 1454 742 rationi,
1496 707 1585 741 Nam
1607 707 1791 742 habituum
1811 711 1922 744 forma
1941 719 1972 745 et
1990 713 2210 749 differentiae

1222 771 1284 792 nec
1310 766 1393 792 sunt
1418 759 1526 800 aliae,
1561 772 1625 793 nec
1649 761 1849 802 cogitentur
1880 762 1988 803 aliae,
2022 765 2088 798 nisi
2117 774 2209 800 certo

1221 811 1328 843 modo
1347 810 1530 844 inclinare.
1583 809 1648 845 Est
1666 819 1698 845 et
1716 811 1799 845 liaec
1818 814 2014 847 essentialis
2033 816 2208 850 definitio:

1222 860 1405 894 Peccatum
1433 869 1481 895 est
1509 862 1684 903 desectus,
1723 864 1778 896 vel
1804 864 2009 906 inclinatio,
2044 867 2097 899 vel
2119 868 2209 902 actio

1222 911 1258 944 iii
1286 920 1413 945 natura
1437 913 1623 952 rationali,
1661 926 1820 957 pugnans
1848 928 1925 948 cum
1950 917 2024 960 lege
2047 916 2130 958 Dei,
2157 920 2210 952 of-

1221 964 1368 996 fendens
1393 962 1528 1005 Deum,
1564 973 1597 998 et
1622 977 1841 998 comnierens
1866 979 2015 1009 poenas,
2051 969 2118 1001 nisi
2151 970 2208 1003 fiat

1222 1015 1380 1048 remissio
1399 1023 1542 1059 propter
1560 1016 1670 1048 filium
1691 1015 1754 1049 Dei
1778 1018 2021 1054 mediatorem.
2068 1018 2208 1054 Genera

1222 1073 1303 1098 sunt
1323 1068 1495 1107 defectuS,
1520 1067 1706 1100 inclinatio
1731 1075 1763 1101 et
1788 1069 1890 1102 actio.
1943 1069 2102 1115 Sequens
2128 1084 2209 1116 par-

1222 1117 1327 1150 ticula
1346 1118 1546 1150 differentia
1566 1124 1633 1158 est,
1663 1130 1823 1162 pugnans
1839 1131 1916 1153 cnm
1935 1121 2011 1163 lege
2026 1120 2103 1154 Dei.
2136 1123 2209 1156 De-

1223 1169 1304 1201 inde
1328 1168 1487 1213 sequitur
1512 1169 1715 1212 proprium,
1745 1171 1838 1214 quod
1866 1178 1999 1204 reatum
2025 1173 2208 1216 significat,

1221 1219 1406 1252 offendens
1425 1219 1563 1257 Deum,
1594 1228 1625 1253 et
1644 1232 1861 1254 coiiimerens
1884 1234 2025 1266 poenas.
2080 1223 2208 1270 Sequi—

1222 1278 1279 1304 tur
1297 1271 1475 1310 accidens,
1503 1271 1569 1302 nisi
1596 1272 1654 1304 siat
1673 1272 1844 1307 remissio.
1899 1272 1938 1306 In
1963 1271 2018 1306 liis
2041 1277 2208 1320 exemplis

1221 1334 1303 1354 usus
1332 1321 1622 1366 praedicabilium
1650 1323 1886 1366 conspicitur,
1913 1325 2001 1357 siunt
2027 1326 2119 1358 enim
2147 1329 2207 1360 de-

1221 1373 1399 1405 finitiones
1421 1373 1651 1409 illustriores,
1681 1384 1759 1405 cum
1787 1374 1912 1407 ordine
1940 1387 2001 1419 per
2027 1378 2205 1419 praedica-

1221 1424 1305 1457 bilia
1322 1424 1404 1456 itur.

1379 1514 1470 1553 Quae
1494 1514 1686 1545 nominatur
1710 1514 1855 1546 causalis
1878 1513 2050 1556 definitio?

1321 1574 1480 1610 Caiisalis
1513 1576 1671 1609 definitio
1708 1577 1915 1611 nominatur
1947 1579 2078 1620 oratio,
2119 1592 2207 1625 quae

1221 1628 1348 1661 diserte
1367 1639 1487 1660 causas
1506 1628 1559 1660 vel
1579 1640 1700 1661 omnes
1713 1655 1721 1668 ,
1750 1629 1803 1661 vel
1820 1629 1955 1673 aliquas
1973 1638 2140 1670 recenset,
2169 1639 2204 1665 iit

1221 1681 1268 1712 rei
1290 1686 1450 1712 naturam
1472 1679 1526 1711 vel
1544 1691 1643 1712 usum
1662 1680 1824 1715 declaret.
1878 1679 1939 1714 Est
1956 1688 2070 1715 autem
2092 1682 2206 1715 affinis

1219 1730 1409 1775 superiori,
1466 1729 1551 1763 Nam
1578 1732 1667 1763 duae
1690 1743 1813 1763 causae
1844 1731 2028 1765 interiores
2061 1735 2204 1767 materia

1219 1790 1251 1816 et
1272 1783 1401 1821 forma,
1429 1793 1549 1814 revera
1570 1788 1652 1814 sunt
1670 1782 1816 1814 essentia
1842 1783 1903 1815 rei.
1958 1782 2026 1816 Sed
2052 1784 2205 1818 efficiens

1219 1841 1249 1867 et
1279 1833 1392 1866 finalis
1417 1845 1516 1865 causa
1543 1832 1711 1864 dicuntur
1734 1833 1921 1865 exteriores
1949 1846 2090 1876 causae,
2118 1849 2204 1881 qna—

1219 1897 1295 1917 ruin
1315 1891 1429 1917 tamen
1453 1895 1553 1927 saepe
1572 1883 1704 1916 mentio
1725 1884 1762 1917 fit
1782 1884 1817 1916 in
1837 1884 2106 1919 definitionibus
2123 1899 2204 1921 cau-

1218 1936 1359 1968 salibus.
1414 1933 1466 1968 Ac
1486 1934 1704 1967 medicorum
1721 1935 1944 1968 definitiones
1970 1937 2101 1971 multae
2122 1946 2203 1971 sunt

1218 1987 1383 2019 causales.
1432 1984 1555 2018 Genus
1573 1992 1688 2018 autent
1711 1985 1907 2031 plerunque
1924 1986 2092 2022 inseritur
2111 1996 2148 2023 ut
2168 1991 2202 2022 in

1218 2037 1412 2070 essentialis
1430 2036 1647 2076 definitione,
1676 2043 1729 2069 ut:
1756 2037 1828 2070 Lex
1847 2045 1993 2071 naturae
2012 2047 2059 2073 est
2074 2041 2202 2074 noticia

1219 2089 1476 2133 principiorum
1496 2087 1730 2132 practicoruin
1748 2089 1790 2121 de
1811 2089 1980 2129 moribus,
2008 2096 2041 2123 et
2059 2093 2202 2125 conclu-

1217 2141 1357 2173 sionum
1376 2140 1459 2173 inde
1476 2145 1731 2179 extructurum,
1759 2151 1958 2183 congruens
1980 2152 2056 2173 cum
2084 2144 2202 2185 regula

1217 2199 1357 2225 aeterna
1376 2199 1407 2224 et
1424 2191 1569 2224 immota
1587 2190 1715 2223 mentis
1730 2190 1871 2224 divinae
1886 2219 1893 2231 ,
1921 2204 2008 2235 quae
2028 2192 2200 2238 principia

1217 2244 1411 2280 cernimus,
1453 2249 1486 2275 et
1510 2242 1758 2285 amplectimur
1790 2242 1891 2275 firmo
1924 2254 2084 2281 assensit,
2119 2245 2200 2289 quia

1218 2295 1367 2328 noticiae
1383 2306 1504 2327 eornm
1523 2293 1707 2326 nobiscum
1727 2300 1931 2332 nascuntur,
1961 2293 2132 2328 divinitus
2146 2296 2201 2329 in-

1219 2347 1304 2380 sitae
1321 2344 1486 2379 humanis
1505 2345 1683 2378 inentibus
1700 2350 1733 2376 in
1752 2344 1937 2384 creatione,
1965 2351 2003 2378 ut
2019 2345 2087 2380 sint
2106 2348 2202 2380 testi-

1219 2397 1357 2437 monia,
1393 2398 1488 2442 quod
1512 2397 1554 2430 sit
1580 2394 1694 2434 Dens,
1727 2402 1758 2428 et
1784 2396 1991 2435 ostendant,
2020 2397 2134 2441 qualis
2158 2399 2202 2432 sit

2026 2442 2030 2446 „
2162 2449 2200 2483 In

1220 2498 1284 2533 hac
1302 2500 1507 2533 definitione
1522 2509 1631 2541 geniis
1651 2503 1700 2529 est
1725 2496 1866 2531 noticia.
1924 2496 1967 2530 Et
1993 2505 2030 2531 ut
2055 2499 2089 2531 in
2114 2513 2201 2546 qua-

1191 2550 1193 2584 l
1220 2552 1379 2585 litatibus
1398 2548 1480 2583 liaec
1498 2549 1570 2593 ipsa
1588 2548 1716 2580 noticia
1736 2554 1786 2580 est
1804 2548 1915 2581 forma
1934 2549 1968 2581 in
1984 2558 2116 2591 mente,
2138 2554 2202 2584 oli-

1220 2603 1307 2636 iecta
1323 2608 1405 2635 sunt
1423 2600 1679 2644 principiorum
1697 2605 1729 2631 et
1751 2600 2017 2633 conclusionum
2044 2603 2203 2635 termini:

1220 2655 1334 2687 Deum
1351 2653 1491 2691 timeas,
1516 2651 1588 2684 Deo
1606 2650 1765 2691 obedias,
1795 2650 1960 2685 Parentes
1976 2651 2125 2695 diligito,
2151 2653 2202 2687 Ne

1193 2706 1195 2711 '
1222 2705 1350 2738 laedito
1379 2703 1470 2736 ullos
1495 2700 1656 2735 homines
1683 2702 1779 2736 nulla
1804 2702 2111 2744 affeciusiniuria,
2137 2712 2203 2738 etc.

1528 2751 1605 2786 36*
