<?xml version="1.0" encoding="UTF-8"?>
<!DOCTYPE html PUBLIC "-//W3C//DTD XHTML 1.0 Transitional//EN"
    "http://www.w3.org/TR/xhtml1/DTD/xhtml1-transitional.dtd">
<html xmlns="http://www.w3.org/1999/xhtml" xml:lang="en" lang="en">
 <head>
  <title>
</title>
<meta http-equiv="Content-Type" content="text/html;charset=utf-8" />
  <meta name='ocr-system' content='tesseract 3.04.00' />
  <meta name='ocr-capabilities' content='ocr_page ocr_carea ocr_par ocr_line ocrx_word'/>
</head>
<body>
  <div class='ocr_page' id='page_1' title='image "./operaquaesupersu13melauoft_0547.png"; bbox 0 0 2379 2948; ppageno 0'>
   <div class='ocr_carea' id='block_1_1' title="bbox 4 623 27 1268">
    <p class='ocr_par' dir='ltr' id='par_1_1' title="bbox 4 623 27 1268">
     <span class='ocr_line' id='line_1_1' title="bbox 4 623 27 1268; baseline 0 0"><span class='ocrx_word' id='word_1_1' title='bbox 4 623 27 1268; x_wconf 95' lang='lat' dir='ltr'> </span> 
     </span>
    </p>
   </div>
   <div class='ocr_carea' id='block_1_2' title="bbox 3 623 32 1443">
    <p class='ocr_par' dir='ltr' id='par_1_2' title="bbox 3 623 32 1443">
     <span class='ocr_line' id='line_1_2' title="bbox 3 623 32 1443; baseline 0 0"><span class='ocrx_word' id='word_1_2' title='bbox 3 623 32 1443; x_wconf 95' lang='lat' dir='ltr'> </span> 
     </span>
    </p>
   </div>
   <div class='ocr_carea' id='block_1_3' title="bbox 122 96 219 133">
    <p class='ocr_par' dir='ltr' id='par_1_3' title="bbox 122 96 219 133">
     <span class='ocr_line' id='line_1_3' title="bbox 122 96 219 133; baseline -0.031 0"><span class='ocrx_word' id='word_1_3' title='bbox 122 96 219 133; x_wconf 90' lang='lat'>1069</span> 
     </span>
    </p>
   </div>
   <div class='ocr_carea' id='block_1_4' title="bbox 103 179 1101 480">
    <p class='ocr_par' dir='ltr' id='par_1_4' title="bbox 103 179 1101 480">
     <span class='ocr_line' id='line_1_4' title="bbox 108 179 1101 226; baseline -0.001 -11"><span class='ocrx_word' id='word_1_4' title='bbox 108 183 197 215; x_wconf 87' lang='lat' dir='ltr'>lium</span> <span class='ocrx_word' id='word_1_5' title='bbox 216 181 404 225; x_wconf 75' lang='lat' dir='ltr'>praecipue</span> <span class='ocrx_word' id='word_1_6' title='bbox 422 182 464 215; x_wconf 88' lang='lat' dir='ltr'>ad</span> <span class='ocrx_word' id='word_1_7' title='bbox 483 179 675 216; x_wconf 73' lang='lat' dir='ltr'>Ecclesiam</span> <span class='ocrx_word' id='word_1_8' title='bbox 692 183 879 226; x_wconf 87' lang='lat' dir='ltr'>pertinere.</span> <span class='ocrx_word' id='word_1_9' title='bbox 933 180 978 215; x_wconf 84' lang='lat' dir='ltr'>Et</span> <span class='ocrx_word' id='word_1_10' title='bbox 996 181 1101 215; x_wconf 88' lang='lat' dir='ltr'>simul</span> 
     </span>
     <span class='ocr_line' id='line_1_5' title="bbox 106 232 1099 278; baseline -0.001 -12"><span class='ocrx_word' id='word_1_11' title='bbox 106 234 209 266; x_wconf 86' lang='lat' dir='ltr'>docet</span> <span class='ocrx_word' id='word_1_12' title='bbox 238 244 303 265; x_wconf 89' lang='lat' dir='ltr'>nos</span> <span class='ocrx_word' id='word_1_13' title='bbox 330 233 372 265; x_wconf 90' lang='lat' dir='ltr'>de</span> <span class='ocrx_word' id='word_1_14' title='bbox 396 245 475 266; x_wconf 69' lang='lat' dir='ltr'>vera</span> <span class='ocrx_word' id='word_1_15' title='bbox 497 233 738 274; x_wconf 71' lang='lat' dir='ltr'>invocatione,</span> <span class='ocrx_word' id='word_1_16' title='bbox 775 240 809 267; x_wconf 90' lang='lat' dir='ltr'>et</span> <span class='ocrx_word' id='word_1_17' title='bbox 832 244 921 278; x_wconf 87' lang='lat' dir='ltr'>quae</span> <span class='ocrx_word' id='word_1_18' title='bbox 947 232 991 266; x_wconf 87' lang='lat' dir='ltr'>sit</span> <span class='ocrx_word' id='word_1_19' title='bbox 1019 245 1099 266; x_wconf 82' lang='lat' dir='ltr'>vera</span> 
     </span>
     <span class='ocr_line' id='line_1_6' title="bbox 105 282 1098 329; baseline 0 -13"><span class='ocrx_word' id='word_1_20' title='bbox 105 283 272 317; x_wconf 84' lang='lat' dir='ltr'>Ecclesia.</span> <span class='ocrx_word' id='word_1_21' title='bbox 327 282 433 325; x_wconf 81' lang='lat' dir='ltr'>Haec,</span> <span class='ocrx_word' id='word_1_22' title='bbox 460 284 589 329; x_wconf 86' lang='lat' dir='ltr'>inquit,</span> <span class='ocrx_word' id='word_1_23' title='bbox 618 296 697 316; x_wconf 87' lang='lat' dir='ltr'>vera</span> <span class='ocrx_word' id='word_1_24' title='bbox 714 291 763 318; x_wconf 92' lang='lat' dir='ltr'>est</span> <span class='ocrx_word' id='word_1_25' title='bbox 780 283 967 324; x_wconf 80' lang='lat' dir='ltr'>invocatio,</span> <span class='ocrx_word' id='word_1_26' title='bbox 989 294 1098 326; x_wconf 88' lang='lat' dir='ltr'>agno-</span> 
     </span>
     <span class='ocr_line' id='line_1_7' title="bbox 104 331 1096 379; baseline -0.001 -12"><span class='ocrx_word' id='word_1_27' title='bbox 104 346 198 368; x_wconf 86' lang='lat' dir='ltr'>scere</span> <span class='ocrx_word' id='word_1_28' title='bbox 215 341 247 367; x_wconf 86' lang='lat' dir='ltr'>et</span> <span class='ocrx_word' id='word_1_29' title='bbox 264 335 428 368; x_wconf 76' lang='lat' dir='ltr'>invocare</span> <span class='ocrx_word' id='word_1_30' title='bbox 446 333 540 368; x_wconf 88' lang='lat' dir='ltr'>hunc</span> <span class='ocrx_word' id='word_1_31' title='bbox 555 333 688 374; x_wconf 80' lang='lat' dir='ltr'>Deum,</span> <span class='ocrx_word' id='word_1_32' title='bbox 718 335 779 379; x_wconf 90' lang='lat' dir='ltr'>qui</span> <span class='ocrx_word' id='word_1_33' title='bbox 797 341 847 367; x_wconf 88' lang='lat' dir='ltr'>est</span> <span class='ocrx_word' id='word_1_34' title='bbox 864 331 1004 375; x_wconf 87' lang='lat' dir='ltr'>lehova,</span> <span class='ocrx_word' id='word_1_35' title='bbox 1036 335 1096 379; x_wconf 90' lang='lat' dir='ltr'>qui</span> 
     </span>
     <span class='ocr_line' id='line_1_8' title="bbox 104 384 1096 430; baseline -0.001 -12"><span class='ocrx_word' id='word_1_36' title='bbox 104 397 139 418; x_wconf 90' lang='grc'>50</span> <span class='ocrx_word' id='word_1_37' title='bbox 165 384 288 419; x_wconf 69' lang='lat' dir='ltr'>Israeli</span> <span class='ocrx_word' id='word_1_38' title='bbox 315 386 493 430; x_wconf 77' lang='lat' dir='ltr'>patefecit,</span> <span class='ocrx_word' id='word_1_39' title='bbox 529 391 562 418; x_wconf 90' lang='lat' dir='ltr'>et</span> <span class='ocrx_word' id='word_1_40' title='bbox 586 385 856 428; x_wconf 81' lang='lat' dir='ltr'>promissionem</span> <span class='ocrx_word' id='word_1_41' title='bbox 883 385 986 418; x_wconf 89' lang='lat' dir='ltr'>nobis</span> <span class='ocrx_word' id='word_1_42' title='bbox 1012 385 1096 418; x_wconf 88' lang='lat' dir='ltr'>illu-</span> 
     </span>
     <span class='ocr_line' id='line_1_9' title="bbox 103 435 1096 480; baseline -0.001 -11"><span class='ocrx_word' id='word_1_43' title='bbox 103 436 234 469; x_wconf 87' lang='lat' dir='ltr'>stribus</span> <span class='ocrx_word' id='word_1_44' title='bbox 260 436 470 470; x_wconf 76' lang='lat' dir='ltr'>testimonIis</span> <span class='ocrx_word' id='word_1_45' title='bbox 495 435 658 473; x_wconf 74' lang='lat' dir='ltr'>tradidit,</span> <span class='ocrx_word' id='word_1_46' title='bbox 695 448 762 480; x_wconf 87' lang='lat' dir='ltr'>qua</span> <span class='ocrx_word' id='word_1_47' title='bbox 788 435 949 469; x_wconf 86' lang='lat' dir='ltr'>adfirmat</span> <span class='ocrx_word' id='word_1_48' title='bbox 971 447 1008 469; x_wconf 90' lang='lat' dir='ltr'>se</span> <span class='ocrx_word' id='word_1_49' title='bbox 1031 448 1096 469; x_wconf 87' lang='lat' dir='ltr'>nos</span> 
     </span>
    </p>
   </div>
   <div class='ocr_carea' id='block_1_5' title="bbox 102 486 1120 531">
    <p class='ocr_par' dir='ltr' id='par_1_5' title="bbox 102 486 1120 531">
     <span class='ocr_line' id='line_1_10' title="bbox 102 486 1120 531; baseline 0.001 -12"><span class='ocrx_word' id='word_1_50' title='bbox 102 487 269 531; x_wconf 86' lang='lat' dir='ltr'>recipere,</span> <span class='ocrx_word' id='word_1_51' title='bbox 287 488 462 527; x_wconf 82' lang='lat' dir='ltr'>exaudire,</span> <span class='ocrx_word' id='word_1_52' title='bbox 479 493 512 519; x_wconf 88' lang='lat' dir='ltr'>et</span> <span class='ocrx_word' id='word_1_53' title='bbox 527 487 659 518; x_wconf 85' lang='lat' dir='ltr'>donare</span> <span class='ocrx_word' id='word_1_54' title='bbox 677 486 918 529; x_wconf 85' lang='lat' dir='ltr'>praesentibus</span> <span class='ocrx_word' id='word_1_55' title='bbox 935 493 967 520; x_wconf 88' lang='lat' dir='ltr'>et</span> <span class='ocrx_word' id='word_1_56' title='bbox 983 493 1094 520; x_wconf 84' lang='lat' dir='ltr'>aeter·</span> <span class='ocrx_word' id='word_1_57' title='bbox 1118 518 1120 529; x_wconf 37' lang='grc' dir='ltr'>Ι</span> 
     </span>
    </p>
   </div>
   <div class='ocr_carea' id='block_1_6' title="bbox 100 536 1094 683">
    <p class='ocr_par' dir='ltr' id='par_1_6' title="bbox 100 536 1094 683">
     <span class='ocr_line' id='line_1_11' title="bbox 102 536 1094 581; baseline 0 -11"><span class='ocrx_word' id='word_1_58' title='bbox 102 537 157 570; x_wconf 88' lang='grc'><strong>1115</strong></span> <span class='ocrx_word' id='word_1_59' title='bbox 187 538 291 571; x_wconf 88' lang='lat' dir='ltr'>bonis</span> <span class='ocrx_word' id='word_1_60' title='bbox 323 544 465 581; x_wconf 89' lang='lat' dir='ltr'>propter</span> <span class='ocrx_word' id='word_1_61' title='bbox 491 536 702 581; x_wconf 84' lang='lat' dir='ltr'>promissum</span> <span class='ocrx_word' id='word_1_62' title='bbox 728 549 860 571; x_wconf 86' lang='lat' dir='ltr'>semen.</span> <span class='ocrx_word' id='word_1_63' title='bbox 923 536 1019 571; x_wconf 89' lang='lat' dir='ltr'>Haec</span> <span class='ocrx_word' id='word_1_64' title='bbox 1045 545 1094 571; x_wconf 87' lang='lat' dir='ltr'>est</span> 
     </span>
     <span class='ocr_line' id='line_1_12' title="bbox 101 585 1092 634; baseline 0.002 -14"><span class='ocrx_word' id='word_1_65' title='bbox 101 600 183 621; x_wconf 84' lang='lat' dir='ltr'>vera</span> <span class='ocrx_word' id='word_1_66' title='bbox 208 586 362 623; x_wconf 80' lang='lat' dir='ltr'>Ecclesia</span> <span class='ocrx_word' id='word_1_67' title='bbox 396 594 427 621; x_wconf 89' lang='lat' dir='ltr'>et</span> <span class='ocrx_word' id='word_1_68' title='bbox 460 585 658 621; x_wconf 71' lang='lat' dir='ltr'>haereditas</span> <span class='ocrx_word' id='word_1_69' title='bbox 683 588 771 631; x_wconf 81' lang='lat' dir='ltr'>Dei,</span> <span class='ocrx_word' id='word_1_70' title='bbox 805 589 958 633; x_wconf 88' lang='lat' dir='ltr'>populus</span> <span class='ocrx_word' id='word_1_71' title='bbox 988 601 1092 634; x_wconf 88' lang='lat' dir='ltr'>quem</span> 
     </span>
     <span class='ocr_line' id='line_1_13' title="bbox 100 637 775 683; baseline 0 -11"><span class='ocrx_word' id='word_1_72' title='bbox 100 637 195 672; x_wconf 90' lang='lat' dir='ltr'>Deus</span> <span class='ocrx_word' id='word_1_73' title='bbox 212 639 279 672; x_wconf 92' lang='lat' dir='ltr'>sibi</span> <span class='ocrx_word' id='word_1_74' title='bbox 297 650 456 683; x_wconf 81' lang='lat' dir='ltr'>expresso</span> <span class='ocrx_word' id='word_1_75' title='bbox 476 639 583 672; x_wconf 88' lang='lat' dir='ltr'>verbo</span> <span class='ocrx_word' id='word_1_76' title='bbox 601 639 775 674; x_wconf 82' lang='lat' dir='ltr'>adiunxit.</span> 
     </span>
    </p>
   </div>
   <div class='ocr_carea' id='block_1_7' title="bbox 94 697 1092 1252">
    <p class='ocr_par' dir='ltr' id='par_1_7' title="bbox 94 697 1092 1252">
     <span class='ocr_line' id='line_1_14' title="bbox 203 697 1092 742; baseline 0 -12"><span class='ocrx_word' id='word_1_77' title='bbox 203 697 340 731; x_wconf 86' lang='lat' dir='ltr'>Deinde</span> <span class='ocrx_word' id='word_1_78' title='bbox 377 697 503 741; x_wconf 87' lang='lat' dir='ltr'>repetit</span> <span class='ocrx_word' id='word_1_79' title='bbox 544 698 741 731; x_wconf 83' lang='lat' dir='ltr'>doctrinam</span> <span class='ocrx_word' id='word_1_80' title='bbox 779 699 821 731; x_wconf 90' lang='lat' dir='ltr'>de</span> <span class='ocrx_word' id='word_1_81' title='bbox 857 698 1092 742; x_wconf 81' lang='lat' dir='ltr'>providentia,</span> 
     </span>
     <span class='ocr_line' id='line_1_15' title="bbox 99 748 1090 791; baseline -0.001 -9"><span class='ocrx_word' id='word_1_82' title='bbox 99 749 296 791; x_wconf 88' lang='lat' dir='ltr'>praesentia</span> <span class='ocrx_word' id='word_1_83' title='bbox 319 755 350 781; x_wconf 92' lang='lat' dir='ltr'>et</span> <span class='ocrx_word' id='word_1_84' title='bbox 372 748 504 781; x_wconf 85' lang='lat' dir='ltr'>auxilio</span> <span class='ocrx_word' id='word_1_85' title='bbox 520 748 608 789; x_wconf 76' lang='lat' dir='ltr'>Dei,</span> <span class='ocrx_word' id='word_1_86' title='bbox 636 756 667 782; x_wconf 88' lang='lat' dir='ltr'>et</span> <span class='ocrx_word' id='word_1_87' title='bbox 689 749 937 782; x_wconf 77' lang='lat' dir='ltr'>extenuatione</span> <span class='ocrx_word' id='word_1_88' title='bbox 960 749 1090 782; x_wconf 87' lang='lat' dir='ltr'>virium</span> 
     </span>
     <span class='ocr_line' id='line_1_16' title="bbox 98 797 1090 833; baseline -0.001 0"><span class='ocrx_word' id='word_1_89' title='bbox 98 797 351 833; x_wconf 66' lang='lat' dir='ltr'>humanarum:</span> <span class='ocrx_word' id='word_1_90' title='bbox 379 797 580 832; x_wconf 77' lang='lat' dir='ltr'>Humanae</span> <span class='ocrx_word' id='word_1_91' title='bbox 600 799 691 832; x_wconf 63' lang='lat' dir='ltr'>vires</span> <span class='ocrx_word' id='word_1_92' title='bbox 708 798 787 832; x_wconf 82' lang='lat' dir='ltr'>sine</span> <span class='ocrx_word' id='word_1_93' title='bbox 804 797 886 832; x_wconf 88' lang='lat' dir='ltr'>Deo</span> <span class='ocrx_word' id='word_1_94' title='bbox 903 803 988 832; x_wconf 82' lang='lat' dir='ltr'>sunt</span> <span class='ocrx_word' id='word_1_95' title='bbox 1006 799 1090 832; x_wconf 80' lang='lat' dir='ltr'>ina-</span> 
     </span>
     <span class='ocr_line' id='line_1_17' title="bbox 97 847 1088 897; baseline 0 -14"><span class='ocrx_word' id='word_1_96' title='bbox 97 861 177 888; x_wconf 87' lang='lat' dir='ltr'>nes,</span> <span class='ocrx_word' id='word_1_97' title='bbox 204 847 348 896; x_wconf 60' lang='lat' dir='ltr'>sallas:</span> <span class='ocrx_word' id='word_1_98' title='bbox 371 861 481 897; x_wconf 78' lang='lat' dir='ltr'>equus</span> <span class='ocrx_word' id='word_1_99' title='bbox 507 847 562 882; x_wconf 85' lang='lat' dir='ltr'>ad</span> <span class='ocrx_word' id='word_1_100' title='bbox 583 849 764 889; x_wconf 79' lang='lat' dir='ltr'>salutem,</span> <span class='ocrx_word' id='word_1_101' title='bbox 799 858 838 884; x_wconf 90' lang='lat' dir='ltr'>ut</span> <span class='ocrx_word' id='word_1_102' title='bbox 863 851 975 885; x_wconf 84' lang='lat' dir='ltr'>exitus</span> <span class='ocrx_word' id='word_1_103' title='bbox 1000 852 1088 885; x_wconf 79' lang='lat' dir='ltr'>Sen—</span> 
     </span>
     <span class='ocr_line' id='line_1_18' title="bbox 96 899 1090 936; baseline 0.001 -3"><span class='ocrx_word' id='word_1_104' title='bbox 96 899 246 934; x_wconf 88' lang='lat' dir='ltr'>naherib</span> <span class='ocrx_word' id='word_1_105' title='bbox 287 901 456 934; x_wconf 88' lang='lat' dir='ltr'>ostendit:</span> <span class='ocrx_word' id='word_1_106' title='bbox 499 899 548 933; x_wconf 82' lang='lat' dir='ltr'>At</span> <span class='ocrx_word' id='word_1_107' title='bbox 581 900 679 934; x_wconf 79' lang='lat' dir='ltr'>oculi</span> <span class='ocrx_word' id='word_1_108' title='bbox 707 899 871 934; x_wconf 82' lang='lat' dir='ltr'>Domini</span> <span class='ocrx_word' id='word_1_109' title='bbox 901 901 1090 936; x_wconf 75' lang='lat' dir='ltr'>intuentur</span> 
     </span>
     <span class='ocr_line' id='line_1_19' title="bbox 96 949 1089 994; baseline 0.002 -11"><span class='ocrx_word' id='word_1_110' title='bbox 96 955 289 985; x_wconf 77' lang='lat' dir='ltr'>metuentes</span> <span class='ocrx_word' id='word_1_111' title='bbox 319 962 414 993; x_wconf 88' lang='lat' dir='ltr'>eum,</span> <span class='ocrx_word' id='word_1_112' title='bbox 448 950 554 985; x_wconf 70' lang='lat' dir='ltr'>Deus</span> <span class='ocrx_word' id='word_1_113' title='bbox 585 949 740 985; x_wconf 81' lang='lat' dir='ltr'>custodit</span> <span class='ocrx_word' id='word_1_114' title='bbox 767 952 975 986; x_wconf 60' lang='lat' dir='ltr'>invocantes</span> <span class='ocrx_word' id='word_1_115' title='bbox 1000 965 1089 994; x_wconf 84' lang='lat' dir='ltr'>eum,</span> 
     </span>
     <span class='ocr_line' id='line_1_20' title="bbox 95 1001 1089 1048; baseline 0.001 -12"><span class='ocrx_word' id='word_1_116' title='bbox 95 1009 135 1036; x_wconf 85' lang='lat' dir='ltr'>ut</span> <span class='ocrx_word' id='word_1_117' title='bbox 153 1001 324 1036; x_wconf 79' lang='lat' dir='ltr'>Ezechiae</span> <span class='ocrx_word' id='word_1_118' title='bbox 344 1003 505 1036; x_wconf 83' lang='lat' dir='ltr'>liberatio</span> <span class='ocrx_word' id='word_1_119' title='bbox 525 1010 689 1036; x_wconf 84' lang='lat' dir='ltr'>testatur:</span> <span class='ocrx_word' id='word_1_120' title='bbox 718 1003 815 1037; x_wconf 89' lang='lat' dir='ltr'>Dens</span> <span class='ocrx_word' id='word_1_121' title='bbox 832 1004 953 1048; x_wconf 86' lang='lat' dir='ltr'>aspicit</span> <span class='ocrx_word' id='word_1_122' title='bbox 971 1002 1089 1037; x_wconf 88' lang='lat' dir='ltr'>homi—</span> 
     </span>
     <span class='ocr_line' id='line_1_21' title="bbox 94 1051 1087 1098; baseline 0.001 -12"><span class='ocrx_word' id='word_1_123' title='bbox 94 1065 182 1087; x_wconf 90' lang='lat' dir='ltr'>num</span> <span class='ocrx_word' id='word_1_124' title='bbox 206 1066 310 1097; x_wconf 81' lang='lat' dir='ltr'>opera</span> <span class='ocrx_word' id='word_1_125' title='bbox 338 1062 370 1088; x_wconf 88' lang='lat' dir='ltr'>et</span> <span class='ocrx_word' id='word_1_126' title='bbox 387 1054 544 1089; x_wconf 69' lang='lat' dir='ltr'>consilia,</span> <span class='ocrx_word' id='word_1_127' title='bbox 599 1054 706 1097; x_wconf 82' lang='lat' dir='ltr'>Quod</span> <span class='ocrx_word' id='word_1_128' title='bbox 724 1067 806 1087; x_wconf 85' lang='lat' dir='ltr'>vero</span> <span class='ocrx_word' id='word_1_129' title='bbox 824 1055 889 1088; x_wconf 86' lang='lat' dir='ltr'>ait:</span> <span class='ocrx_word' id='word_1_130' title='bbox 915 1051 1087 1098; x_wconf 74' lang='lat' dir='ltr'>Format,</span> 
     </span>
     <span class='ocr_line' id='line_1_22' title="bbox 94 1104 1089 1148; baseline 0.002 -11"><span class='ocrx_word' id='word_1_131' title='bbox 94 1117 168 1138; x_wconf 88' lang='lat' dir='ltr'>non</span> <span class='ocrx_word' id='word_1_132' title='bbox 188 1104 406 1148; x_wconf 87' lang='lat' dir='ltr'>intelligatur</span> <span class='ocrx_word' id='word_1_133' title='bbox 425 1105 596 1138; x_wconf 88' lang='lat' dir='ltr'>malarum</span> <span class='ocrx_word' id='word_1_134' title='bbox 615 1105 867 1148; x_wconf 78' lang='lat' dir='ltr'>cogitationum</span> <span class='ocrx_word' id='word_1_135' title='bbox 886 1112 989 1139; x_wconf 88' lang='lat' dir='ltr'>autor</span> <span class='ocrx_word' id='word_1_136' title='bbox 1006 1118 1089 1147; x_wconf 88' lang='lat' dir='ltr'>esse,</span> 
     </span>
     <span class='ocr_line' id='line_1_23' title="bbox 95 1156 1086 1201; baseline 0.001 -13"><span class='ocrx_word' id='word_1_137' title='bbox 95 1156 152 1189; x_wconf 89' lang='lat' dir='ltr'>sed</span> <span class='ocrx_word' id='word_1_138' title='bbox 179 1156 294 1189; x_wconf 90' lang='lat' dir='ltr'>bonos</span> <span class='ocrx_word' id='word_1_139' title='bbox 318 1163 463 1189; x_wconf 87' lang='lat' dir='ltr'>conatus</span> <span class='ocrx_word' id='word_1_140' title='bbox 484 1156 643 1195; x_wconf 83' lang='lat' dir='ltr'>adiuvat,</span> <span class='ocrx_word' id='word_1_141' title='bbox 671 1157 782 1189; x_wconf 83' lang='lat' dir='ltr'>malos</span> <span class='ocrx_word' id='word_1_142' title='bbox 800 1157 980 1201; x_wconf 82' lang='lat' dir='ltr'>reprimit,</span> <span class='ocrx_word' id='word_1_143' title='bbox 1007 1169 1086 1191; x_wconf 89' lang='lat' dir='ltr'>cum</span> 
     </span>
     <span class='ocr_line' id='line_1_24' title="bbox 95 1207 410 1252; baseline 0.003 -13"><span class='ocrx_word' id='word_1_144' title='bbox 95 1207 212 1240; x_wconf 86' lang='lat' dir='ltr'>videat</span> <span class='ocrx_word' id='word_1_145' title='bbox 230 1214 410 1252; x_wconf 83' lang='lat' dir='ltr'>utrosque.</span> 
     </span>
    </p>
   </div>
   <div class='ocr_carea' id='block_1_8' title="bbox 91 1265 1086 1465">
    <p class='ocr_par' dir='ltr' id='par_1_8' title="bbox 91 1265 1086 1465">
     <span class='ocr_line' id='line_1_25' title="bbox 195 1265 1086 1312; baseline 0.003 -14"><span class='ocrx_word' id='word_1_146' title='bbox 195 1265 335 1299; x_wconf 88' lang='lat' dir='ltr'>Deinde</span> <span class='ocrx_word' id='word_1_147' title='bbox 366 1267 528 1309; x_wconf 82' lang='lat' dir='ltr'>adiungit</span> <span class='ocrx_word' id='word_1_148' title='bbox 562 1267 781 1310; x_wconf 88' lang='lat' dir='ltr'>precationes</span> <span class='ocrx_word' id='word_1_149' title='bbox 805 1274 972 1312; x_wconf 86' lang='lat' dir='ltr'>tanquam</span> <span class='ocrx_word' id='word_1_150' title='bbox 1000 1280 1086 1301; x_wconf 87' lang='lat' dir='ltr'>con-</span> 
     </span>
     <span class='ocr_line' id='line_1_26' title="bbox 93 1316 1086 1362; baseline 0.002 -13"><span class='ocrx_word' id='word_1_151' title='bbox 93 1317 308 1357; x_wconf 89' lang='lat' dir='ltr'>clusionem,</span> <span class='ocrx_word' id='word_1_152' title='bbox 336 1324 376 1350; x_wconf 90' lang='lat' dir='ltr'>ut</span> <span class='ocrx_word' id='word_1_153' title='bbox 399 1317 436 1349; x_wconf 93' lang='lat' dir='ltr'>in</span> <span class='ocrx_word' id='word_1_154' title='bbox 461 1318 567 1351; x_wconf 87' lang='lat' dir='ltr'>nobis</span> <span class='ocrx_word' id='word_1_155' title='bbox 588 1331 730 1362; x_wconf 88' lang='lat' dir='ltr'>quoque</span> <span class='ocrx_word' id='word_1_156' title='bbox 756 1316 841 1351; x_wconf 87' lang='lat' dir='ltr'>haec</span> <span class='ocrx_word' id='word_1_157' title='bbox 861 1318 945 1351; x_wconf 88' lang='lat' dir='ltr'>fides</span> <span class='ocrx_word' id='word_1_158' title='bbox 963 1331 1086 1351; x_wconf 87' lang='lat' dir='ltr'>accen-</span> 
     </span>
     <span class='ocr_line' id='line_1_27' title="bbox 91 1366 1086 1412; baseline 0.001 -11"><span class='ocrx_word' id='word_1_159' title='bbox 91 1369 216 1408; x_wconf 81' lang='lat' dir='ltr'>datur,</span> <span class='ocrx_word' id='word_1_160' title='bbox 249 1368 393 1400; x_wconf 86' lang='lat' dir='ltr'>credens</span> <span class='ocrx_word' id='word_1_161' title='bbox 424 1366 538 1400; x_wconf 86' lang='lat' dir='ltr'>Deum</span> <span class='ocrx_word' id='word_1_162' title='bbox 571 1368 740 1412; x_wconf 84' lang='lat' dir='ltr'>opitulari</span> <span class='ocrx_word' id='word_1_163' title='bbox 773 1369 1022 1402; x_wconf 85' lang='lat' dir='ltr'>invocantibus</span> <span class='ocrx_word' id='word_1_164' title='bbox 1053 1376 1086 1403; x_wconf 89' lang='lat' dir='ltr'>et</span> 
     </span>
     <span class='ocr_line' id='line_1_28' title="bbox 91 1415 1085 1465; baseline 0.001 -14"><span class='ocrx_word' id='word_1_165' title='bbox 91 1424 213 1462; x_wconf 88' lang='lat' dir='ltr'>petens</span> <span class='ocrx_word' id='word_1_166' title='bbox 235 1418 425 1451; x_wconf 78' lang='lat' dir='ltr'>auxilium:</span> <span class='ocrx_word' id='word_1_167' title='bbox 454 1415 593 1451; x_wconf 84' lang='lat' dir='ltr'>Anima</span> <span class='ocrx_word' id='word_1_168' title='bbox 619 1423 747 1452; x_wconf 82' lang='lat' dir='ltr'>nostra</span> <span class='ocrx_word' id='word_1_169' title='bbox 766 1423 929 1465; x_wconf 63' lang='lat' dir='ltr'>expectat</span> <span class='ocrx_word' id='word_1_170' title='bbox 948 1417 1085 1452; x_wconf 87' lang='lat' dir='ltr'>Domi-</span> 
     </span>
    </p>
   </div>
   <div class='ocr_carea' id='block_1_9' title="bbox 91 1467 1111 1516">
    <p class='ocr_par' dir='ltr' id='par_1_9' title="bbox 91 1467 1111 1516">
     <span class='ocr_line' id='line_1_29' title="bbox 91 1467 1111 1516; baseline 0.004 -15"><span class='ocrx_word' id='word_1_171' title='bbox 91 1481 197 1502; x_wconf 85' lang='lat' dir='ltr'>num:</span> <span class='ocrx_word' id='word_1_172' title='bbox 241 1467 431 1501; x_wconf 65' lang='lat' dir='ltr'>auxilium</span> <span class='ocrx_word' id='word_1_173' title='bbox 469 1473 634 1503; x_wconf 82' lang='lat' dir='ltr'>nostrum</span> <span class='ocrx_word' id='word_1_174' title='bbox 678 1474 707 1502; x_wconf 84' lang='lat' dir='ltr'>et</span> <span class='ocrx_word' id='word_1_175' title='bbox 737 1474 879 1503; x_wconf 79' lang='lat' dir='ltr'>scutum</span> <span class='ocrx_word' id='word_1_176' title='bbox 912 1468 987 1516; x_wconf 82' lang='lat' dir='ltr'>ipse</span> <span class='ocrx_word' id='word_1_177' title='bbox 1019 1475 1082 1506; x_wconf 82' lang='lat' dir='ltr'>est.</span> <span class='ocrx_word' id='word_1_178' title='bbox 1108 1474 1111 1495; x_wconf 63' lang='lat'>¹¹</span> 
     </span>
    </p>
   </div>
   <div class='ocr_carea' id='block_1_10' title="bbox 90 1517 930 1567">
    <p class='ocr_par' dir='ltr' id='par_1_10' title="bbox 90 1517 930 1567">
     <span class='ocr_line' id='line_1_30' title="bbox 90 1517 930 1567; baseline 0.001 -13"><span class='ocrx_word' id='word_1_179' title='bbox 90 1517 184 1554; x_wconf 77' lang='lat' dir='ltr'>Fiat</span> <span class='ocrx_word' id='word_1_180' title='bbox 200 1517 451 1553; x_wconf 81' lang='lat' dir='ltr'>misericordia</span> <span class='ocrx_word' id='word_1_181' title='bbox 469 1524 534 1553; x_wconf 85' lang='lat' dir='ltr'>tua</span> <span class='ocrx_word' id='word_1_182' title='bbox 548 1519 710 1554; x_wconf 81' lang='lat' dir='ltr'>Domine</span> <span class='ocrx_word' id='word_1_183' title='bbox 727 1532 836 1567; x_wconf 82' lang='lat' dir='ltr'>super</span> <span class='ocrx_word' id='word_1_184' title='bbox 854 1533 930 1556; x_wconf 75' lang='lat' dir='ltr'>nos,</span> 
     </span>
    </p>
   </div>
   <div class='ocr_carea' id='block_1_11' title="bbox 138 1630 1084 1871">
    <p class='ocr_par' dir='ltr' id='par_1_11' title="bbox 138 1630 1084 1871">
     <span class='ocr_line' id='line_1_31' title="bbox 218 1630 954 1678; baseline 0 -13"><span class='ocrx_word' id='word_1_185' title='bbox 218 1631 561 1678; x_wconf 78' lang='lat' dir='ltr'>Ar9ument1cm</span> <span class='ocrx_word' id='word_1_186' title='bbox 603 1642 656 1666; x_wconf 87' lang='lat' dir='ltr'>ac</span> <span class='ocrx_word' id='word_1_187' title='bbox 691 1630 954 1676; x_wconf 79' lang='lat' dir='ltr'>dispositio</span> 
     </span>
     <span class='ocr_line' id='line_1_32' title="bbox 386 1698 793 1740; baseline 0.002 -1"><span class='ocrx_word' id='word_1_188' title='bbox 386 1699 545 1739; x_wconf 81' lang='lat' dir='ltr'>Psalmi</span> <span class='ocrx_word' id='word_1_189' title='bbox 583 1698 793 1740; x_wconf 79' lang='lat' dir='ltr'>XXXIV.</span> 
     </span>
     <span class='ocr_line' id='line_1_33' title="bbox 141 1774 1084 1819; baseline 0.001 -11"><span class='ocrx_word' id='word_1_190' title='bbox 141 1774 376 1810; x_wconf 74' lang='lat' dir='ltr'>Benedicam</span> <span class='ocrx_word' id='word_1_191' title='bbox 399 1774 589 1809; x_wconf 80' lang='lat' dir='ltr'>dominum</span> <span class='ocrx_word' id='word_1_192' title='bbox 613 1777 653 1808; x_wconf 86' lang='lat' dir='ltr'>in</span> <span class='ocrx_word' id='word_1_193' title='bbox 676 1776 777 1808; x_wconf 85' lang='lat' dir='ltr'>omni</span> <span class='ocrx_word' id='word_1_194' title='bbox 799 1778 965 1819; x_wconf 78' lang='lat' dir='ltr'>tempore</span> <span class='ocrx_word' id='word_1_195' title='bbox 987 1784 1084 1809; x_wconf 82' lang='lat' dir='ltr'>sem-</span> 
     </span>
     <span class='ocr_line' id='line_1_34' title="bbox 138 1827 654 1871; baseline -0.004 -10"><span class='ocrx_word' id='word_1_196' title='bbox 138 1838 206 1871; x_wconf 81' lang='lat' dir='ltr'>per</span> <span class='ocrx_word' id='word_1_197' title='bbox 222 1827 308 1861; x_wconf 82' lang='lat' dir='ltr'>laus</span> <span class='ocrx_word' id='word_1_198' title='bbox 325 1829 408 1861; x_wconf 80' lang='lat' dir='ltr'>eius</span> <span class='ocrx_word' id='word_1_199' title='bbox 426 1828 468 1860; x_wconf 81' lang='lat' dir='ltr'>in</span> <span class='ocrx_word' id='word_1_200' title='bbox 483 1837 545 1860; x_wconf 85' lang='lat' dir='ltr'>ore</span> <span class='ocrx_word' id='word_1_201' title='bbox 562 1837 654 1860; x_wconf 85' lang='lat' dir='ltr'>meo.</span> 
     </span>
    </p>
   </div>
   <div class='ocr_carea' id='block_1_12' title="bbox 89 1900 1083 2456">
    <p class='ocr_par' dir='ltr' id='par_1_12' title="bbox 89 1900 1083 2456">
     <span class='ocr_line' id='line_1_35' title="bbox 192 1900 1083 1946; baseline -0.002 -10"><span class='ocrx_word' id='word_1_202' title='bbox 192 1903 261 1936; x_wconf 91' lang='lat' dir='ltr'>Hic</span> <span class='ocrx_word' id='word_1_203' title='bbox 284 1903 508 1936; x_wconf 88' lang='lat' dir='ltr'>dulcissimus</span> <span class='ocrx_word' id='word_1_204' title='bbox 525 1902 688 1935; x_wconf 89' lang='lat' dir='ltr'>Psalmus</span> <span class='ocrx_word' id='word_1_205' title='bbox 712 1913 813 1946; x_wconf 83' lang='lat' dir='ltr'>saepe</span> <span class='ocrx_word' id='word_1_206' title='bbox 830 1902 972 1940; x_wconf 90' lang='lat' dir='ltr'>citatur,</span> <span class='ocrx_word' id='word_1_207' title='bbox 1002 1900 1083 1946; x_wconf 91' lang='lat' dir='ltr'>quia</span> 
     </span>
     <span class='ocr_line' id='line_1_36' title="bbox 90 1952 1083 1997; baseline -0.002 -9"><span class='ocrx_word' id='word_1_208' title='bbox 90 1967 163 1988; x_wconf 94' lang='lat' dir='ltr'>non</span> <span class='ocrx_word' id='word_1_209' title='bbox 193 1955 306 1987; x_wconf 83' lang='lat' dir='ltr'>solum</span> <span class='ocrx_word' id='word_1_210' title='bbox 339 1961 521 1997; x_wconf 79' lang='lat' dir='ltr'>praecepta</span> <span class='ocrx_word' id='word_1_211' title='bbox 552 1961 585 1987; x_wconf 91' lang='lat' dir='ltr'>et</span> <span class='ocrx_word' id='word_1_212' title='bbox 609 1953 861 1997; x_wconf 77' lang='lat' dir='ltr'>promissiones</span> <span class='ocrx_word' id='word_1_213' title='bbox 885 1952 1083 1986; x_wconf 82' lang='lat' dir='ltr'>uberrimas</span> 
     </span>
     <span class='ocr_line' id='line_1_37' title="bbox 91 2004 1082 2048; baseline -0.003 -9"><span class='ocrx_word' id='word_1_214' title='bbox 91 2006 266 2045; x_wconf 76' lang='lat' dir='ltr'>continet,</span> <span class='ocrx_word' id='word_1_215' title='bbox 303 2006 362 2038; x_wconf 87' lang='lat' dir='ltr'>sed</span> <span class='ocrx_word' id='word_1_216' title='bbox 395 2005 499 2037; x_wconf 90' lang='lat' dir='ltr'>etiam</span> <span class='ocrx_word' id='word_1_217' title='bbox 526 2004 798 2048; x_wconf 86' lang='lat' dir='ltr'>applicationem</span> <span class='ocrx_word' id='word_1_218' title='bbox 831 2004 1082 2048; x_wconf 83' lang='lat' dir='ltr'>exemplorum,</span> 
     </span>
     <span class='ocr_line' id='line_1_38' title="bbox 91 2055 1081 2102; baseline -0.001 -14"><span class='ocrx_word' id='word_1_219' title='bbox 91 2068 180 2102; x_wconf 91' lang='lat' dir='ltr'>quae</span> <span class='ocrx_word' id='word_1_220' title='bbox 200 2057 299 2089; x_wconf 91' lang='lat' dir='ltr'>docet</span> <span class='ocrx_word' id='word_1_221' title='bbox 316 2067 380 2089; x_wconf 91' lang='lat' dir='ltr'>nos</span> <span class='ocrx_word' id='word_1_222' title='bbox 399 2055 529 2089; x_wconf 89' lang='lat' dir='ltr'>intueri</span> <span class='ocrx_word' id='word_1_223' title='bbox 547 2056 585 2088; x_wconf 88' lang='lat' dir='ltr'>in</span> <span class='ocrx_word' id='word_1_224' title='bbox 604 2056 779 2100; x_wconf 81' lang='lat' dir='ltr'>exempla,</span> <span class='ocrx_word' id='word_1_225' title='bbox 809 2062 841 2088; x_wconf 88' lang='lat' dir='ltr'>et</span> <span class='ocrx_word' id='word_1_226' title='bbox 859 2067 933 2087; x_wconf 91' lang='lat' dir='ltr'>non</span> <span class='ocrx_word' id='word_1_227' title='bbox 948 2055 1081 2088; x_wconf 73' lang='lat' dir='ltr'>abster-</span> 
     </span>
     <span class='ocr_line' id='line_1_39' title="bbox 91 2104 1079 2149; baseline -0.003 -8"><span class='ocrx_word' id='word_1_228' title='bbox 91 2107 162 2141; x_wconf 87' lang='lat' dir='ltr'>reri</span> <span class='ocrx_word' id='word_1_229' title='bbox 193 2104 258 2138; x_wconf 78' lang='lat' dir='ltr'>hac</span> <span class='ocrx_word' id='word_1_230' title='bbox 289 2104 443 2140; x_wconf 88' lang='lat' dir='ltr'>humana</span> <span class='ocrx_word' id='word_1_231' title='bbox 469 2106 756 2140; x_wconf 79' lang='lat' dir='ltr'>ratiocinatione:</span> <span class='ocrx_word' id='word_1_232' title='bbox 791 2105 982 2149; x_wconf 85' lang='lat' dir='ltr'>Privilegia</span> <span class='ocrx_word' id='word_1_233' title='bbox 1008 2118 1079 2139; x_wconf 88' lang='lat' dir='ltr'>non</span> 
     </span>
     <span class='ocr_line' id='line_1_40' title="bbox 91 2154 1081 2201; baseline -0.001 -10"><span class='ocrx_word' id='word_1_234' title='bbox 91 2158 349 2192; x_wconf 81' lang='lat' dir='ltr'>transferantur</span> <span class='ocrx_word' id='word_1_235' title='bbox 374 2157 411 2190; x_wconf 90' lang='lat' dir='ltr'>in</span> <span class='ocrx_word' id='word_1_236' title='bbox 437 2157 644 2201; x_wconf 82' lang='lat' dir='ltr'>exemplum.</span> <span class='ocrx_word' id='word_1_237' title='bbox 712 2156 861 2190; x_wconf 82' lang='lat' dir='ltr'>Etiamsi</span> <span class='ocrx_word' id='word_1_238' title='bbox 887 2154 1081 2197; x_wconf 82' lang='lat' dir='ltr'>Abrabam,</span> 
     </span>
     <span class='ocr_line' id='line_1_41' title="bbox 92 2206 1081 2254; baseline -0.001 -12"><span class='ocrx_word' id='word_1_239' title='bbox 92 2206 238 2253; x_wconf 87' lang='lat' dir='ltr'>Ioseph,</span> <span class='ocrx_word' id='word_1_240' title='bbox 271 2206 388 2240; x_wconf 87' lang='lat' dir='ltr'>David</span> <span class='ocrx_word' id='word_1_241' title='bbox 411 2208 522 2242; x_wconf 87' lang='lat' dir='ltr'>adiuti</span> <span class='ocrx_word' id='word_1_242' title='bbox 545 2215 643 2249; x_wconf 90' lang='lat' dir='ltr'>sunt,</span> <span class='ocrx_word' id='word_1_243' title='bbox 680 2215 797 2242; x_wconf 89' lang='lat' dir='ltr'>tamen</span> <span class='ocrx_word' id='word_1_244' title='bbox 822 2220 895 2241; x_wconf 91' lang='lat' dir='ltr'>non</span> <span class='ocrx_word' id='word_1_245' title='bbox 922 2208 1081 2254; x_wconf 87' lang='lat' dir='ltr'>sequitur</span> 
     </span>
     <span class='ocr_line' id='line_1_42' title="bbox 91 2258 1080 2303; baseline -0.002 -10"><span class='ocrx_word' id='word_1_246' title='bbox 91 2259 238 2293; x_wconf 87' lang='lat' dir='ltr'>caeteris</span> <span class='ocrx_word' id='word_1_247' title='bbox 263 2258 391 2291; x_wconf 87' lang='lat' dir='ltr'>similia</span> <span class='ocrx_word' id='word_1_248' title='bbox 420 2259 585 2292; x_wconf 72' lang='lat' dir='ltr'>beneficia</span> <span class='ocrx_word' id='word_1_249' title='bbox 610 2260 821 2303; x_wconf 85' lang='lat' dir='ltr'>expectanda</span> <span class='ocrx_word' id='word_1_250' title='bbox 848 2271 931 2294; x_wconf 88' lang='lat' dir='ltr'>esse.</span> <span class='ocrx_word' id='word_1_251' title='bbox 993 2259 1080 2298; x_wconf 86' lang='lat' dir='ltr'>Imo,</span> 
     </span>
     <span class='ocr_line' id='line_1_43' title="bbox 90 2307 1080 2355; baseline 0 -12"><span class='ocrx_word' id='word_1_252' title='bbox 90 2310 209 2355; x_wconf 88' lang='lat' dir='ltr'>inquit</span> <span class='ocrx_word' id='word_1_253' title='bbox 224 2307 462 2350; x_wconf 77' lang='lat' dir='ltr'>hicPsalmus‚</span> <span class='ocrx_word' id='word_1_254' title='bbox 488 2310 615 2343; x_wconf 90' lang='lat' dir='ltr'>similia</span> <span class='ocrx_word' id='word_1_255' title='bbox 631 2311 798 2343; x_wconf 83' lang='lat' dir='ltr'>beneficia</span> <span class='ocrx_word' id='word_1_256' title='bbox 815 2309 942 2344; x_wconf 88' lang='lat' dir='ltr'>caeteri</span> <span class='ocrx_word' id='word_1_257' title='bbox 960 2322 1080 2343; x_wconf 87' lang='lat' dir='ltr'>omnes</span> 
     </span>
     <span class='ocr_line' id='line_1_44' title="bbox 91 2358 1080 2406; baseline -0.002 -11"><span class='ocrx_word' id='word_1_258' title='bbox 91 2367 291 2406; x_wconf 84' lang='lat' dir='ltr'>expectent,</span> <span class='ocrx_word' id='word_1_259' title='bbox 326 2360 388 2405; x_wconf 87' lang='lat' dir='ltr'>qui</span> <span class='ocrx_word' id='word_1_260' title='bbox 409 2358 523 2393; x_wconf 82' lang='lat' dir='ltr'>Deum</span> <span class='ocrx_word' id='word_1_261' title='bbox 555 2373 635 2394; x_wconf 89' lang='lat' dir='ltr'>vere</span> <span class='ocrx_word' id='word_1_262' title='bbox 664 2361 847 2402; x_wconf 75' lang='lat' dir='ltr'>invocant,</span> <span class='ocrx_word' id='word_1_263' title='bbox 874 2368 905 2395; x_wconf 88' lang='lat' dir='ltr'>et</span> <span class='ocrx_word' id='word_1_264' title='bbox 930 2361 972 2394; x_wconf 89' lang='lat' dir='ltr'>ad</span> <span class='ocrx_word' id='word_1_265' title='bbox 1000 2373 1080 2394; x_wconf 90' lang='lat' dir='ltr'>cum</span> 
     </span>
     <span class='ocr_line' id='line_1_45' title="bbox 89 2412 310 2456; baseline 0 -10"><span class='ocrx_word' id='word_1_266' title='bbox 89 2412 310 2456; x_wconf 84' lang='lat' dir='ltr'>confugiunt.</span> 
     </span>
    </p>
   </div>
   <div class='ocr_carea' id='block_1_13' title="bbox 90 2468 1080 2670">
    <p class='ocr_par' dir='ltr' id='par_1_13' title="bbox 90 2468 1080 2670">
     <span class='ocr_line' id='line_1_46' title="bbox 193 2468 1080 2515; baseline -0.003 -9"><span class='ocrx_word' id='word_1_267' title='bbox 193 2471 263 2506; x_wconf 91' lang='lat' dir='ltr'>Sed</span> <span class='ocrx_word' id='word_1_268' title='bbox 282 2468 340 2505; x_wconf 88' lang='lat' dir='ltr'>hic</span> <span class='ocrx_word' id='word_1_269' title='bbox 358 2471 455 2515; x_wconf 89' lang='lat' dir='ltr'>prius</span> <span class='ocrx_word' id='word_1_270' title='bbox 471 2471 620 2504; x_wconf 87' lang='lat' dir='ltr'>tenenda</span> <span class='ocrx_word' id='word_1_271' title='bbox 639 2478 689 2506; x_wconf 89' lang='lat' dir='ltr'>est</span> <span class='ocrx_word' id='word_1_272' title='bbox 706 2471 865 2506; x_wconf 90' lang='lat' dir='ltr'>doctrina</span> <span class='ocrx_word' id='word_1_273' title='bbox 882 2469 1080 2514; x_wconf 84' lang='lat' dir='ltr'>Evangelii,</span> 
     </span>
     <span class='ocr_line' id='line_1_47' title="bbox 90 2522 1080 2567; baseline 0 -11"><span class='ocrx_word' id='word_1_274' title='bbox 90 2529 131 2556; x_wconf 89' lang='lat' dir='ltr'>ut</span> <span class='ocrx_word' id='word_1_275' title='bbox 165 2529 411 2566; x_wconf 85' lang='lat' dir='ltr'>argumentum</span> <span class='ocrx_word' id='word_1_276' title='bbox 448 2522 656 2566; x_wconf 77' lang='lat' dir='ltr'>explicetur,</span> <span class='ocrx_word' id='word_1_277' title='bbox 698 2523 792 2567; x_wconf 88' lang='lat' dir='ltr'>quod</span> <span class='ocrx_word' id='word_1_278' title='bbox 829 2523 883 2556; x_wconf 86' lang='lat' dir='ltr'>lex</span> <span class='ocrx_word' id='word_1_279' title='bbox 918 2522 1080 2567; x_wconf 87' lang='lat' dir='ltr'>opponit.</span> 
     </span>
     <span class='ocr_line' id='line_1_48' title="bbox 91 2571 1078 2619; baseline 0 -12"><span class='ocrx_word' id='word_1_280' title='bbox 91 2571 210 2607; x_wconf 83' lang='lat' dir='ltr'>Iustus</span> <span class='ocrx_word' id='word_1_281' title='bbox 229 2574 289 2608; x_wconf 90' lang='lat' dir='ltr'>dat</span> <span class='ocrx_word' id='word_1_282' title='bbox 313 2573 472 2619; x_wconf 81' lang='lat' dir='ltr'>aequalia</span> <span class='ocrx_word' id='word_1_283' title='bbox 496 2572 718 2617; x_wconf 86' lang='lat' dir='ltr'>aequalibus:</span> <span class='ocrx_word' id='word_1_284' title='bbox 747 2571 873 2617; x_wconf 89' lang='lat' dir='ltr'>Ioseph</span> <span class='ocrx_word' id='word_1_285' title='bbox 891 2579 923 2606; x_wconf 88' lang='lat' dir='ltr'>et</span> <span class='ocrx_word' id='word_1_286' title='bbox 939 2585 1002 2617; x_wconf 84' lang='lat' dir='ltr'>ego</span> <span class='ocrx_word' id='word_1_287' title='bbox 1020 2586 1078 2607; x_wconf 91' lang='lat' dir='ltr'>su-</span> 
     </span>
     <span class='ocr_line' id='line_1_49' title="bbox 91 2623 1078 2670; baseline -0.001 -12"><span class='ocrx_word' id='word_1_288' title='bbox 91 2636 170 2658; x_wconf 90' lang='lat' dir='ltr'>mus</span> <span class='ocrx_word' id='word_1_289' title='bbox 193 2624 415 2670; x_wconf 85' lang='lat' dir='ltr'>inaequales,</span> <span class='ocrx_word' id='word_1_290' title='bbox 443 2624 504 2658; x_wconf 89' lang='lat' dir='ltr'>ille</span> <span class='ocrx_word' id='word_1_291' title='bbox 526 2631 599 2657; x_wconf 88' lang='lat' dir='ltr'>erat</span> <span class='ocrx_word' id='word_1_292' title='bbox 621 2623 733 2657; x_wconf 88' lang='lat' dir='ltr'>iustus</span> <span class='ocrx_word' id='word_1_293' title='bbox 751 2631 783 2658; x_wconf 90' lang='lat' dir='ltr'>et</span> <span class='ocrx_word' id='word_1_294' title='bbox 799 2631 944 2657; x_wconf 87' lang='lat' dir='ltr'>ornatus</span> <span class='ocrx_word' id='word_1_295' title='bbox 963 2625 1078 2657; x_wconf 87' lang='lat' dir='ltr'>omni-</span> 
     </span>
    </p>
   </div>
   <div class='ocr_carea' id='block_1_14' title="bbox 91 2674 1105 2720">
    <p class='ocr_par' dir='ltr' id='par_1_14' title="bbox 91 2674 1105 2720">
     <span class='ocr_line' id='line_1_50' title="bbox 91 2674 1105 2720; baseline 0.003 -12"><span class='ocrx_word' id='word_1_296' title='bbox 91 2674 159 2709; x_wconf 80' lang='lat' dir='ltr'>bus</span> <span class='ocrx_word' id='word_1_297' title='bbox 187 2675 395 2718; x_wconf 83' lang='lat' dir='ltr'>virtutibus,</span> <span class='ocrx_word' id='word_1_298' title='bbox 431 2687 494 2720; x_wconf 85' lang='lat' dir='ltr'>ego</span> <span class='ocrx_word' id='word_1_299' title='bbox 523 2686 600 2710; x_wconf 89' lang='lat' dir='ltr'>sum</span> <span class='ocrx_word' id='word_1_300' title='bbox 625 2674 794 2717; x_wconf 87' lang='lat' dir='ltr'>iniustus,</span> <span class='ocrx_word' id='word_1_301' title='bbox 827 2681 860 2709; x_wconf 87' lang='lat' dir='ltr'>et</span> <span class='ocrx_word' id='word_1_302' title='bbox 884 2675 1078 2709; x_wconf 88' lang='lat' dir='ltr'>multorum</span> <span class='ocrx_word' id='word_1_303' title='bbox 1102 2707 1105 2711; x_wconf 93' lang='lat'>.</span> 
     </span>
    </p>
   </div>
   <div class='ocr_carea' id='block_1_15' title="bbox 715 93 1553 135">
    <p class='ocr_par' dir='ltr' id='par_1_15' title="bbox 715 93 1553 135">
     <span class='ocr_line' id='line_1_51' title="bbox 715 93 1553 135; baseline 0.005 -4"><span class='ocrx_word' id='word_1_304' title='bbox 715 96 777 131; x_wconf 90' lang='lat' dir='ltr'>IX.</span> <span class='ocrx_word' id='word_1_305' title='bbox 829 93 1194 132; x_wconf 74' lang='lat' dir='ltr'><strong>COMMENTARH</strong></span> <span class='ocrx_word' id='word_1_306' title='bbox 1228 93 1277 128; x_wconf 91' lang='lat' dir='ltr'>IN</span> <span class='ocrx_word' id='word_1_307' title='bbox 1311 94 1553 135; x_wconf 58' lang='lat' dir='ltr'>PSALMOS</span> 
     </span>
    </p>
   </div>
   <div class='ocr_carea' id='block_1_16' title="bbox 2044 101 2141 136">
    <p class='ocr_par' dir='ltr' id='par_1_16' title="bbox 2044 101 2141 136">
     <span class='ocr_line' id='line_1_52' title="bbox 2044 101 2141 136; baseline 0 -1"><span class='ocrx_word' id='word_1_308' title='bbox 2044 101 2141 136; x_wconf 83' lang='lat'>1070</span> 
     </span>
    </p>
   </div>
   <div class='ocr_carea' id='block_1_17' title="bbox 1124 185 2136 278">
    <p class='ocr_par' dir='ltr' id='par_1_17' title="bbox 1124 185 2136 278">
     <span class='ocr_line' id='line_1_53' title="bbox 1152 185 2136 230; baseline 0.008 -17"><span class='ocrx_word' id='word_1_309' title='bbox 1152 187 1372 224; x_wconf 86' lang='lat' dir='ltr'>peccatorum</span> <span class='ocrx_word' id='word_1_310' title='bbox 1411 196 1504 217; x_wconf 87' lang='lat' dir='ltr'>reus:</span> <span class='ocrx_word' id='word_1_311' title='bbox 1548 196 1628 228; x_wconf 84' lang='lat' dir='ltr'>ergo</span> <span class='ocrx_word' id='word_1_312' title='bbox 1667 185 1720 218; x_wconf 90' lang='lat' dir='ltr'>illi</span> <span class='ocrx_word' id='word_1_313' title='bbox 1753 185 1841 219; x_wconf 88' lang='lat' dir='ltr'>iuste</span> <span class='ocrx_word' id='word_1_314' title='bbox 1871 186 2024 230; x_wconf 86' lang='lat' dir='ltr'>praemia</span> <span class='ocrx_word' id='word_1_315' title='bbox 2056 187 2136 222; x_wconf 87' lang='lat' dir='ltr'>data</span> 
     </span>
     <span class='ocr_line' id='line_1_54' title="bbox 1124 233 2136 278; baseline 0.007 -14"><span class='ocrx_word' id='word_1_316' title='bbox 1124 238 1126 257; x_wconf 61' lang='lat' dir='ltr'><strong><em>s</em></strong></span> <span class='ocrx_word' id='word_1_317' title='bbox 1150 238 1251 271; x_wconf 90' lang='lat' dir='ltr'>sunt,</span> <span class='ocrx_word' id='word_1_318' title='bbox 1289 243 1351 274; x_wconf 83' lang='lat' dir='ltr'>ego</span> <span class='ocrx_word' id='word_1_319' title='bbox 1377 233 1466 267; x_wconf 80' lang='lat' dir='ltr'>iuste</span> <span class='ocrx_word' id='word_1_320' title='bbox 1491 236 1612 278; x_wconf 90' lang='lat' dir='ltr'>poenis</span> <span class='ocrx_word' id='word_1_321' title='bbox 1636 237 1791 271; x_wconf 86' lang='lat' dir='ltr'>adficior.</span> <span class='ocrx_word' id='word_1_322' title='bbox 1844 235 1914 270; x_wconf 89' lang='lat' dir='ltr'>Sed</span> <span class='ocrx_word' id='word_1_323' title='bbox 1937 237 2054 270; x_wconf 87' lang='lat' dir='ltr'>minor</span> <span class='ocrx_word' id='word_1_324' title='bbox 2079 250 2136 271; x_wconf 85' lang='lat' dir='ltr'>ex-</span> 
     </span>
    </p>
   </div>
   <div class='ocr_carea' id='block_1_18' title="bbox 1122 282 2134 331">
    <p class='ocr_par' dir='ltr' id='par_1_18' title="bbox 1122 282 2134 331">
     <span class='ocr_line' id='line_1_55' title="bbox 1122 282 2134 331; baseline 0.007 -17"><span class='ocrx_word' id='word_1_325' title='bbox 1122 294 1124 296; x_wconf 94' lang='lat'>·</span> <span class='ocrx_word' id='word_1_326' title='bbox 1149 282 1337 326; x_wconf 85' lang='lat' dir='ltr'>plicatione</span> <span class='ocrx_word' id='word_1_327' title='bbox 1370 284 1523 327; x_wconf 81' lang='lat' dir='ltr'>indiget,</span> <span class='ocrx_word' id='word_1_328' title='bbox 1559 299 1645 331; x_wconf 88' lang='lat' dir='ltr'>quae</span> <span class='ocrx_word' id='word_1_329' title='bbox 1674 300 1714 320; x_wconf 82' lang='lat' dir='ltr'>ex</span> <span class='ocrx_word' id='word_1_330' title='bbox 1740 285 1934 331; x_wconf 80' lang='lat' dir='ltr'>Evangelio</span> <span class='ocrx_word' id='word_1_331' title='bbox 1964 289 2134 322; x_wconf 88' lang='lat' dir='ltr'>sumenda</span> 
     </span>
    </p>
   </div>
   <div class='ocr_carea' id='block_1_19' title="bbox 1122 332 2134 876">
    <p class='ocr_par' dir='ltr' id='par_1_19' title="bbox 1122 332 2134 876">
     <span class='ocr_line' id='line_1_56' title="bbox 1122 332 2134 384; baseline 0.006 -18"><span class='ocrx_word' id='word_1_332' title='bbox 1122 345 1123 354; x_wconf 63' lang='lat'>¹</span> <span class='ocrx_word' id='word_1_333' title='bbox 1148 340 1208 366; x_wconf 88' lang='lat' dir='ltr'>est.</span> <span class='ocrx_word' id='word_1_334' title='bbox 1262 332 1392 367; x_wconf 87' lang='lat' dir='ltr'>Sumus</span> <span class='ocrx_word' id='word_1_335' title='bbox 1410 337 1570 380; x_wconf 82' lang='lat' dir='ltr'>aequales</span> <span class='ocrx_word' id='word_1_336' title='bbox 1580 336 1706 381; x_wconf 82' lang='lat' dir='ltr'>Ioseph</span> <span class='ocrx_word' id='word_1_337' title='bbox 1722 346 1754 372; x_wconf 91' lang='lat' dir='ltr'>et</span> <span class='ocrx_word' id='word_1_338' title='bbox 1769 351 1853 378; x_wconf 84' lang='lat' dir='ltr'>nos,</span> <span class='ocrx_word' id='word_1_339' title='bbox 1880 339 2021 384; x_wconf 89' lang='lat' dir='ltr'>utrique</span> <span class='ocrx_word' id='word_1_340' title='bbox 2039 339 2134 372; x_wconf 86' lang='lat' dir='ltr'>enim</span> 
     </span>
     <span class='ocr_line' id='line_1_57' title="bbox 1145 385 2133 433; baseline 0.007 -17"><span class='ocrx_word' id='word_1_341' title='bbox 1145 396 1265 417; x_wconf 87' lang='lat' dir='ltr'>sumus</span> <span class='ocrx_word' id='word_1_342' title='bbox 1297 385 1348 416; x_wconf 91' lang='lat' dir='ltr'>rei</span> <span class='ocrx_word' id='word_1_343' title='bbox 1375 386 1568 419; x_wconf 88' lang='lat' dir='ltr'>multorum</span> <span class='ocrx_word' id='word_1_344' title='bbox 1597 396 1831 431; x_wconf 85' lang='lat' dir='ltr'>peccatorum:</span> <span class='ocrx_word' id='word_1_345' title='bbox 1866 391 1923 423; x_wconf 87' lang='lat' dir='ltr'>sed</span> <span class='ocrx_word' id='word_1_346' title='bbox 1949 397 1980 423; x_wconf 93' lang='lat' dir='ltr'>et</span> <span class='ocrx_word' id='word_1_347' title='bbox 2006 387 2133 433; x_wconf 87' lang='lat' dir='ltr'>Ioseph</span> 
     </span>
     <span class='ocr_line' id='line_1_58' title="bbox 1145 435 2132 484; baseline 0.008 -18"><span class='ocrx_word' id='word_1_348' title='bbox 1145 435 1314 478; x_wconf 83' lang='lat' dir='ltr'>recipitur</span> <span class='ocrx_word' id='word_1_349' title='bbox 1338 436 1444 478; x_wconf 85' lang='lat' dir='ltr'>gratis</span> <span class='ocrx_word' id='word_1_350' title='bbox 1472 449 1532 480; x_wconf 86' lang='lat' dir='ltr'>per</span> <span class='ocrx_word' id='word_1_351' title='bbox 1558 439 1851 481; x_wconf 85' lang='lat' dir='ltr'>misericordiam,</span> <span class='ocrx_word' id='word_1_352' title='bbox 1885 448 1917 474; x_wconf 89' lang='lat' dir='ltr'>et</span> <span class='ocrx_word' id='word_1_353' title='bbox 1940 452 2005 474; x_wconf 90' lang='lat' dir='ltr'>nos</span> <span class='ocrx_word' id='word_1_354' title='bbox 2026 440 2132 484; x_wconf 87' lang='lat' dir='ltr'>gratis</span> 
     </span>
     <span class='ocr_line' id='line_1_59' title="bbox 1144 485 2131 534; baseline 0.008 -17"><span class='ocrx_word' id='word_1_355' title='bbox 1144 485 1335 530; x_wconf 90' lang='lat' dir='ltr'>recipimur</span> <span class='ocrx_word' id='word_1_356' title='bbox 1357 498 1418 529; x_wconf 90' lang='lat' dir='ltr'>per</span> <span class='ocrx_word' id='word_1_357' title='bbox 1437 488 1713 522; x_wconf 87' lang='lat' dir='ltr'>misericordiam</span> <span class='ocrx_word' id='word_1_358' title='bbox 1732 498 1875 534; x_wconf 84' lang='lat' dir='ltr'>propter</span> <span class='ocrx_word' id='word_1_359' title='bbox 1898 491 2028 524; x_wconf 76' lang='lat' dir='ltr'>Filium</span> <span class='ocrx_word' id='word_1_360' title='bbox 2052 490 2131 527; x_wconf 79' lang='lat' dir='ltr'>Dei.</span> 
     </span>
     <span class='ocr_line' id='line_1_60' title="bbox 1146 535 2131 585; baseline 0.007 -17"><span class='ocrx_word' id='word_1_361' title='bbox 1146 535 1196 569; x_wconf 88' lang='lat' dir='ltr'>Ita</span> <span class='ocrx_word' id='word_1_362' title='bbox 1220 548 1341 569; x_wconf 88' lang='lat' dir='ltr'>rursus</span> <span class='ocrx_word' id='word_1_363' title='bbox 1370 537 1541 571; x_wconf 83' lang='lat' dir='ltr'>efficimur</span> <span class='ocrx_word' id='word_1_364' title='bbox 1567 541 1741 585; x_wconf 84' lang='lat' dir='ltr'>aequales.</span> <span class='ocrx_word' id='word_1_365' title='bbox 1801 540 1896 574; x_wconf 91' lang='lat' dir='ltr'>Haec</span> <span class='ocrx_word' id='word_1_366' title='bbox 1927 549 1977 575; x_wconf 85' lang='lat' dir='ltr'>est</span> <span class='ocrx_word' id='word_1_367' title='bbox 2007 543 2131 585; x_wconf 80' lang='lat' dir='ltr'>ingens</span> 
     </span>
     <span class='ocr_line' id='line_1_61' title="bbox 1143 587 2129 636; baseline 0.006 -17"><span class='ocrx_word' id='word_1_368' title='bbox 1143 587 1302 625; x_wconf 85' lang='lat' dir='ltr'>bonitas,</span> <span class='ocrx_word' id='word_1_369' title='bbox 1358 601 1462 633; x_wconf 87' lang='lat' dir='ltr'>quam</span> <span class='ocrx_word' id='word_1_370' title='bbox 1492 590 1567 623; x_wconf 75' lang='lat' dir='ltr'>vult</span> <span class='ocrx_word' id='word_1_371' title='bbox 1599 591 1693 624; x_wconf 86' lang='lat' dir='ltr'>Deus</span> <span class='ocrx_word' id='word_1_372' title='bbox 1725 592 1865 634; x_wconf 81' lang='lat' dir='ltr'>agnosci</span> <span class='ocrx_word' id='word_1_373' title='bbox 1899 599 1931 625; x_wconf 90' lang='lat' dir='ltr'>et</span> <span class='ocrx_word' id='word_1_374' title='bbox 1962 592 2129 636; x_wconf 86' lang='lat' dir='ltr'>conspici.</span> 
     </span>
     <span class='ocr_line' id='line_1_62' title="bbox 1142 636 2129 685; baseline 0.005 -15"><span class='ocrx_word' id='word_1_375' title='bbox 1142 636 1194 671; x_wconf 92' lang='lat' dir='ltr'>De</span> <span class='ocrx_word' id='word_1_376' title='bbox 1219 636 1283 671; x_wconf 72' lang='lat' dir='ltr'>hac</span> <span class='ocrx_word' id='word_1_377' title='bbox 1308 639 1518 683; x_wconf 85' lang='lat' dir='ltr'>aequalitate</span> <span class='ocrx_word' id='word_1_378' title='bbox 1548 641 1697 674; x_wconf 74' lang='lat' dir='ltr'>sciamus</span> <span class='ocrx_word' id='word_1_379' title='bbox 1726 643 1829 675; x_wconf 90' lang='lat' dir='ltr'>nobis</span> <span class='ocrx_word' id='word_1_380' title='bbox 1854 641 2040 685; x_wconf 73' lang='lat' dir='ltr'>Evangelii</span> <span class='ocrx_word' id='word_1_381' title='bbox 2068 656 2129 676; x_wconf 77' lang='lat' dir='ltr'>vo-</span> 
     </span>
     <span class='ocr_line' id='line_1_63' title="bbox 1142 690 2131 735; baseline 0.005 -14"><span class='ocrx_word' id='word_1_382' title='bbox 1142 701 1214 721; x_wconf 91' lang='lat' dir='ltr'>cem</span> <span class='ocrx_word' id='word_1_383' title='bbox 1238 690 1463 729; x_wconf 83' lang='lat' dir='ltr'>concionari,</span> <span class='ocrx_word' id='word_1_384' title='bbox 1492 703 1596 735; x_wconf 90' lang='lat' dir='ltr'>quam</span> <span class='ocrx_word' id='word_1_385' title='bbox 1620 692 1688 724; x_wconf 88' lang='lat' dir='ltr'>nisi</span> <span class='ocrx_word' id='word_1_386' title='bbox 1714 705 1793 725; x_wconf 87' lang='lat' dir='ltr'>vera</span> <span class='ocrx_word' id='word_1_387' title='bbox 1809 694 1875 726; x_wconf 88' lang='lat' dir='ltr'>fide</span> <span class='ocrx_word' id='word_1_388' title='bbox 1896 693 2036 726; x_wconf 77' lang='lat' dir='ltr'>infixam</span> <span class='ocrx_word' id='word_1_389' title='bbox 2053 694 2131 726; x_wconf 87' lang='lat' dir='ltr'>ani-</span> 
     </span>
     <span class='ocr_line' id='line_1_64' title="bbox 1142 739 2130 782; baseline 0.004 -10"><span class='ocrx_word' id='word_1_390' title='bbox 1142 740 1207 773; x_wconf 86' lang='lat' dir='ltr'>mis</span> <span class='ocrx_word' id='word_1_391' title='bbox 1233 741 1449 782; x_wconf 82' lang='lat' dir='ltr'>tenebimus,</span> <span class='ocrx_word' id='word_1_392' title='bbox 1485 739 1550 775; x_wconf 84' lang='lat' dir='ltr'>hae</span> <span class='ocrx_word' id='word_1_393' title='bbox 1583 743 1840 776; x_wconf 85' lang='lat' dir='ltr'>consolationes</span> <span class='ocrx_word' id='word_1_394' title='bbox 1870 744 1909 776; x_wconf 85' lang='lat' dir='ltr'>in</span> <span class='ocrx_word' id='word_1_395' title='bbox 1943 741 2008 776; x_wconf 90' lang='grc'><strong>1100</strong></span> <span class='ocrx_word' id='word_1_396' title='bbox 2032 743 2130 776; x_wconf 86' lang='lat' dir='ltr'>Psal-</span> 
     </span>
     <span class='ocr_line' id='line_1_65' title="bbox 1140 792 2130 838; baseline 0.005 -15"><span class='ocrx_word' id='word_1_397' title='bbox 1140 803 1198 824; x_wconf 90' lang='lat' dir='ltr'>mo</span> <span class='ocrx_word' id='word_1_398' title='bbox 1223 792 1434 836; x_wconf 83' lang='lat' dir='ltr'>propositae,</span> <span class='ocrx_word' id='word_1_399' title='bbox 1463 804 1527 825; x_wconf 90' lang='lat' dir='ltr'>nec</span> <span class='ocrx_word' id='word_1_400' title='bbox 1542 793 1798 838; x_wconf 79' lang='lat' dir='ltr'>intelligentur,</span> <span class='ocrx_word' id='word_1_401' title='bbox 1826 806 1889 828; x_wconf 91' lang='lat' dir='ltr'>nec</span> <span class='ocrx_word' id='word_1_402' title='bbox 1915 794 2048 828; x_wconf 88' lang='lat' dir='ltr'>lenient</span> <span class='ocrx_word' id='word_1_403' title='bbox 2066 795 2130 828; x_wconf 89' lang='lat' dir='ltr'>do-</span> 
     </span>
     <span class='ocr_line' id='line_1_66' title="bbox 1140 841 1243 876; baseline 0.019 -2"><span class='ocrx_word' id='word_1_404' title='bbox 1140 841 1243 876; x_wconf 86' lang='lat' dir='ltr'>lores.</span> 
     </span>
    </p>
   </div>
   <div class='ocr_carea' id='block_1_20' title="bbox 1136 909 2131 1462">
    <p class='ocr_par' dir='ltr' id='par_1_20' title="bbox 1136 909 2131 1462">
     <span class='ocr_line' id='line_1_67' title="bbox 1242 909 2131 958; baseline 0.004 -16"><span class='ocrx_word' id='word_1_405' title='bbox 1242 909 1432 956; x_wconf 89' lang='lat' dir='ltr'>Postquam</span> <span class='ocrx_word' id='word_1_406' title='bbox 1451 919 1566 946; x_wconf 89' lang='lat' dir='ltr'>autem</span> <span class='ocrx_word' id='word_1_407' title='bbox 1585 914 1713 948; x_wconf 89' lang='lat' dir='ltr'>scimus</span> <span class='ocrx_word' id='word_1_408' title='bbox 1728 915 1834 958; x_wconf 90' lang='lat' dir='ltr'>recipi</span> <span class='ocrx_word' id='word_1_409' title='bbox 1848 912 2131 958; x_wconf 87' lang='lat' dir='ltr'>propterFilium</span> 
     </span>
     <span class='ocr_line' id='line_1_68' title="bbox 1139 958 2130 1010; baseline 0.005 -18"><span class='ocrx_word' id='word_1_410' title='bbox 1139 958 1205 993; x_wconf 91' lang='lat' dir='ltr'>Dei</span> <span class='ocrx_word' id='word_1_411' title='bbox 1233 962 1339 1003; x_wconf 83' lang='lat' dir='ltr'>gratis</span> <span class='ocrx_word' id='word_1_412' title='bbox 1366 964 1557 1007; x_wconf 89' lang='lat' dir='ltr'>aequaliter</span> <span class='ocrx_word' id='word_1_413' title='bbox 1579 977 1701 998; x_wconf 90' lang='lat' dir='ltr'>omnes</span> <span class='ocrx_word' id='word_1_414' title='bbox 1727 966 1787 1010; x_wconf 91' lang='lat' dir='ltr'>qui</span> <span class='ocrx_word' id='word_1_415' title='bbox 1813 964 1928 998; x_wconf 85' lang='lat' dir='ltr'>Deum</span> <span class='ocrx_word' id='word_1_416' title='bbox 1953 965 2130 1004; x_wconf 79' lang='lat' dir='ltr'>invocant,</span> 
     </span>
     <span class='ocr_line' id='line_1_69' title="bbox 1140 1011 2130 1058; baseline 0.004 -15"><span class='ocrx_word' id='word_1_417' title='bbox 1140 1018 1171 1045; x_wconf 89' lang='lat' dir='ltr'>et</span> <span class='ocrx_word' id='word_1_418' title='bbox 1202 1011 1328 1045; x_wconf 84' lang='lat' dir='ltr'>fiducia</span> <span class='ocrx_word' id='word_1_419' title='bbox 1351 1012 1435 1046; x_wconf 82' lang='lat' dir='ltr'>Filii</span> <span class='ocrx_word' id='word_1_420' title='bbox 1461 1013 1526 1047; x_wconf 84' lang='lat' dir='ltr'>Dei</span> <span class='ocrx_word' id='word_1_421' title='bbox 1558 1017 1708 1049; x_wconf 90' lang='lat' dir='ltr'>credunt</span> <span class='ocrx_word' id='word_1_422' title='bbox 1735 1017 1802 1049; x_wconf 86' lang='lat' dir='ltr'>sibi</span> <span class='ocrx_word' id='word_1_423' title='bbox 1827 1016 1958 1049; x_wconf 83' lang='lat' dir='ltr'>remitti</span> <span class='ocrx_word' id='word_1_424' title='bbox 1981 1022 2130 1058; x_wconf 86' lang='lat' dir='ltr'>peccata,</span> 
     </span>
     <span class='ocr_line' id='line_1_70' title="bbox 1139 1063 2129 1108; baseline 0.003 -14"><span class='ocrx_word' id='word_1_425' title='bbox 1139 1069 1223 1095; x_wconf 89' lang='lat' dir='ltr'>tunc</span> <span class='ocrx_word' id='word_1_426' title='bbox 1255 1063 1460 1097; x_wconf 88' lang='lat' dir='ltr'>dulcescunt</span> <span class='ocrx_word' id='word_1_427' title='bbox 1489 1063 1555 1098; x_wconf 79' lang='lat' dir='ltr'>hae</span> <span class='ocrx_word' id='word_1_428' title='bbox 1584 1067 1861 1108; x_wconf 84' lang='lat' dir='ltr'>consolationes,</span> <span class='ocrx_word' id='word_1_429' title='bbox 1894 1073 1978 1100; x_wconf 88' lang='lat' dir='ltr'>tunc</span> <span class='ocrx_word' id='word_1_430' title='bbox 2001 1066 2129 1098; x_wconf 89' lang='lat' dir='ltr'>scimus</span> 
     </span>
     <span class='ocr_line' id='line_1_71' title="bbox 1139 1114 2128 1163; baseline 0.004 -19"><span class='ocrx_word' id='word_1_431' title='bbox 1139 1114 1180 1144; x_wconf 85' lang='lat' dir='ltr'>ad</span> <span class='ocrx_word' id='word_1_432' title='bbox 1207 1125 1270 1145; x_wconf 88' lang='lat' dir='ltr'>nos</span> <span class='ocrx_word' id='word_1_433' title='bbox 1296 1115 1471 1157; x_wconf 78' lang='lat' dir='ltr'>pertinere</span> <span class='ocrx_word' id='word_1_434' title='bbox 1497 1114 1580 1149; x_wconf 77' lang='lat' dir='ltr'>haec</span> <span class='ocrx_word' id='word_1_435' title='bbox 1596 1117 1705 1150; x_wconf 83' lang='lat' dir='ltr'>dicta:</span> <span class='ocrx_word' id='word_1_436' title='bbox 1735 1114 1852 1163; x_wconf 86' lang='lat' dir='ltr'>Prope</span> <span class='ocrx_word' id='word_1_437' title='bbox 1869 1121 1919 1150; x_wconf 81' lang='lat' dir='ltr'>est</span> <span class='ocrx_word' id='word_1_438' title='bbox 1937 1115 2128 1150; x_wconf 78' lang='lat' dir='ltr'>Dominus</span> 
     </span>
     <span class='ocr_line' id='line_1_72' title="bbox 1138 1160 2128 1212; baseline 0.004 -18"><span class='ocrx_word' id='word_1_439' title='bbox 1138 1160 1198 1195; x_wconf 75' lang='lat' dir='ltr'>his</span> <span class='ocrx_word' id='word_1_440' title='bbox 1220 1163 1286 1210; x_wconf 75' lang='lat' dir='ltr'>qui</span> <span class='ocrx_word' id='word_1_441' title='bbox 1308 1163 1488 1199; x_wconf 82' lang='lat' dir='ltr'>tribulato</span> <span class='ocrx_word' id='word_1_442' title='bbox 1506 1170 1591 1199; x_wconf 78' lang='lat' dir='ltr'>sunt</span> <span class='ocrx_word' id='word_1_443' title='bbox 1609 1165 1729 1207; x_wconf 89' lang='lat' dir='ltr'>corde,</span> <span class='ocrx_word' id='word_1_444' title='bbox 1759 1173 1788 1201; x_wconf 81' lang='lat' dir='ltr'>et</span> <span class='ocrx_word' id='word_1_445' title='bbox 1805 1167 1977 1201; x_wconf 80' lang='lat' dir='ltr'>contritos</span> <span class='ocrx_word' id='word_1_446' title='bbox 1994 1166 2128 1212; x_wconf 83' lang='lat' dir='ltr'>spiritu</span> 
     </span>
     <span class='ocr_line' id='line_1_73' title="bbox 1136 1212 2129 1253; baseline 0.004 -6"><span class='ocrx_word' id='word_1_447' title='bbox 1136 1212 1309 1250; x_wconf 65' lang='lat' dir='ltr'>salvabit.</span> <span class='ocrx_word' id='word_1_448' title='bbox 1365 1215 1461 1250; x_wconf 85' lang='lat' dir='ltr'>Ilaec</span> <span class='ocrx_word' id='word_1_449' title='bbox 1483 1219 1644 1252; x_wconf 88' lang='lat' dir='ltr'>doctrina</span> <span class='ocrx_word' id='word_1_450' title='bbox 1671 1219 1785 1252; x_wconf 85' lang='lat' dir='ltr'>aliena</span> <span class='ocrx_word' id='word_1_451' title='bbox 1809 1226 1859 1253; x_wconf 91' lang='lat' dir='ltr'>est</span> <span class='ocrx_word' id='word_1_452' title='bbox 1883 1232 1900 1251; x_wconf 90' lang='lat' dir='ltr'>a</span> <span class='ocrx_word' id='word_1_453' title='bbox 1922 1218 2052 1252; x_wconf 90' lang='lat' dir='ltr'>iudicio</span> <span class='ocrx_word' id='word_1_454' title='bbox 2072 1229 2129 1251; x_wconf 89' lang='lat' dir='ltr'>ra-</span> 
     </span>
     <span class='ocr_line' id='line_1_74' title="bbox 1138 1266 2128 1312; baseline 0.007 -15"><span class='ocrx_word' id='word_1_455' title='bbox 1138 1266 1245 1298; x_wconf 85' lang='lat' dir='ltr'>tionis</span> <span class='ocrx_word' id='word_1_456' title='bbox 1283 1274 1315 1300; x_wconf 90' lang='lat' dir='ltr'>et</span> <span class='ocrx_word' id='word_1_457' title='bbox 1346 1268 1529 1301; x_wconf 88' lang='lat' dir='ltr'>sententiis</span> <span class='ocrx_word' id='word_1_458' title='bbox 1560 1269 1665 1312; x_wconf 83' lang='lat' dir='ltr'>legis,</span> <span class='ocrx_word' id='word_1_459' title='bbox 1708 1271 1768 1303; x_wconf 90' lang='lat' dir='ltr'>sed</span> <span class='ocrx_word' id='word_1_460' title='bbox 1803 1277 1920 1303; x_wconf 90' lang='lat' dir='ltr'>tamen</span> <span class='ocrx_word' id='word_1_461' title='bbox 1948 1281 2028 1302; x_wconf 83' lang='lat' dir='ltr'>vera</span> <span class='ocrx_word' id='word_1_462' title='bbox 2067 1275 2128 1304; x_wconf 83' lang='lat' dir='ltr'>est.</span> 
     </span>
     <span class='ocr_line' id='line_1_75' title="bbox 1136 1314 2130 1354; baseline 0.004 -7"><span class='ocrx_word' id='word_1_463' title='bbox 1136 1314 1201 1349; x_wconf 86' lang='lat' dir='ltr'>Est</span> <span class='ocrx_word' id='word_1_464' title='bbox 1218 1317 1311 1348; x_wconf 91' lang='lat' dir='ltr'>enim</span> <span class='ocrx_word' id='word_1_465' title='bbox 1330 1317 1406 1350; x_wconf 90' lang='lat' dir='ltr'>sine</span> <span class='ocrx_word' id='word_1_466' title='bbox 1423 1318 1495 1351; x_wconf 88' lang='lat' dir='ltr'>ulla</span> <span class='ocrx_word' id='word_1_467' title='bbox 1514 1320 1736 1353; x_wconf 87' lang='lat' dir='ltr'>dubitatione</span> <span class='ocrx_word' id='word_1_468' title='bbox 1753 1327 1934 1354; x_wconf 87' lang='lat' dir='ltr'>aeternum</span> <span class='ocrx_word' id='word_1_469' title='bbox 1951 1327 1983 1353; x_wconf 93' lang='lat' dir='ltr'>et</span> <span class='ocrx_word' id='word_1_470' title='bbox 1998 1320 2130 1352; x_wconf 90' lang='lat' dir='ltr'>immu-</span> 
     </span>
     <span class='ocr_line' id='line_1_76' title="bbox 1138 1366 2129 1414; baseline 0.003 -16"><span class='ocrx_word' id='word_1_471' title='bbox 1138 1367 1243 1399; x_wconf 85' lang='lat' dir='ltr'>tabile</span> <span class='ocrx_word' id='word_1_472' title='bbox 1267 1366 1332 1400; x_wconf 92' lang='lat' dir='ltr'>Dei</span> <span class='ocrx_word' id='word_1_473' title='bbox 1356 1367 1609 1411; x_wconf 79' lang='lat' dir='ltr'>Evangelium‚</span> <span class='ocrx_word' id='word_1_474' title='bbox 1637 1371 1730 1414; x_wconf 87' lang='lat' dir='ltr'>quod</span> <span class='ocrx_word' id='word_1_475' title='bbox 1755 1371 1904 1414; x_wconf 90' lang='lat' dir='ltr'>protulit</span> <span class='ocrx_word' id='word_1_476' title='bbox 1925 1369 2038 1403; x_wconf 83' lang='lat' dir='ltr'>Filius</span> <span class='ocrx_word' id='word_1_477' title='bbox 2063 1368 2129 1402; x_wconf 90' lang='lat' dir='ltr'>Dei</span> 
     </span>
     <span class='ocr_line' id='line_1_77' title="bbox 1137 1417 2129 1462; baseline 0.003 -13"><span class='ocrx_word' id='word_1_478' title='bbox 1137 1429 1176 1449; x_wconf 79' lang='lat' dir='ltr'>ex</span> <span class='ocrx_word' id='word_1_479' title='bbox 1203 1417 1283 1450; x_wconf 91' lang='lat' dir='ltr'>sinu</span> <span class='ocrx_word' id='word_1_480' title='bbox 1308 1419 1441 1451; x_wconf 89' lang='lat' dir='ltr'>aeterni</span> <span class='ocrx_word' id='word_1_481' title='bbox 1473 1420 1600 1462; x_wconf 83' lang='lat' dir='ltr'>patriS,</span> <span class='ocrx_word' id='word_1_482' title='bbox 1633 1428 1670 1454; x_wconf 88' lang='lat' dir='ltr'>ut</span> <span class='ocrx_word' id='word_1_483' title='bbox 1695 1419 1758 1454; x_wconf 91' lang='lat' dir='ltr'>hac</span> <span class='ocrx_word' id='word_1_484' title='bbox 1782 1433 1862 1454; x_wconf 76' lang='lat' dir='ltr'>vera</span> <span class='ocrx_word' id='word_1_485' title='bbox 1888 1420 2129 1453; x_wconf 87' lang='lat' dir='ltr'>consolatione</span> 
     </span>
    </p>
   </div>
   <div class='ocr_carea' id='block_1_21' title="bbox 1110 209 1127 1520">
    <p class='ocr_par' dir='ltr' id='par_1_21' title="bbox 1110 209 1127 1520">
     <span class='ocr_line' id='line_1_78' title="bbox 1110 209 1127 1520; baseline 0 0"><span class='ocrx_word' id='word_1_486' title='bbox 1110 209 1127 1520; x_wconf 95' lang='lat' dir='ltr'> </span> 
     </span>
    </p>
   </div>
   <div class='ocr_carea' id='block_1_22' title="bbox 1105 1716 1112 2298">
    <p class='ocr_par' dir='ltr' id='par_1_22' title="bbox 1105 1716 1112 2298">
     <span class='ocr_line' id='line_1_79' title="bbox 1105 1716 1112 2298; baseline 0 0"><span class='ocrx_word' id='word_1_487' title='bbox 1105 1716 1112 2298; x_wconf 95' lang='lat' dir='ltr'> </span> 
     </span>
    </p>
   </div>
   <div class='ocr_carea' id='block_1_23' title="bbox 1136 1466 2129 1567">
    <p class='ocr_par' dir='ltr' id='par_1_23' title="bbox 1136 1466 2129 1567">
     <span class='ocr_line' id='line_1_80' title="bbox 1136 1466 2129 1515; baseline 0.003 -15"><span class='ocrx_word' id='word_1_488' title='bbox 1136 1469 1177 1501; x_wconf 89' lang='lat' dir='ltr'>ad</span> <span class='ocrx_word' id='word_1_489' title='bbox 1205 1466 1320 1501; x_wconf 79' lang='lat' dir='ltr'>Deum</span> <span class='ocrx_word' id='word_1_490' title='bbox 1353 1481 1568 1503; x_wconf 77' lang='lat' dir='ltr'>revocemur.</span> <span class='ocrx_word' id='word_1_491' title='bbox 1622 1470 1698 1505; x_wconf 89' lang='lat' dir='ltr'>Hac</span> <span class='ocrx_word' id='word_1_492' title='bbox 1731 1471 2012 1515; x_wconf 88' lang='lat' dir='ltr'>praemonitione</span> <span class='ocrx_word' id='word_1_493' title='bbox 2044 1482 2129 1504; x_wconf 85' lang='lat' dir='ltr'>con-</span> 
     </span>
     <span class='ocr_line' id='line_1_81' title="bbox 1137 1519 1904 1567; baseline 0.007 -16"><span class='ocrx_word' id='word_1_494' title='bbox 1137 1519 1286 1552; x_wconf 83' lang='lat' dir='ltr'>siderata</span> <span class='ocrx_word' id='word_1_495' title='bbox 1305 1519 1418 1553; x_wconf 84' lang='lat' dir='ltr'>facilis</span> <span class='ocrx_word' id='word_1_496' title='bbox 1437 1528 1486 1554; x_wconf 91' lang='lat' dir='ltr'>est</span> <span class='ocrx_word' id='word_1_497' title='bbox 1503 1520 1633 1555; x_wconf 88' lang='lat' dir='ltr'>Psalmi</span> <span class='ocrx_word' id='word_1_498' title='bbox 1650 1523 1904 1567; x_wconf 84' lang='lat' dir='ltr'>interpretatio.</span> 
     </span>
    </p>
   </div>
   <div class='ocr_carea' id='block_1_24' title="bbox 1136 1577 2128 1827">
    <p class='ocr_par' dir='ltr' id='par_1_24' title="bbox 1136 1577 2128 1827">
     <span class='ocr_line' id='line_1_82' title="bbox 1239 1577 2127 1625; baseline 0.002 -14"><span class='ocrx_word' id='word_1_499' title='bbox 1239 1577 1400 1612; x_wconf 89' lang='lat' dir='ltr'>Primum</span> <span class='ocrx_word' id='word_1_500' title='bbox 1427 1580 1497 1623; x_wconf 83' lang='lat' dir='ltr'>agit</span> <span class='ocrx_word' id='word_1_501' title='bbox 1520 1580 1648 1623; x_wconf 84' lang='lat' dir='ltr'>gratias</span> <span class='ocrx_word' id='word_1_502' title='bbox 1665 1580 1741 1615; x_wconf 91' lang='lat' dir='ltr'>Deo</span> <span class='ocrx_word' id='word_1_503' title='bbox 1767 1594 1830 1625; x_wconf 87' lang='lat' dir='ltr'>pro</span> <span class='ocrx_word' id='word_1_504' title='bbox 1847 1581 2127 1615; x_wconf 86' lang='lat' dir='ltr'>liberationibus.</span> 
     </span>
     <span class='ocr_line' id='line_1_83' title="bbox 1137 1628 2128 1676; baseline 0.002 -15"><span class='ocrx_word' id='word_1_505' title='bbox 1137 1628 1274 1662; x_wconf 85' lang='lat' dir='ltr'>Deinde</span> <span class='ocrx_word' id='word_1_506' title='bbox 1298 1631 1496 1674; x_wconf 80' lang='lat' dir='ltr'>exemplum</span> <span class='ocrx_word' id='word_1_507' title='bbox 1523 1643 1604 1664; x_wconf 90' lang='lat' dir='ltr'>suae</span> <span class='ocrx_word' id='word_1_508' title='bbox 1628 1632 1851 1665; x_wconf 88' lang='lat' dir='ltr'>liberationis</span> <span class='ocrx_word' id='word_1_509' title='bbox 1875 1632 2042 1676; x_wconf 89' lang='lat' dir='ltr'>proponit</span> <span class='ocrx_word' id='word_1_510' title='bbox 2063 1631 2128 1664; x_wconf 77' lang='lat' dir='ltr'>toti</span> 
     </span>
     <span class='ocr_line' id='line_1_84' title="bbox 1136 1678 2127 1727; baseline 0.003 -15"><span class='ocrx_word' id='word_1_511' title='bbox 1136 1679 1334 1720; x_wconf 88' lang='lat' dir='ltr'>Ecclesiae,</span> <span class='ocrx_word' id='word_1_512' title='bbox 1363 1693 1401 1713; x_wconf 87' lang='lat' dir='ltr'>ac</span> <span class='ocrx_word' id='word_1_513' title='bbox 1424 1678 1587 1714; x_wconf 86' lang='lat' dir='ltr'>hortatur</span> <span class='ocrx_word' id='word_1_514' title='bbox 1602 1682 1776 1725; x_wconf 72' lang='lat' dir='ltr'>singulos,</span> <span class='ocrx_word' id='word_1_515' title='bbox 1801 1690 1840 1716; x_wconf 91' lang='lat' dir='ltr'>ut</span> <span class='ocrx_word' id='word_1_516' title='bbox 1857 1683 2023 1727; x_wconf 84' lang='lat' dir='ltr'>exemplis</span> <span class='ocrx_word' id='word_1_517' title='bbox 2038 1683 2127 1715; x_wconf 88' lang='lat' dir='ltr'>alio-</span> 
     </span>
     <span class='ocr_line' id='line_1_85' title="bbox 1136 1731 2126 1778; baseline 0.003 -14"><span class='ocrx_word' id='word_1_518' title='bbox 1136 1743 1232 1771; x_wconf 89' lang='lat' dir='ltr'>rum,</span> <span class='ocrx_word' id='word_1_519' title='bbox 1259 1731 1320 1775; x_wconf 86' lang='lat' dir='ltr'>qui</span> <span class='ocrx_word' id='word_1_520' title='bbox 1338 1732 1470 1774; x_wconf 84' lang='lat' dir='ltr'>experti</span> <span class='ocrx_word' id='word_1_521' title='bbox 1488 1739 1570 1766; x_wconf 88' lang='lat' dir='ltr'>sunt</span> <span class='ocrx_word' id='word_1_522' title='bbox 1585 1731 1650 1766; x_wconf 88' lang='lat' dir='ltr'>Dei</span> <span class='ocrx_word' id='word_1_523' title='bbox 1666 1733 1854 1774; x_wconf 86' lang='lat' dir='ltr'>beneficia,</span> <span class='ocrx_word' id='word_1_524' title='bbox 1883 1740 2001 1778; x_wconf 83' lang='lat' dir='ltr'>petant</span> <span class='ocrx_word' id='word_1_525' title='bbox 2019 1740 2052 1767; x_wconf 88' lang='lat' dir='ltr'>et</span> <span class='ocrx_word' id='word_1_526' title='bbox 2068 1745 2126 1767; x_wconf 82' lang='lat' dir='ltr'>ex-</span> 
     </span>
     <span class='ocr_line' id='line_1_86' title="bbox 1137 1781 1550 1827; baseline 0.002 -12"><span class='ocrx_word' id='word_1_527' title='bbox 1137 1789 1274 1827; x_wconf 86' lang='lat' dir='ltr'>pectent</span> <span class='ocrx_word' id='word_1_528' title='bbox 1293 1781 1550 1817; x_wconf 83' lang='lat' dir='ltr'>liberationem.</span> 
     </span>
    </p>
   </div>
   <div class='ocr_carea' id='block_1_25' title="bbox 1134 1841 2126 2141">
    <p class='ocr_par' dir='ltr' id='par_1_25' title="bbox 1134 1841 2126 2141">
     <span class='ocr_line' id='line_1_87' title="bbox 1237 1841 2126 1888; baseline 0.004 -14"><span class='ocrx_word' id='word_1_529' title='bbox 1237 1841 1283 1874; x_wconf 80' lang='lat' dir='ltr'>Et</span> <span class='ocrx_word' id='word_1_530' title='bbox 1306 1842 1341 1874; x_wconf 89' lang='lat' dir='ltr'>in</span> <span class='ocrx_word' id='word_1_531' title='bbox 1368 1854 1470 1876; x_wconf 85' lang='lat' dir='ltr'>versu</span> <span class='ocrx_word' id='word_1_532' title='bbox 1497 1851 1621 1888; x_wconf 87' lang='lat' dir='ltr'>quarto</span> <span class='ocrx_word' id='word_1_533' title='bbox 1646 1842 1882 1884; x_wconf 76' lang='grc' dir='ltr'>ὑποτύπωσις</span> <span class='ocrx_word' id='word_1_534' title='bbox 1897 1853 1948 1880; x_wconf 92' lang='lat' dir='ltr'>est</span> <span class='ocrx_word' id='word_1_535' title='bbox 1963 1845 2126 1879; x_wconf 89' lang='lat' dir='ltr'>dulcissi-</span> 
     </span>
     <span class='ocr_line' id='line_1_88' title="bbox 1136 1891 2126 1942; baseline 0.006 -18"><span class='ocrx_word' id='word_1_536' title='bbox 1136 1904 1205 1925; x_wconf 88' lang='lat' dir='ltr'>ma.</span> <span class='ocrx_word' id='word_1_537' title='bbox 1261 1891 1301 1925; x_wconf 90' lang='grc'>111</span> <span class='ocrx_word' id='word_1_538' title='bbox 1335 1905 1401 1938; x_wconf 87' lang='lat' dir='ltr'>qua</span> <span class='ocrx_word' id='word_1_539' title='bbox 1432 1894 1549 1939; x_wconf 88' lang='lat' dir='ltr'>inquit</span> <span class='ocrx_word' id='word_1_540' title='bbox 1573 1907 1698 1938; x_wconf 86' lang='lat' dir='ltr'>magna</span> <span class='ocrx_word' id='word_1_541' title='bbox 1722 1897 1918 1942; x_wconf 85' lang='lat' dir='ltr'>frequentia</span> <span class='ocrx_word' id='word_1_542' title='bbox 1945 1908 2126 1930; x_wconf 84' lang='lat' dir='ltr'>accurrere</span> 
     </span>
     <span class='ocr_line' id='line_1_89' title="bbox 1135 1943 2125 1991; baseline 0.005 -16"><span class='ocrx_word' id='word_1_543' title='bbox 1135 1943 1280 1976; x_wconf 86' lang='lat' dir='ltr'>miseros</span> <span class='ocrx_word' id='word_1_544' title='bbox 1313 1946 1355 1976; x_wconf 91' lang='lat' dir='ltr'>ad</span> <span class='ocrx_word' id='word_1_545' title='bbox 1384 1943 1516 1985; x_wconf 87' lang='lat' dir='ltr'>Deum,</span> <span class='ocrx_word' id='word_1_546' title='bbox 1553 1952 1585 1978; x_wconf 91' lang='lat' dir='ltr'>et</span> <span class='ocrx_word' id='word_1_547' title='bbox 1618 1947 1776 1980; x_wconf 80' lang='lat' dir='ltr'>exaudiri</span> <span class='ocrx_word' id='word_1_548' title='bbox 1808 1959 1930 1981; x_wconf 90' lang='lat' dir='ltr'>eorum</span> <span class='ocrx_word' id='word_1_549' title='bbox 1964 1948 2125 1991; x_wconf 84' lang='lat' dir='ltr'>gemitus,</span> 
     </span>
     <span class='ocr_line' id='line_1_90' title="bbox 1135 1992 2125 2043; baseline 0.006 -18"><span class='ocrx_word' id='word_1_550' title='bbox 1135 2000 1226 2029; x_wconf 76' lang='lat' dir='ltr'>vota.</span> <span class='ocrx_word' id='word_1_551' title='bbox 1293 1993 1332 2026; x_wconf 91' lang='lat' dir='ltr'>ln</span> <span class='ocrx_word' id='word_1_552' title='bbox 1359 1992 1423 2027; x_wconf 86' lang='lat' dir='ltr'>hac</span> <span class='ocrx_word' id='word_1_553' title='bbox 1446 1996 1641 2040; x_wconf 80' lang='lat' dir='ltr'>frequentia</span> <span class='ocrx_word' id='word_1_554' title='bbox 1665 1999 1923 2033; x_wconf 87' lang='lat' dir='ltr'>accurrentium</span> <span class='ocrx_word' id='word_1_555' title='bbox 1948 2010 2012 2031; x_wconf 90' lang='lat' dir='ltr'>nos</span> <span class='ocrx_word' id='word_1_556' title='bbox 2037 2010 2125 2043; x_wconf 89' lang='lat' dir='ltr'>quo-</span> 
     </span>
     <span class='ocr_line' id='line_1_91' title="bbox 1135 2045 2125 2093; baseline 0.005 -16"><span class='ocrx_word' id='word_1_557' title='bbox 1135 2057 1201 2089; x_wconf 91' lang='lat' dir='ltr'>que</span> <span class='ocrx_word' id='word_1_558' title='bbox 1226 2045 1351 2085; x_wconf 88' lang='lat' dir='ltr'>simus,</span> <span class='ocrx_word' id='word_1_559' title='bbox 1380 2053 1411 2078; x_wconf 90' lang='lat' dir='ltr'>et</span> <span class='ocrx_word' id='word_1_560' title='bbox 1436 2058 1512 2079; x_wconf 89' lang='lat' dir='ltr'>cum</span> <span class='ocrx_word' id='word_1_561' title='bbox 1540 2048 1834 2090; x_wconf 88' lang='lat' dir='ltr'>promissionibus</span> <span class='ocrx_word' id='word_1_562' title='bbox 1855 2050 1976 2083; x_wconf 89' lang='lat' dir='ltr'>crebro</span> <span class='ocrx_word' id='word_1_563' title='bbox 1996 2049 2125 2093; x_wconf 87' lang='lat' dir='ltr'>repeti-</span> 
     </span>
     <span class='ocr_line' id='line_1_92' title="bbox 1134 2096 2039 2141; baseline 0.006 -13"><span class='ocrx_word' id='word_1_564' title='bbox 1134 2096 1197 2139; x_wconf 87' lang='lat' dir='ltr'>tis,</span> <span class='ocrx_word' id='word_1_565' title='bbox 1226 2103 1299 2130; x_wconf 89' lang='lat' dir='ltr'>tum</span> <span class='ocrx_word' id='word_1_566' title='bbox 1317 2108 1400 2129; x_wconf 73' lang='lat' dir='ltr'>vero</span> <span class='ocrx_word' id='word_1_567' title='bbox 1422 2098 1588 2141; x_wconf 78' lang='lat' dir='ltr'>exemplis</span> <span class='ocrx_word' id='word_1_568' title='bbox 1605 2098 1816 2134; x_wconf 87' lang='lat' dir='ltr'>Sanctorum</span> <span class='ocrx_word' id='word_1_569' title='bbox 1836 2100 2039 2133; x_wconf 83' lang='lat' dir='ltr'>invitemur.</span> 
     </span>
    </p>
   </div>
   <div class='ocr_carea' id='block_1_26' title="bbox 1131 2163 2123 2723">
    <p class='ocr_par' dir='ltr' id='par_1_26' title="bbox 1131 2163 2123 2723">
     <span class='ocr_line' id='line_1_93' title="bbox 1236 2163 2123 2212; baseline 0.006 -15"><span class='ocrx_word' id='word_1_570' title='bbox 1236 2163 1374 2198; x_wconf 84' lang='lat' dir='ltr'>Deinde</span> <span class='ocrx_word' id='word_1_571' title='bbox 1407 2173 1603 2210; x_wconf 86' lang='lat' dir='ltr'>sequuntur</span> <span class='ocrx_word' id='word_1_572' title='bbox 1628 2169 1877 2211; x_wconf 86' lang='lat' dir='ltr'>promissiones</span> <span class='ocrx_word' id='word_1_573' title='bbox 1902 2175 2123 2212; x_wconf 76' lang='lat' dir='ltr'>exaggeratae</span> 
     </span>
     <span class='ocr_line' id='line_1_94' title="bbox 1133 2215 2122 2263; baseline 0.005 -15"><span class='ocrx_word' id='word_1_574' title='bbox 1133 2215 1269 2260; x_wconf 86' lang='lat' dir='ltr'>aliquot</span> <span class='ocrx_word' id='word_1_575' title='bbox 1299 2215 1476 2257; x_wconf 86' lang='lat' dir='ltr'>versibus,</span> <span class='ocrx_word' id='word_1_576' title='bbox 1510 2217 1546 2249; x_wconf 94' lang='lat' dir='ltr'>in</span> <span class='ocrx_word' id='word_1_577' title='bbox 1579 2219 1708 2262; x_wconf 89' lang='lat' dir='ltr'>quibus</span> <span class='ocrx_word' id='word_1_578' title='bbox 1733 2232 1807 2253; x_wconf 91' lang='lat' dir='ltr'>non</span> <span class='ocrx_word' id='word_1_579' title='bbox 1830 2220 1945 2253; x_wconf 87' lang='lat' dir='ltr'>solum</span> <span class='ocrx_word' id='word_1_580' title='bbox 1971 2219 2122 2263; x_wconf 89' lang='lat' dir='ltr'>promis-</span> 
     </span>
     <span class='ocr_line' id='line_1_95' title="bbox 1133 2267 2123 2310; baseline 0.003 -11"><span class='ocrx_word' id='word_1_581' title='bbox 1133 2267 1249 2300; x_wconf 91' lang='lat' dir='ltr'>siones</span> <span class='ocrx_word' id='word_1_582' title='bbox 1274 2268 1561 2309; x_wconf 86' lang='lat' dir='ltr'>considerentur,</span> <span class='ocrx_word' id='word_1_583' title='bbox 1590 2270 1650 2302; x_wconf 89' lang='lat' dir='ltr'>sed</span> <span class='ocrx_word' id='word_1_584' title='bbox 1675 2270 1778 2303; x_wconf 86' lang='lat' dir='ltr'>etiam</span> <span class='ocrx_word' id='word_1_585' title='bbox 1803 2271 1961 2304; x_wconf 88' lang='lat' dir='ltr'>doctrina</span> <span class='ocrx_word' id='word_1_586' title='bbox 1986 2271 2027 2303; x_wconf 87' lang='lat' dir='ltr'>de</span> <span class='ocrx_word' id='word_1_587' title='bbox 2044 2269 2123 2310; x_wconf 84' lang='lat' dir='ltr'>fide,</span> 
     </span>
     <span class='ocr_line' id='line_1_96' title="bbox 1135 2318 2122 2365; baseline 0.002 -14"><span class='ocrx_word' id='word_1_588' title='bbox 1135 2324 1173 2351; x_wconf 87' lang='lat' dir='ltr'>ut</span> <span class='ocrx_word' id='word_1_589' title='bbox 1200 2330 1302 2362; x_wconf 88' lang='lat' dir='ltr'>supra</span> <span class='ocrx_word' id='word_1_590' title='bbox 1321 2330 1421 2362; x_wconf 89' lang='lat' dir='ltr'>saepe</span> <span class='ocrx_word' id='word_1_591' title='bbox 1439 2319 1569 2352; x_wconf 88' lang='lat' dir='ltr'>dictum</span> <span class='ocrx_word' id='word_1_592' title='bbox 1589 2326 1649 2355; x_wconf 87' lang='lat' dir='ltr'>est.</span> <span class='ocrx_word' id='word_1_593' title='bbox 1704 2318 1788 2354; x_wconf 86' lang='lat' dir='ltr'>Edit</span> <span class='ocrx_word' id='word_1_594' title='bbox 1805 2320 1900 2355; x_wconf 91' lang='lat' dir='ltr'>Deus</span> <span class='ocrx_word' id='word_1_595' title='bbox 1916 2320 2122 2365; x_wconf 88' lang='lat' dir='ltr'>promissio-</span> 
     </span>
     <span class='ocr_line' id='line_1_97' title="bbox 1133 2369 2119 2415; baseline 0.002 -13"><span class='ocrx_word' id='word_1_596' title='bbox 1133 2381 1194 2402; x_wconf 88' lang='lat' dir='ltr'>nes</span> <span class='ocrx_word' id='word_1_597' title='bbox 1218 2377 1249 2402; x_wconf 91' lang='lat' dir='ltr'>et</span> <span class='ocrx_word' id='word_1_598' title='bbox 1275 2369 1349 2403; x_wconf 90' lang='lat' dir='ltr'>vult</span> <span class='ocrx_word' id='word_1_599' title='bbox 1370 2382 1433 2403; x_wconf 89' lang='lat' dir='ltr'>nos</span> <span class='ocrx_word' id='word_1_600' title='bbox 1451 2381 1507 2402; x_wconf 84' lang='lat' dir='ltr'>eas</span> <span class='ocrx_word' id='word_1_601' title='bbox 1525 2370 1592 2403; x_wconf 86' lang='lat' dir='ltr'>fide</span> <span class='ocrx_word' id='word_1_602' title='bbox 1608 2371 1780 2415; x_wconf 88' lang='lat' dir='ltr'>accipere,</span> <span class='ocrx_word' id='word_1_603' title='bbox 1807 2370 1874 2406; x_wconf 92' lang='lat' dir='ltr'>hoc</span> <span class='ocrx_word' id='word_1_604' title='bbox 1890 2378 1959 2410; x_wconf 88' lang='lat' dir='ltr'>est,</span> <span class='ocrx_word' id='word_1_605' title='bbox 1987 2371 2024 2404; x_wconf 89' lang='lat' dir='ltr'>in</span> <span class='ocrx_word' id='word_1_606' title='bbox 2043 2371 2119 2415; x_wconf 88' lang='lat' dir='ltr'>ipso</span> 
     </span>
     <span class='ocr_line' id='line_1_98' title="bbox 1133 2421 2120 2468; baseline 0.005 -17"><span class='ocrx_word' id='word_1_607' title='bbox 1133 2421 1240 2454; x_wconf 92' lang='lat' dir='ltr'>verbo</span> <span class='ocrx_word' id='word_1_608' title='bbox 1273 2421 1509 2465; x_wconf 85' lang='lat' dir='ltr'>acquiescere,</span> <span class='ocrx_word' id='word_1_609' title='bbox 1547 2427 1578 2453; x_wconf 90' lang='lat' dir='ltr'>et</span> <span class='ocrx_word' id='word_1_610' title='bbox 1609 2433 1728 2455; x_wconf 87' lang='lat' dir='ltr'>revera</span> <span class='ocrx_word' id='word_1_611' title='bbox 1761 2429 1941 2466; x_wconf 74' lang='lat' dir='ltr'>expectare</span> <span class='ocrx_word' id='word_1_612' title='bbox 1964 2428 2120 2468; x_wconf 56' lang='lat' dir='ltr'>eventus.</span> 
     </span>
     <span class='ocr_line' id='line_1_99' title="bbox 1132 2469 2120 2517; baseline 0.004 -14"><span class='ocrx_word' id='word_1_613' title='bbox 1132 2469 1227 2504; x_wconf 87' lang='lat' dir='ltr'>Haec</span> <span class='ocrx_word' id='word_1_614' title='bbox 1250 2471 1408 2505; x_wconf 86' lang='lat' dir='ltr'>doctrina</span> <span class='ocrx_word' id='word_1_615' title='bbox 1435 2471 1472 2503; x_wconf 90' lang='lat' dir='ltr'>in</span> <span class='ocrx_word' id='word_1_616' title='bbox 1497 2471 1703 2515; x_wconf 86' lang='lat' dir='ltr'>quotidiana</span> <span class='ocrx_word' id='word_1_617' title='bbox 1725 2472 1949 2507; x_wconf 87' lang='lat' dir='ltr'>invocatione</span> <span class='ocrx_word' id='word_1_618' title='bbox 1968 2479 2002 2507; x_wconf 91' lang='lat' dir='ltr'>et</span> <span class='ocrx_word' id='word_1_619' title='bbox 2017 2485 2120 2517; x_wconf 86' lang='lat' dir='ltr'>expe-</span> 
     </span>
     <span class='ocr_line' id='line_1_100' title="bbox 1133 2521 2120 2568; baseline 0.003 -14"><span class='ocrx_word' id='word_1_620' title='bbox 1133 2522 1258 2555; x_wconf 82' lang='lat' dir='ltr'>rientia</span> <span class='ocrx_word' id='word_1_621' title='bbox 1284 2522 1449 2555; x_wconf 87' lang='lat' dir='ltr'>discenda</span> <span class='ocrx_word' id='word_1_622' title='bbox 1473 2528 1535 2556; x_wconf 88' lang='lat' dir='ltr'>est.</span> <span class='ocrx_word' id='word_1_623' title='bbox 1587 2521 1632 2556; x_wconf 88' lang='lat' dir='ltr'>Et</span> <span class='ocrx_word' id='word_1_624' title='bbox 1657 2534 1793 2568; x_wconf 92' lang='lat' dir='ltr'>semper</span> <span class='ocrx_word' id='word_1_625' title='bbox 1817 2525 1946 2566; x_wconf 85' lang='lat' dir='ltr'>oculis,</span> <span class='ocrx_word' id='word_1_626' title='bbox 1974 2524 2120 2557; x_wconf 90' lang='lat' dir='ltr'>auribus</span> 
     </span>
     <span class='ocr_line' id='line_1_101' title="bbox 1132 2571 2120 2609; baseline 0.002 -4"><span class='ocrx_word' id='word_1_627' title='bbox 1132 2584 1171 2606; x_wconf 87' lang='lat' dir='ltr'>ac</span> <span class='ocrx_word' id='word_1_628' title='bbox 1201 2579 1318 2606; x_wconf 87' lang='lat' dir='ltr'>mente</span> <span class='ocrx_word' id='word_1_629' title='bbox 1343 2572 1608 2606; x_wconf 87' lang='lat' dir='ltr'>circumferatur</span> <span class='ocrx_word' id='word_1_630' title='bbox 1631 2571 1716 2607; x_wconf 87' lang='lat' dir='ltr'>haec</span> <span class='ocrx_word' id='word_1_631' title='bbox 1738 2575 1926 2609; x_wconf 88' lang='lat' dir='ltr'>sententia:</span> <span class='ocrx_word' id='word_1_632' title='bbox 1962 2571 2120 2609; x_wconf 83' lang='lat' dir='ltr'>Gustate</span> 
     </span>
     <span class='ocr_line' id='line_1_102' title="bbox 1135 2619 2120 2669; baseline 0.002 -14"><span class='ocrx_word' id='word_1_633' title='bbox 1135 2627 1165 2656; x_wconf 87' lang='lat' dir='ltr'>et</span> <span class='ocrx_word' id='word_1_634' title='bbox 1196 2621 1307 2656; x_wconf 58' lang='lat' dir='ltr'>videte</span> <span class='ocrx_word' id='word_1_635' title='bbox 1331 2619 1433 2669; x_wconf 77' lang='lat' dir='ltr'>quod</span> <span class='ocrx_word' id='word_1_636' title='bbox 1453 2621 1568 2656; x_wconf 85' lang='lat' dir='ltr'>bonus</span> <span class='ocrx_word' id='word_1_637' title='bbox 1592 2623 1640 2657; x_wconf 85' lang='lat' dir='ltr'>sit</span> <span class='ocrx_word' id='word_1_638' title='bbox 1666 2622 1875 2666; x_wconf 80' lang='lat' dir='ltr'>Dominus,</span> <span class='ocrx_word' id='word_1_639' title='bbox 1910 2624 2038 2659; x_wconf 83' lang='lat' dir='ltr'>beatus</span> <span class='ocrx_word' id='word_1_640' title='bbox 2065 2624 2120 2658; x_wconf 70' lang='lat' dir='ltr'>vir</span> 
     </span>
     <span class='ocr_line' id='line_1_103' title="bbox 1131 2671 2119 2723; baseline 0.001 -15"><span class='ocrx_word' id='word_1_641' title='bbox 1131 2674 1199 2721; x_wconf 80' lang='lat' dir='ltr'>qui</span> <span class='ocrx_word' id='word_1_642' title='bbox 1221 2671 1369 2719; x_wconf 85' lang='lat' dir='ltr'>confidit</span> <span class='ocrx_word' id='word_1_643' title='bbox 1394 2672 1432 2707; x_wconf 87' lang='lat' dir='ltr'>in</span> <span class='ocrx_word' id='word_1_644' title='bbox 1457 2684 1507 2710; x_wconf 78' lang='lat' dir='ltr'>eo,</span> <span class='ocrx_word' id='word_1_645' title='bbox 1563 2673 1640 2709; x_wconf 89' lang='lat' dir='ltr'>Hoc</span> <span class='ocrx_word' id='word_1_646' title='bbox 1662 2676 1795 2712; x_wconf 89' lang='lat' dir='ltr'>dictum</span> <span class='ocrx_word' id='word_1_647' title='bbox 1813 2689 1914 2723; x_wconf 88' lang='lat' dir='ltr'>saepe</span> <span class='ocrx_word' id='word_1_648' title='bbox 1933 2676 2119 2723; x_wconf 87' lang='lat' dir='ltr'>repetitum</span> 
     </span>
    </p>
   </div>
  </div>
 </body>
</html>
