2379 2948
188 146 260 180 215

190 226 362 272 perficies,
389 223 522 259 liabens
538 224 641 256 finem
659 227 691 254 et
706 218 905 253 terminum.
944 216 1039 251 Haec
1057 216 1169 261 prima

191 278 332 310 exordia
348 275 525 321 physices,
551 273 614 306 etsi
632 270 721 303 levia
740 269 924 308 videntur,
951 275 1069 302 tamen
1087 268 1170 312 quia

191 329 259 360 iam
285 327 384 372 quasi
410 332 517 358 metas
543 322 676 355 mundo
702 319 939 360 constituunt,
973 325 1068 362 grata
1089 323 1171 351 sunt

192 378 365 411 studiosae
388 374 517 412 menti,
545 383 633 416 quae
652 382 724 403 uon
750 370 825 403 vult
850 369 924 402 sine
949 369 1016 401 fine
1041 368 1171 410 vagari,

191 430 248 460 sed
266 426 401 471 quaerit
419 423 516 468 quasi
534 421 754 455 domicilium
770 426 901 453 certum
914 446 923 459 ,
951 426 983 452 et
1010 419 1171 451 conside-

192 485 243 510 rat
272 476 423 519 partium
451 473 566 516 spacia
593 479 626 505 et
651 471 852 508 intervalla,
880 476 918 502 ut
945 468 1030 513 quid
1048 468 1085 500 in
1103 479 1170 512 qua

193 527 298 565 coeli,
335 525 372 556 in
402 535 470 568 qua
492 523 603 563 aeris,
637 522 676 554 in
702 532 769 566 qua
792 527 906 553 terrae
929 519 1070 561 regione
1101 518 1171 555 fiat,

191 574 425 608 animadverti
451 573 570 617 possit.
623 571 745 616 Neque
769 571 862 603 enim
891 576 982 602 certa
999 568 1092 602 Solis
1116 567 1171 600 via

191 633 273 658 nota
291 631 323 658 et
340 621 590 667 comprehensa
617 628 721 661 esset,
749 621 777 654 si
802 620 864 653 Sol
888 626 1071 663 vagaretur
1096 618 1172 650 sine

190 676 274 708 ullis
297 675 416 715 metis,
443 680 479 706 ut
508 674 544 705 in
568 672 662 706 mole
688 671 844 708 infinita,
879 681 943 702 nec
969 676 1081 702 terrae
1098 679 1173 700 ma-

192 726 360 768 gnitudo,
388 724 541 768 positus,
570 729 602 756 et
626 721 809 764 regionum
835 719 1019 753 intervalla
1047 718 1173 751 distin-

191 776 249 818 gui
276 782 434 820 possent,
478 773 548 806 nisi
570 772 662 806 Solis
692 770 908 804 curriculum
934 777 967 804 et
991 769 1172 802 stellarum

191 827 266 859 loca
284 832 376 859 certa
395 831 427 857 et
445 820 696 867 comprehensa
709 826 834 855 essent.

297 883 400 916 Nunc
432 893 514 914 vero
547 892 651 925 quam
677 886 813 923 gratum
837 885 903 919 est,
943 889 1045 911 nosse
1069 874 1174 910 huius

192 940 331 966 nostrae
355 932 466 972 sedis,
508 931 686 970 videlicet,
721 937 833 963 terrae
856 929 972 962 locum
1000 934 1033 961 et
1063 938 1174 970 angu—

192 984 285 1018 stias.
337 982 451 1016 Totus
477 982 570 1014 enim
598 980 751 1014 ambitus
776 986 907 1017 terrae,
945 986 983 1013 ut
1007 990 1069 1012 suo
1097 978 1173 1010 loco

192 1033 433 1072 ostendemus,
474 1038 611 1066 tantum
644 1037 695 1064 est
721 1029 1015 1063 Germanicorum
1046 1028 1175 1060 millia-

193 1084 304 1123 rium,
331 1082 518 1127 quinquies
535 1082 631 1114 mille
647 1087 679 1114 et
697 1079 1048 1125 quadringentorum.
1080 1077 1175 1109 Haec

194 1135 265 1176 ipsa
291 1133 444 1176 parvitas
469 1131 599 1164 indicat
625 1129 714 1163 hanc
736 1136 913 1162 aeternam
931 1130 1064 1167 sedem,
1090 1138 1176 1160 con-

194 1184 272 1215 silio
286 1180 488 1221 architecti,
516 1182 557 1214 ad
577 1181 715 1213 finitum
733 1179 886 1223 aliquem
906 1190 1092 1212 numerum
1111 1175 1177 1210 ho·-

197 1233 333 1265 minum
351 1231 532 1265 conditum
546 1241 628 1263 esse.
679 1229 817 1263 Deinde
839 1241 1026 1273 corporum
1050 1227 1178 1271 ampli-

194 1283 280 1315 tudo
301 1289 333 1315 et
356 1283 461 1321 ordo,
490 1293 578 1325 quae
602 1278 686 1312 huic
712 1279 849 1312 mediae
874 1280 950 1312 sedi
974 1279 1177 1312 circundata

195 1339 293 1372 sunt,
320 1331 478 1365 indicant
493 1331 698 1364 universum
716 1330 888 1362 mundum
914 1342 987 1362 non
1010 1340 1091 1362 casu
1115 1339 1178 1360 na-

195 1389 271 1415 tum
296 1393 386 1419 esse,
413 1383 474 1414 sed
495 1392 621 1424 magna
646 1386 720 1415 arte
746 1386 779 1413 et
804 1380 951 1413 consilio
969 1378 1103 1423 opificis
1121 1390 1179 1411 ex-

197 1438 350 1465 tructum
372 1441 456 1466 esse.

427 1533 531 1571 Quae
560 1533 615 1564 est
642 1526 766 1575 figura
794 1525 953 1561 mundi?

302 1595 492 1641 Sphaerica
519 1608 579 1630 seu
601 1595 775 1634 rotunda,
802 1594 897 1638 quod
922 1591 977 1626 his
992 1604 1182 1636 argumen—

199 1649 244 1682 tis
261 1648 470 1681 ostenditur.

300 1705 459 1738 Primum
475 1705 518 1737 ab
533 1702 717 1736 oculorum
734 1701 936 1734 testimonio
954 1700 1106 1741 ducitur,
1122 1701 1182 1745 qui

201 1764 292 1790 certe
308 1757 414 1788 duces
429 1756 472 1787 ad
488 1753 684 1787 doctrinam
702 1752 745 1784 de
762 1752 865 1784 rebus
882 1751 1089 1784 coelestibus
1106 1752 1183 1784 sue-

203 1814 297 1840 runt.
341 1805 508 1838 Videmus
527 1803 694 1848 quasdam
721 1802 839 1834 stellas
856 1813 992 1845 semper
1011 1803 1183 1845 adparen-

204 1865 254 1890 tes
271 1862 418 1897 angusto
442 1854 598 1893 ambitu,
627 1864 763 1895 semper
788 1852 981 1896 aequaliter
1005 1852 1184 1891 distantes,

205 1914 237 1939 et
252 1908 348 1940 tarde
366 1905 498 1937 moveri
519 1904 556 1935 in
573 1902 712 1945 fastigio
729 1902 817 1934 coeli
837 1902 874 1934 in
890 1903 1025 1937 orbem.

304 1963 444 1997 Deinde
468 1963 631 1994 videmus
655 1961 741 1993 alias
766 1961 882 1994 stellas
908 1962 999 1993 infra
1024 1961 1185 2005 superio-

205 2026 259 2048 res
276 2014 378 2047 etiam
398 2014 436 2045 in
455 2013 578 2045 orbem
597 2011 806 2053 circumagi,
831 2012 887 2043 sed
915 2012 1086 2054 ampliore
1111 2023 1185 2044 am·-

205 2065 303 2104 bitu,
335 2076 438 2108 quam
465 2061 682 2105 superiores,
710 2067 741 2093 et
766 2061 864 2104 quasi
882 2061 1055 2094 velociore
1077 2068 1185 2096 motu.

205 2115 352 2148 'Necesse
375 2120 425 2146 est
448 2113 556 2155 igitur
581 2117 739 2143 centrum
765 2110 862 2143 illius
883 2111 1011 2143 summi
1034 2111 1186 2144 ambitus

209 2165 406 2203 stellarum,
432 2163 552 2206 polum
571 2172 662 2198 esse,
690 2166 722 2193 et
750 2172 828 2193 cum
844 2160 932 2193 circa
953 2158 1047 2193 hunc
1065 2162 1186 2205 polum

210 2215 303 2247 volvi
332 2220 363 2246 et
389 2212 523 2246 revolvi
549 2211 685 2244 coelum
708 2210 908 2250 videamus,
934 2218 1112 2256 utrunque
1129 2224 1186 2245 se-

212 2266 349 2308 quitur,
378 2264 514 2296 coelum
532 2268 564 2294 et
582 2261 715 2294 moveri
735 2261 897 2293 circulari
922 2270 1038 2299 motu,
1066 2270 1098 2295 et
1117 2274 1188 2295 esse

212 2316 340 2357 figurae
358 2311 570 2357 sphaericae.
622 2311 728 2344 Hunc
743 2311 831 2344 coeli
857 2312 1054 2344 contuitum
1079 2313 1187 2346 citant

213 2364 412 2397 ptolemeus
437 2370 470 2396 et
485 2362 700 2405 Alfragauus
721 2373 800 2394 cum
824 2362 868 2395 de
884 2362 992 2405 figura
1010 2363 1097 2395 coeli
1115 2365 1188 2396 dis—

213 2420 346 2447 serunt.

315 2471 514 2504 Secundum
531 2477 776 2513 argumentum
793 2470 908 2503 adfine
928 2477 979 2504 est
1002 2471 1185 2514 superiori.

215 2520 304 2555 Cum
322 2521 501 2554 stellarum
523 2532 658 2564 semper
680 2521 924 2564 adparentium
951 2521 1188 2554 circumvolu-

427 139 632 177 SCRIPTA
665 136 740 172 PH.
767 132 883 170 MEL.
910 130 976 168 AD
1000 130 1126 168 HIST.
1152 129 1295 168 PROF.
1323 129 1389 165 ET
1414 127 1608 165 PHILOS.
1636 127 1956 167 SPECTANTIA.

216 2572 265 2604 tio
285 2571 424 2614 polum,
450 2581 510 2602 seu
527 2581 624 2602 axem
641 2571 726 2604 coeli
751 2572 929 2611 ostendat,
955 2572 1083 2604 deinde
1103 2584 1186 2604 con-

215 2621 309 2662 gruit
329 2627 444 2654 motus
458 2620 653 2657 stellarum,
679 2633 768 2664 quae
781 2622 946 2655 oriuntur
961 2629 993 2655 et
1011 2623 1187 2655 occidunt.
1210 2612 1213 2657 i

214 2670 287 2704 Has
303 2671 398 2704 enim
414 2670 459 2704 ab
477 2677 556 2704 ortu
574 2671 616 2702 ad
634 2683 792 2704 occasum
815 2673 899 2705 ferri
926 2673 1102 2706 cernimus
1128 2684 1185 2706 ea·
1210 2673 1212 2711 ἰ

2121 133 2196 168 216

1223 217 1302 248 dem
1317 214 1577 258 magnitudine,
1604 220 1638 248 et
1653 221 1866 257 emergentes
1892 216 2078 259 paulatim,
2103 223 2143 251 ut
2165 217 2203 249 in

1224 263 1389 309 sphaera,
1417 265 1551 305 attolli,
1579 271 1611 299 et
1629 265 1827 298 occidentes
1850 276 1971 299 rursus
1995 268 2205 300 descendere

1224 317 1288 349 sub
1306 321 1456 356 terram,
1483 327 1522 348 ac
1540 327 1662 349 rursus
1684 315 1807 348 iisdem
1824 315 1928 347 lineis
1949 317 2035 349 oriri
2057 324 2090 351 et
2113 318 2205 350 occi-

1224 367 1316 399 dere.
1368 365 1464 398 Haec
1488 378 1561 399 non
1592 373 1737 410 possunt
1760 366 1850 407 fieri,
1890 365 1959 398 nisi
1989 366 2028 398 in
2060 378 2206 410 corpore

1225 413 1421 459 sphaerico.
1475 415 1621 449 Necesse
1638 423 1686 449 est
1706 416 1812 459 igitur
1831 415 1967 449 coelum
1985 427 2057 449 esse
2081 414 2206 460 sphae-

1225 466 1315 499 ricae
1334 467 1475 508 figurae.

1328 523 1490 556 Tertium
1514 531 1759 566 argumentum
1786 531 1836 558 cst
1862 536 2003 564 eorum,
2037 524 2098 569 qui
2123 536 2206 568 pro-

1227 573 1302 617 prie
1321 571 1456 618 physici
1480 574 1665 615 dicuntur,
1691 572 1757 608 hoc
1784 582 1853 616 est,
1885 575 2067 608 materiam
2092 575 2207 608 consi-

1227 625 1402 656 derantes.
1455 623 1535 656 Non
1552 625 1810 658 admittendum
1831 631 1880 658 est
1898 637 2064 663 vacuum,
2091 631 2130 658 ut
2144 637 2208 669 po-

1227 681 1296 707 stea
1314 674 1528 708 ostendetur.
1556 673 1652 707 Miro
1670 675 1762 707 enim
1781 675 1905 707 ordine
1923 687 2068 719 corpora
2084 675 2209 708 mundi

1228 724 1272 757 ita
1290 735 1445 757 connexa
1463 731 1496 757 et
1513 724 1673 767 copulata
1691 731 1771 758 sunt
1783 751 1793 764 ,
1819 737 1863 758 ne
1887 725 2023 758 divulsa
2046 726 2209 759 dilaban-

1227 782 1296 810 tur.
1349 774 1387 808 Si
1411 781 1526 807 autem
1553 775 1688 807 coelum
1720 772 1866 808 haberet
1892 776 2108 818 superficiem
2132 776 2208 820 pla-

1228 837 1329 862 nam,
1356 824 1589 867 triangulam,
1623 831 1683 858 aut
1708 826 1933 869 quadratam,
1968 833 2029 859 aut
2053 826 2206 871 aliquam

1228 875 1303 908 eius
1326 875 1477 918 generis,
1517 886 1654 908 necesse
1684 881 1770 908 esset
1794 875 1831 908 in
1855 882 1954 909 motu
1978 886 2037 908 seu
2060 887 2210 909 conver-

1227 925 1326 958 sione
1343 925 1431 958 coeli
1455 937 1603 959 vacuum
1625 926 1793 961 accidere.
1853 925 1917 959 Est
1948 925 2056 969 igitur
2080 926 2210 970 figurae

1229 973 1442 1019 sphaericae.

1471 1079 1560 1117 Quis
1587 1081 1643 1111 est
1671 1081 1793 1111 motus
1819 1076 1977 1111 mundi?

1333 1141 1384 1175 De
1407 1143 1566 1186 partibus
1590 1144 1717 1177 ordine
1736 1144 1881 1179 dicetur.
1934 1143 2037 1177 Nunc
2055 1145 2098 1177 de
2114 1144 2211 1178 coelo

1230 1193 1419 1226 dicendum
1452 1200 1518 1227 est:
1561 1192 1708 1227 Coelum
1734 1195 1870 1226 moveri
1902 1200 2002 1227 motu
2035 1194 2212 1235 circulari,

1231 1244 1326 1288 quod
1351 1243 1476 1275 iisdem
1502 1243 1717 1287 argumentis
1743 1244 1989 1281 confirmatur,
2028 1255 2117 1288 quae
2143 1243 2213 1276 iam

1232 1294 1374 1326 recitata
1392 1300 1475 1327 sunt
1501 1295 1544 1326 de
1569 1295 1688 1336 figura.
1743 1293 1831 1326 Nam
1855 1293 1995 1338 corpori
2015 1290 2214 1336 sphaericae

1233 1344 1363 1386 figurae
1389 1345 1556 1378 convenit
1580 1351 1695 1377 motus
1712 1343 1903 1376 circularis.
1955 1340 2003 1375 Et
2017 1343 2112 1375 oculi
2131 1350 2213 1378 sunt

1232 1400 1353 1430 testes,
1381 1394 1515 1426 coelum
1533 1391 1720 1433 circumagi
1737 1390 1863 1434 viginti
1881 1398 2032 1436 quatuor
2048 1390 2156 1425 horis.

1336 1449 1404 1482 Sed
1432 1446 1488 1481 hic
1511 1449 1621 1493 aliqui
1647 1448 1701 1481 vel
1724 1460 1844 1481 amore
1872 1449 2057 1490 novitatis,
2096 1451 2149 1483 vel
2174 1458 2213 1484 ut

1235 1505 1450 1532 ostentarent
1480 1499 1640 1541 ingenia,
1666 1498 1890 1542 disputarunt
1913 1499 2048 1532 moveri
2073 1506 2214 1539 terram,

1236 1557 1267 1583 et
1282 1550 1501 1582 contendunt
1524 1561 1586 1581 nec
1609 1555 1766 1582 octavam
1785 1546 1988 1593 sphaeram,
2013 1561 2077 1582 nec
2093 1549 2214 1584 Solem

1234 1600 1388 1640 moveri,
1415 1611 1494 1632 cum
1510 1599 1651 1644 quidem
1669 1599 1811 1632 caeteris
1834 1599 2041 1633 coelestibus
2068 1600 2214 1634 orbibus

1236 1657 1370 1683 motum
1387 1650 1565 1690 tribuant,
1593 1649 1739 1682 Terram
1757 1650 1860 1683 etiam
1885 1649 1978 1683 inter
2002 1650 2115 1683 sidera
2140 1651 2214 1684 col-

1236 1701 1363 1733 locant.
1415 1699 1486 1733 Nec
1507 1711 1626 1733 recens
1649 1697 1685 1732 hi
1709 1699 1785 1732 ludi
1811 1700 1947 1733 conficti
1964 1706 2056 1735 sunt.
2109 1698 2214 1735 Extat

1236 1749 1351 1783 adhuc
1378 1751 1469 1783 liber
1494 1748 1717 1783 Archimedis
1741 1751 1784 1783 de
1806 1750 2052 1783 numeratione
2078 1762 2214 1791 arenae,

1237 1802 1273 1834 in
1291 1814 1360 1846 quo
1380 1807 1509 1841 narrat,
1533 1798 1778 1834 Aristarchum
1796 1800 1955 1834 Samium
1980 1799 2047 1834 hoc
2063 1802 2213 1845 parado-

1237 1864 1317 1884 xum
1335 1851 1538 1891 tradidisse,
1565 1851 1682 1885 Solem
1702 1857 1792 1884 stare
1808 1851 2011 1892 immotum,
2035 1858 2068 1885 et
2084 1858 2213 1885 terram

1238 1902 1456 1935 circumferri
1474 1901 1564 1934 circa
1581 1901 1713 1935 Solem.

1338 1959 1414 1993 Etsi
1438 1966 1555 1993 autem
1582 1960 1730 1993 artifices
1755 1959 1848 1992 acuti
1869 1958 1978 1992 multa
2003 1961 2216 1994 exercendo-

1240 2022 1318 2044 rum
1344 2010 1564 2052 ingeniorum
1590 2020 1691 2042 causa
1716 2015 1910 2053 quaerunt,
1936 2015 2053 2042 tamen
2068 2011 2214 2044 adseve-

1240 2073 1315 2094 rare
1332 2061 1444 2104 palam
1462 2061 1628 2094 absurdas
1644 2059 1845 2100 sententias,
1863 2071 1936 2092 non
1950 2066 2000 2093 est
2017 2057 2215 2101 honestum,

1240 2119 1273 2146 et
1290 2117 1391 2144 nocet
1405 2111 1573 2154 exemplo.
1626 2109 1747 2143 Bonae
1761 2109 1889 2143 mentis
1912 2117 1962 2144 est
1988 2110 2170 2144 veritatem
2194 2123 2214 2145 a

1239 2162 1314 2195 Deo
1332 2167 1559 2195 monstratam
1578 2167 1777 2194 reverenter
1791 2160 1971 2204 amplecti,
1998 2167 2030 2194 et
2046 2161 2083 2193 in
2100 2172 2139 2194 ea
2156 2172 2213 2195 ac-

1240 2212 1436 2257 quiescere,
1466 2219 1499 2246 et
1518 2210 1591 2245 Deo
1616 2211 1743 2255 gratias
1763 2222 1880 2254 agere,
1910 2211 2064 2256 aliquam
2090 2223 2214 2246 accen·

1241 2263 1339 2295 denti
1362 2263 1495 2303 lucem,
1521 2269 1553 2296 et
1580 2262 1731 2295 servanti
1755 2261 1792 2293 in
1815 2259 1999 2294 hominum
2023 2263 2215 2302 mentibus,

1241 2325 1279 2346 ac
1302 2313 1430 2346 deinde
1455 2314 1695 2352 considerare,
1729 2312 1806 2356 quis
1829 2313 1872 2344 ad
1898 2310 2012 2345 Deum
2039 2313 2155 2346 aditus
2168 2313 2213 2346 sit

1213 2393 1214 2396 ,
1242 2375 1303 2407 per
1319 2375 1394 2396 eam
1414 2363 1544 2403 lucem,
1574 2370 1607 2397 et
1631 2363 1809 2407 quomodo
1835 2362 1904 2396 vita
1929 2363 2079 2407 regenda
2103 2369 2134 2396 et
2159 2363 2214 2396 iu-

1241 2414 1354 2446 vanda
1373 2413 1417 2447 sit
1431 2414 1610 2457 agnitione
1625 2413 1793 2446 veritatis.

1343 2471 1554 2516 Quanquam
1571 2478 1685 2505 autem
1703 2472 1820 2506 rident
1836 2471 1945 2516 aliqui
1962 2469 2143 2516 physicum
2163 2479 2216 2506 te-

1240 2522 1404 2555 stimonia
1432 2522 1552 2555 divina
1580 2523 1766 2559 citantem,
1801 2529 1915 2556 tamen
1939 2533 2005 2554 nos
2027 2519 2213 2556 honestum

1240 2583 1312 2604 esse
1328 2583 1508 2606 censemus
1524 2570 1782 2616 philosophiam
1803 2572 1962 2605 conferre
1985 2572 2029 2604 ad
2052 2573 2212 2606 coelestia

1239 2622 1349 2662 dicta,
1371 2629 1402 2655 et
1419 2623 1455 2655 in
1479 2630 1572 2657 tanta
1596 2623 1745 2665 caligine
1772 2620 1944 2655 humanae
1964 2623 2092 2656 mentis
2110 2629 2211 2656 auto-

1238 2673 1375 2707 ritatem
1396 2673 1552 2707 divinam
1571 2674 1761 2713 consulere,
1784 2672 1997 2716 ubicumque
2015 2684 2211 2716 possumus.
