2379 2948
191 102 284 140 1251

188 192 340 218 aeterna.
394 183 463 217 Nec
476 195 558 216 vero
576 183 670 215 ullus
689 182 785 215 locus
803 181 871 226 piis
888 181 1113 215 conscientiis
1131 187 1182 214 est

778 98 905 135 PHIL.
932 96 1049 133 MEL.
1075 94 1615 134 SCRIPTA0EXEGET10A.

190 237 334 279 gratior,
356 247 461 280 qnam
479 234 715 267 consideratio
733 233 918 266 sacerdotii
938 231 1084 266 Christi.
1123 230 1179 265 Ad
1204 245 1206 283 ’ἶ

189 298 336 329 regnum
356 285 524 329 pertinet,
541 285 634 328 qnod
654 284 736 317 vicit
755 295 902 326 regnum
921 284 1066 322 diaboli,
1085 283 1179 328 quod

190 344 370 381 peccatum
396 343 428 369 et
454 342 602 367 mortem
626 334 760 372 abolet,
789 336 869 367 dato
895 334 1032 378 Spiritu
1049 340 1181 373 sancto,

191 395 225 421 et
241 388 299 420 dat
319 398 445 419 novam
464 392 496 418 et
514 392 693 418 aeternam
711 385 824 418 lucem
837 412 846 426 ,
874 385 1049 418 iusticiam
1075 392 1108 418 et
1129 384 1181 415 vi-

191 445 280 477 tam,
307 438 402 482 qnod
420 436 565 479 depellit
583 435 717 469 diaboli
739 436 949 479 potentiam,
977 436 1073 482 quod
1093 447 1179 468 con-
1205 449 1207 455 ’

192 496 307 522 servat
329 486 522 520 Ecclesiam
549 487 715 519 adversus
748 494 917 532 tyrannos
952 487 987 519 in
1013 484 1076 519 hac
1099 485 1181 520 vita.

192 537 325 584 Estque
349 538 513 570 defensor
535 535 640 570 huius
658 537 918 570 infirmissimae
939 544 1084 570 naturae
1113 534 1181 569 hu—

192 601 334 629 manae,
363 589 532 621 adversus
566 589 748 620 diabolum
775 595 806 622 et
836 588 1015 621 saeyitiam
1046 587 1183 626 mundi,

194 640 281 673 sicut
299 639 383 673 alibi
405 638 618 672 describitur
648 650 795 681 regnum
815 636 968 681 Christi,
998 651 1077 671 cnm
1093 638 1188 681 dici-·

193 697 266 724 tur:
295 688 427 723 Omnia
445 689 623 722 subiecisti
643 691 708 722 sub
727 690 874 733 pedibus
893 689 977 724 eius.
1020 688 1183 734 Denique

195 753 255 774 rex
273 748 343 780 est,
369 740 451 785 qnia
476 740 602 772 liberat
621 752 638 772 a
655 747 793 784 peccato
812 746 843 772 et
863 751 881 772 a
899 747 1011 773 morte
1030 747 1183 778 aeterna,

195 799 228 826 et
244 793 303 825 dat
322 791 429 824 vitam
447 797 637 826 aeternam.

298 892 365 926 Sed
390 892 548 925 doctrina
574 892 617 924 de
642 891 836 925 sacerdotio
856 898 889 925 et
905 904 1012 935 regno
1029 904 1101 925 non
1121 904 1183 935 po-

196 949 262 978 test
287 943 458 986 intelligi,
487 943 555 975 nisi
581 953 644 974 nos
672 943 714 974 ad
741 954 842 975 usum
867 944 1100 976 conscientiae
1119 955 1184 975 110-

197 1002 288 1028 strae
306 994 626 1032 accommodemus,
653 991 844 1026 Credamus
862 994 966 1026 nobis
983 1006 1057 1027 esse
1074 995 1185 1026 dona-

196 1052 267 1079 tam
293 1042 384 1076 hanc
411 1044 607 1081 victimam,
645 1043 746 1076 nobis
772 1055 843 1077 esse
867 1045 1085 1088 pontificem,
1121 1057 1185 1077 nos

197 1107 277 1129 vere
297 1101 438 1139 propter
461 1092 556 1127 hunc
577 1094 776 1137 pontificem
795 1096 971 1136 exaudiri,
999 1097 1101 1129 nobis
1125 1108 1186 1139 per

194 1146 307 1190 ipsius
325 1146 472 1178 verbum
493 1145 650 1188 promitti
670 1145 815 1188 gratiam
834 1152 867 1179 et
884 1146 1043 1182 salntem.
1098 1146 1184 1179 Item

196 1208 262 1230 nos
287 1208 367 1228 vere
394 1196 508 1229 iuvari
535 1202 567 1228 et
594 1196 735 1228 defendi
761 1208 822 1239 per
843 1194 937 1230 hunc
956 1209 1082 1240 regem.
1135 1196 1186 1230 Ita

197 1247 436 1290 intelligemus
453 1244 542 1279 hanc
565 1246 781 1289 doctrinam,
809 1253 842 1280 et
868 1247 1011 1291 quidem
1038 1248 1187 1280 sciamus

198 1298 429 1331 necessariam
460 1304 493 1330 et
524 1297 745 1329 immutabile
775 1298 981 1331 mandatum
1016 1310 1106 1338 esse,
1148 1305 1186 1332 ut

198 1347 284 1382 haec
306 1349 509 1386 credamus,
537 1354 575 1380 ut
600 1347 816 1391 applicemus
839 1349 942 1381 nobis
968 1346 1052 1382 haec
1080 1350 1187 1381 bene-

198 1400 275 1432 ficia
295 1410 358 1446 per
373 1398 520 1430 verbum
533 1423 541 1435 ,
562 1405 601 1431 111
619 1398 726 1431 verbo
748 1397 922 1440 erigamus
939 1399 1055 1434 fidem.
1091 1399 1188 1432 Haec

198 1448 422 1483 Christianos
445 1448 640 1490 intelligere
664 1454 824 1492 oportet,
851 1455 889 1482 ut
914 1456 1073 1490 teneant,
1102 1451 1186 1494 qnid

199 1500 243 1533 sit
259 1500 361 1539 fides,
389 1506 421 1532 et
446 1500 624 1543 quomodo
653 1511 714 1543 per
737 1499 882 1532 verbum
900 1501 1128 1540 exuscitetur,
1156 1507 1188 1534 et

200 1551 276 1584 sine
294 1548 360 1582 1106
379 1549 540 1582 exercitio
556 1562 628 1581 non
648 1556 761 1593 potest
785 1549 932 1593 intelligi
959 1552 1120 1584 doctrina
1146 1553 1188 1584 de

199 1600 379 1635 beneficiis
399 1597 546 1633 Christi.
601 1599 669 1632 Sed
692 1598 776 1632 haec
792 1601 968 1643 copiosius
987 1602 1023 1633 in
1045 1614 1187 1635 enarra-

200 1652 298 1686 tione
316 1650 446 1684 Psalmi
466 1651 638 1684 dicentur.
673 1649 775 1683 Nunc
803 1651 869 1683 ista
898 1652 1074 1694 praefatus
1098 1665 1190 1696 sum,

201 1710 241 1737 ut
260 1713 432 1736 summam
448 1700 578 1734 Psalmi
596 1700 804 1733 brevissime
824 1702 1086 1746 complecterer.

307 1800 396 1836 Nolo
415 1800 473 1835 hic
489 1802 624 1845 prolixe
643 1802 793 1835 refutare
811 1801 980 1841 Iudaeos,
1009 1803 1069 1848 qui
1095 1802 1190 1838 1111116

202 1854 383 1887 Psalmum
403 1860 532 1896 negant
549 1853 647 1897 loqui
671 1854 713 1885 de
731 1853 878 1895 Messia,
904 1855 1005 1887 facile
1024 1856 1118 1888 enim
1136 1869 1189 1888 re-

202 1905 309 1938 futari
344 1911 490 1948 possunt
521 1916 583 1947 per
609 1901 692 1936 haec
716 1905 805 1943 duo,
839 1906 933 1949 quod
958 1906 1117 1949 loquitur
1147 1908 1190 1940 de

203 1967 282 1998 rege
307 1961 496 1998 regnaturo
524 1954 645 1986 divina
664 1955 830 1997 potentia.
884 1955 970 1989 Item
987 1957 1029 1988 dc
1047 1964 1189 1991 aeterno

204 2006 394 2040 sacerdote.
446 2003 592 2038 Constat
611 2012 726 2037 autem
756 2012 909 2039 caeteros
928 2019 1024 2049 reges
1041 2015 1073 2041 et
1090 2009 1189 2051 prin-

204 2057 297 2100 cipes
319 2068 382 2089 nec
408 2055 551 2099 aequari
575 2053 671 2095 Deo,
706 2067 769 2088 nec
802 2063 1009 2100 perpetuum
1043 2070 1188 2101 regnum

203 2114 335 2141 tenere.
389 2104 479 2139 Cum
509 2106 617 2148 igitur
644 2103 729 2138 haec
754 2106 847 2140 dicta
875 2108 1058 2142 manifeste
1080 2111 1191 2156 perti-

205 2164 312 2191 neant
335 2158 378 2190 ad
395 2154 596 2196 Christum,
624 2163 726 2189 erunt
751 2163 784 2190 et
809 2164 943 2191 caetera
969 2162 1010 2191 ad
1038 2162 1188 2193 eundem

203 2208 518 2248 accommodanda,
561 2214 600 2241 111
641 2205 824 2241 cohaereat
865 2207 1035 2244 Psalmns.
1095 2210 1190 2245 Haec

184 2259 359 2292 vbreviter
383 2259 499 2300 attigi,
526 2265 565 2291 ut
584 2259 757 2291 admoniti
783 2259 930 2292 studiosi
954 2261 1090 2294 facilins
1110 2275 1188 2305 pos-

204 2316 281 2343 sent
317 2310 466 2343 resutare
507 2309 642 2352 ineptas
682 2308 894 2343 Iudaeorum
937 2313 1188 2347 enarrationes.

205 2360 417 2405 Quanquam
442 2367 576 2393 constat
607 2360 763 2393 eruditos
789 2360 934 2395 Iudaeos
966 2360 1061 2396 hunc
1091 2363 1189 2397 Psal-

205 2422 303 2444 11111111
327 2412 370 2443 (16
393 2408 536 2444 Christo
562 2411 809 2454 interpretatos
842 2423 925 2447 esse.
987 2413 1055 2447 Sed
1086 2415 1189 2448 nobis

206 2461 316 2508 ipsius
333 2459 466 2495 Christi
493 2462 735 2495 testimoninm
758 2463 923 2502 sufficiat,
952 2465 1012 2509 qui
1040 2477 1117 2498 eum
1146 2467 1188 2499 de

207 2511 319 2554 seipso
352 2512 616 2556 interpretatur.
683 2510 729 2546 Et
760 2521 904 2557 apparet
933 2522 1016 2548 tnnc
1045 2516 1187 2560 quidem

205 2560 355 2594 Iudaeos
372 2563 606 2596 communiter
622 2561 688 2597 1106
707 2565 865 2606 sensisse,
896 2564 1075 2599 Psalmum
1094 2566 1188 2602 hunc

205 2613 248 2646 ad
267 2611 430 2645 Messiam
451 2614 617 2657 petinere.

2126 97 2226 134 1252

1286 178 1314 214 Ι.
1344 181 1456 213 Dixit
1475 180 1656 213 Dominus
1673 179 1832 213 Domino
1848 189 1946 221 meo,
1975 181 2073 216 Sede
2092 194 2115 217 α
2132 182 2226 218 dex-

1336 233 1406 265 tris
1424 232 1528 264 meis.

1337 314 1450 349 Totus
1469 314 1629 348 Psalmus
1646 320 1698 348 est
1717 314 1890 359 quaedam
1911 315 2079 348 continua
2104 328 2226 351 narra-

1235 365 1304 406 tio,
1338 367 1524 399 continens
1550 365 1824 409 descriptionem
1851 365 1951 408 regni
1975 364 2129 405 Christi,
2164 370 2224 401 sed

1235 414 1473 460 aptissime'et
1505 416 1708 460 gravissime
1739 415 1880 448 orditur
1918 417 2155 450 narrationem
2182 420 2227 452 ab

1236 475 1358 501 autore
1374 465 1479 501 huius
1495 467 1604 511 regni.
1647 465 1765 499 Dixit
1785 464 1987 502 Dominus.
2033 466 2113 501 Duo
2130 470 2226 501 enim

1237 519 1484 562 complectitur
1499 519 1645 551 verbum
1664 515 1801 557 Dixit,
1831 517 1995 551 videlicet
2013 520 2107 563 quod
2127 519 2226 552 ordi-

1237 569 1373 602 naverit
1408 567 1503 602 hunc
1534 581 1649 612 regem
1676 568 1792 609 Deus,
1829 575 1862 602 et
1894 569 2044 602 ediderit
2067 570 2227 604 testimo-

1238 620 1337 653 nium
1363 632 1425 667 per
1442 621 1610 658 verbum,
1639 627 1678 653 ut
1704 620 1854 652 sciamus
1879 619 1947 652 hoc
1976 631 2123 663 regnum
2149 619 2226 654 Deo

1238 671 1392 714 placere,
1434 671 1553 704 efficax
1597 676 1630 704 et
1671 677 1880 714 perpetuum
1917 671 2003 706 fore.
2066 670 2226 716 Cumque

1238 722 1408 765 proponit
1430 721 1690 761 testimonium,
1726 721 1878 764 postulat
1902 728 1940 754 111
1967 722 2166 763 credamus,
2194 729 2228 756 et

1238 773 1304 804 fide
1323 770 1389 804 hoc
1411 784 1559 815 regumn
1576 773 1845 815 amplectamur,
1872 779 1904 805 et
1927 779 2122 805 statuamus
2145 784 2227 806 vere

1239 835 1302 856 nos
1328 823 1421 856 bona
1448 824 1508 856 illa
1535 822 1722 867 consequi,
1749 834 1838 867 quae
1864 822 1900 854 in
1928 820 1993 856 hoc
2019 835 2126 866 regno
2144 835 2229 867 pro*-

1239 874 1440 907 mittuntur.
1496 873 1590 907 Haec
1617 874 1719 906 initio
1743 874 1780 905 in
1804 870 1858 905 his
1873 874 2013 907 duobus
2026 874 2142 908 verbis
2162 876 2228 908 ob-

1239 925 1410 958 servanda
1431 931 1530 966 sunt,
1557 923 1674 968 Dixit,
1703 923 1892 959 Dominus.

1343 975 1502 1009 Additur
1521 983 1654 1016 autem,
1680 973 1849 1008 Domino
1866 985 1952 1009 meO.
1988 974 2039 1008 De
2057 973 2123 1008 hac
2145 988 2229 1023 par-

1240 1025 1346 1059 ticula
1372 1024 1533 1060 Christus
1558 1027 1632 1071 ipse
1665 1026 1777 1059 movit
1808 1025 2104 1070 disputationem:
2140 1027 2230 1061 Cum

1241 1076 1389 1110 Messias
1414 1078 1459 1111 sit
1481 1078 1573 1110 filins
1597 1076 1732 1115 David,
1768 1089 1832 1110 cur
1862 1083 1962 1109 vocat
1995 1089 2074 1109 61110
2101 1077 2231 1110 Domi-

1240 1126 1354 1162 num?
1408 1127 1485 1161 Non
1507 1128 1614 1171 igitur
1637 1127 1751 1161 ociosa
1778 1134 1828 1160 est
1855 1124 1939 1160 haec
1960 1128 2169 1171 appellatio,
2199 1135 2232 1162 et

1241 1180 1284 1211 de
1308 1191 1345 1211 re
1370 1179 1527 1223 quaestio
1553 1186 1618 1212 est:
1646 1178 1705 1211 An
1720 1190 1801 1210 vere
1817 1176 1966 1210 Messias
1983 1179 2028 1212 sit
2054 1177 2230 1212 Dominus

1244 1229 1408 1263 Davidis.
1444 1229 1534 1262 Nam
1552 1236 1654 1262 autor
1670 1229 1807 1272 generis
1829 1235 1861 1261 et
1884 1240 1942 1261 rex
1961 1229 2033 1272 pari
2053 1237 2232 1273 potestate,

1241 1292 1314 1313 non
1333 1287 1383 1312 est
1401 1280 1551 1313 inferior
1567 1280 1731 1324 posteris,
1760 1279 1830 1313 imo
1850 1279 1925 1311 iure
1946 1287 2092 1313 naturae
2117 1280 2230 1314 maior

1242 1337 1302 1363 est.
1364 1330 1457 1364 Haec
1489 1343 1563 1364 non
1599 1337 1760 1374 poterant
1792 1330 1965 1373 explicare
1990 1330 2133 1374 Iudaei,
2169 1331 2232 1376 qui

1243 1381 1530 1424 imaginabantur
1553 1379 1735 1415 Christum
1763 1388 1898 1414 tantum
1930 1379 2134 1415 habiturum
2163 1380 2230 1415 1111-

1242 1444 1382 1476 manam
1406 1439 1586 1472 naturam,
1614 1439 1838 1476 propagatam
1864 1443 1882 1463 a
1907 1430 2063 1472 Dzwide,
2091 1439 2124 1466 et
2150 1439 2230 1466 tan-

1243 1489 1315 1515 tum
1336 1481 1541 1516 habiturum
1559 1494 1706 1526 regnum
1724 1483 1958 1522 mundanum,
2012 1481 2107 1516 Haec
2129 1483 2158 1515 si
2183 1483 2230 1517 ita

1243 1541 1377 1576 essent,
1404 1531 1567 1567 Christus
1583 1546 1656 1566 non
1675 1540 1762 1566 esset
1779 1533 1955 1569 Dominus
1973 1531 2130 1569 Davidis.

1348 1592 1471 1639 ltaque
1496 1592 1579 1626 haec
1605 1592 1795 1637 appellatio
1823 1592 1975 1636 primum
2001 1600 2155 1636 segregat
2173 1605 2230 1627 re-

1244 1654 1352 1686 gnum
1378 1643 1527 1676 Messiae
1561 1656 1578 1676 a
1602 1655 1709 1687 regno
1736 1642 1896 1678 DavidiS.
1958 1643 2070 1686 Quasi
2100 1645 2147 1677 sic
2174 1645 2229 1677 di-

1245 1702 1313 1726 cat:
1341 1693 1590 1727 Concionahor
1615 1697 1657 1727 de
1684 1695 1854 1737 promisso
1876 1706 1973 1736 rege,
1998 1695 2103 1727 sedis
2122 1693 2231 1729 habe-

1246 1745 1297 1777 bit
1311 1745 1407 1777 aliud
1428 1757 1596 1788 regnum,
1624 1757 1728 1790 quam
1747 1742 1812 1777 hoc
1831 1753 1989 1778 nostrum
2008 1747 2228 1780 mundanum

1246 1804 1277 1829 et
1296 1796 1489 1839 periturum
1516 1808 1672 1838 regnum.
1729 1795 1891 1838 Agnosco
1918 1796 2025 1839 igitur
2048 1808 2127 1829 eum
2156 1809 2230 1830 esse

1244 1846 1459 1886 Dominum,
1484 1847 1544 1891 qni
1567 1847 1743 1891 impertiet
1762 1847 1882 1886 001115,
1906 1858 1977 1879 non
1997 1844 2086 1880 hanc
2103 1860 2230 1891 corpo-

1245 1898 1351 1930 ralem
1371 1898 1632 1938 defensionem,
1661 1905 1691 1931 et
1710 1897 1953 1931 liberationem
1980 1910 1997 1929 a
2017 1899 2141 1931 vicinis
2163 1896 2228 1931 ho-

1244 1950 1374 1988 stibus,
1402 1949 1577 1982 iusticiam
1602 1956 1634 1982 et
1658 1961 1774 1992 pacem
1801 1948 1958 1987 civilem,
1984 1950 2041 1981 sed
2064 1949 2148 1981 alias
2173 1961 2229 1982 res

1244 2007 1419 2037 aeternas,
1448 1999 1579 2033 scilicet
1598 1999 1841 2032 liberationem
1859 1999 1901 2031 ab
1919 1999 1990 2031 illis
2008 1999 2119 2040 malis,
2148 2001 2229 2044 qui-

1243 2051 1309 2083 bus
1333 2061 1497 2094 oppressa
1525 2058 1584 2087 651,
1599 2057 1671 2084 1010
1701 2058 1825 2084 natura
1852 2047 2022 2090 hnmana,
2057 2061 2077 2082 a
2100 2051 2228 2095 quibus

1244 2113 1305 2145 ego
1338 2108 1368 2133 et
1401 2101 1491 2143 leges
1526 2108 1559 2134 et
1585 2113 1688 2142 regna
1725 2101 1849 2133 mundi
1876 2101 2055 2133 neminem
2078 2101 2229 2136 liberare

1243 2159 1407 2196 possunt,
1434 2151 1565 2185 scilicet
1588 2164 1605 2185 a
1629 2159 1787 2196 peccato,
1815 2152 1859 2184 ab
1881 2151 1930 2183 ira
1949 2150 2035 2192 Dei,
2058 2163 2077 2185 a
2101 2160 2226 2194 morte,

1243 2216 1261 2237 a
1287 2203 1443 2236 diabolo.
1502 2202 1567 2235 His
1591 2203 1691 2235 malis
1723 2203 1854 2246 pariter
1885 2202 2032 2236 subiecti
2057 2210 2138 2237 sunt
2160 2203 2227 2247 ipsi

1243 2266 1339 2297 reges
1365 2254 1508 2293 mundi,
1544 2254 1630 2287 sicut
1656 2254 1782 2286 caeteri
1808 2251 1980 2286 homines.
2035 2252 2137 2286 Alius
2161 2254 2227 2298 igi-

1245 2312 1304 2338 tur
1322 2318 1381 2338 rex
1400 2305 1535 2344 veniet,
1563 2305 1622 2349 qui
1642 2305 1684 2337 ab
1701 2302 1754 2337 his
1772 2304 1872 2337 malis
1892 2316 1957 2337 nos
1981 2304 2164 2345 liberabit,
2193 2312 2227 2339 et

1242 2369 1296 2389 res
1311 2364 1481 2396 aeternas,
1508 2355 1681 2388 iusticiam
1700 2362 1731 2388 et
1748 2367 1866 2398 pacem
1886 2362 2062 2388 aeternam
2081 2356 2225 2389 adferet.

1244 2407 1293 2440 Ita
1313 2406 1488 2451 principio
1507 2406 1676 2439 discernit
1698 2406 1885 2450 appellatio
1906 2405 2052 2439 Domini
2074 2407 2143 2439 duo
2169 2418 2225 2439 re—

1242 2470 1327 2501 gna,
1355 2465 1387 2491 et
1411 2464 1557 2491 testatur
1575 2455 1688 2490 David
1707 2469 1742 2490 se
1758 2457 1856 2502 loqui
1881 2458 1922 2489 de
1940 2457 2010 2489 alio
2025 2468 2122 2499 rege,
2152 2469 2225 2490 non

1242 2512 1284 2541 de
1304 2510 1495 2541 mundano.
1548 2508 1630 2541 Hoc
1646 2508 1800 2553 primum
1817 2508 1854 2541 in
1874 2505 1937 2541 hac
1954 2506 2123 2552 particula
2139 2519 2224 2541 con-

1242 2559 1388 2592 siderari
1405 2560 1518 2593 debet.

1350 2618 1461 2652 Porro
1503 2616 1562 2651 hic
1604 2625 1795 2664 utrumque
1838 2619 2024 2651 observent
2063 2616 2224 2653 studiosi.

1244 2668 1349 2713 Quod
1367 2667 1529 2704 Christus
1548 2676 1693 2703 vocatur
1712 2669 1886 2704 Dominus
1908 2680 1926 2702 a
1951 2680 2050 2712 rege,
2077 2668 2144 2713 piis
2168 2680 2224 2701 re-
