2379 2948
222 110 292 145 767

222 195 327 234 dixit,
362 201 395 228 et
418 194 548 227 creavit
580 193 714 226 coelum
738 199 771 226 et
795 198 940 225 terram:
976 202 1038 234 ego
1064 201 1203 225 causam

223 257 294 278 uon
321 245 439 285 video,
474 244 541 277 nisi
564 243 653 276 forte
685 243 782 276 verbi
809 249 971 276 naturam
997 242 1115 276 Moses
1147 242 1203 274 in·

223 296 329 330 dicari
355 296 480 328 certius
506 294 552 327 ita
576 293 730 338 putavit,
766 304 872 338 penes
895 291 980 332 hoc,
1009 294 1103 338 quod
1129 300 1203 327 tum

222 348 363 380 demum
390 345 470 378 fecit
499 345 572 379 eius
596 345 814 379 mentionem
844 356 923 377 cum
955 345 1068 378 lucem
1099 342 1205 377 condi

222 397 398 430 scriberet.
451 394 553 430 Certe
572 396 666 429 enim
685 395 844 429 Verbum
858 395 917 428 lux
934 402 1003 436 est,
1031 401 1064 428 et
1087 395 1205 439 splen-

223 450 287 479 dor
306 454 468 490 paternae
485 447 636 491 gloriae,
665 454 697 481 et
719 447 780 480 illa
796 446 869 490 ipsa
893 445 1108 479 illuminatio
1126 445 1205 478 vul-

223 506 277 531 tus
293 498 369 535 Dei,
399 509 503 543 quam
520 497 568 531 sic
583 498 717 543 ubique
734 504 859 531 vocant
873 494 1082 541 Prophetae.
1115 495 1205 529 Nam

222 556 400 582 creaturae
418 549 465 582 sic
484 549 752 589 describuntur,
778 555 818 582 ut
837 560 876 581 ex
901 548 949 580 eis
968 547 1054 580 disci
1073 546 1206 580 divini-

224 608 274 633 tas
289 600 426 633 debeat:
456 600 543 633 sicut
562 606 594 633 ct
612 607 713 634 antea
731 599 903 644 Spiritum
922 604 1082 632 sanctum
1100 609 1206 642 supra

223 663 332 697 aquas
354 650 437 683 ferri
458 651 614 694 scripsit,
641 657 680 684 ut
700 650 773 684 eius
796 657 957 684 naturam
984 649 1087 682 nobis
1110 648 1206 681 indi-

223 708 315 734 caret
331 701 448 747 aliqua
465 708 577 746 parte:
607 707 639 734 et
658 698 727 735 huc
744 701 890 746 respexit
911 698 1100 741 Iohannes,
1127 711 1205 733 cum

223 753 293 785 vim
310 752 539 785 illuminandi
556 752 662 785 verbo
680 752 820 791 tribuit.

324 811 399 844 Lux
418 811 501 855 quid
521 810 574 851 sit,
592 811 688 844 cerni
706 811 832 845 rectius
850 817 974 855 potest,
1003 822 1107 856 quam
1125 810 1207 850 dici,

224 868 342 906 estque
358 862 416 894 illa
436 861 507 905 ipsa
526 861 665 894 claritas
682 874 770 907 quae
789 862 958 902 cernitur,
982 874 1070 907 quae
1086 862 1207 895 omnia

222 912 393 952 ostendit,
421 912 468 945 sic
495 920 527 946 et
557 912 594 945 in
625 914 729 946 corde
756 918 896 954 nostro,
925 913 1018 946 clara
1044 912 1208 954 ostensio,

223 964 280 996 lux
306 971 369 996 est.

298 1060 343 1091 Et
371 1056 466 1092 vidit
493 1059 599 1093 Deus
626 1059 748 1093 lucem
777 1057 872 1104 quod
899 1061 995 1092 esset
1021 1056 1126 1092 bona.

326 1132 363 1165 ld
381 1139 442 1173 est,
469 1132 691 1177 adprobavit,
713 1144 819 1177 porro
837 1132 1047 1176 adprobatio
1066 1139 1116 1166 est
1134 1132 1209 1165 eius

222 1184 456 1217 conservatio.
513 1183 560 1217 Ita
582 1184 710 1218 iterum
732 1184 828 1217 vides
846 1195 919 1217 non
944 1183 1048 1216 condi
1070 1190 1208 1218 tantum

221 1247 296 1275 res,
326 1235 383 1267 sed
411 1241 444 1268 et
468 1235 599 1268 servari
624 1247 641 1268 a
661 1234 748 1268 Deo.
802 1233 921 1275 Bona,
949 1234 986 1267 id
1011 1241 1081 1280 cst,
1110 1234 1209 1268 cuius

223 1293 309 1319 esset
344 1285 460 1330 aliqua
490 1286 526 1318 in
559 1286 726 1319 creaturis
760 1285 905 1319 utilitas.
960 1284 1050 1318 Nam
1088 1296 1210 1319 omnes

222 1344 400 1370 creaturae
435 1336 541 1370 alicui
580 1336 694 1370 officio
727 1348 786 1370 seu
822 1336 1019 1370 ministerio
1054 1337 1209 1371 destina-

223 1395 276 1421 tae
305 1393 398 1421 sunt.

471 1483 517 1516 Et
545 1480 675 1517 divisit
700 1481 804 1516 Deus
830 1482 966 1516 lucem.

325 1550 355 1582 A
383 1561 525 1593 vespere
556 1550 598 1582 ad
633 1561 734 1582 mane
766 1555 978 1593 supputatur
1013 1547 1104 1588 dies,
1134 1554 1210 1581 tu'm

224 1608 261 1634 ut
285 1601 521 1643 intelligamus
541 1601 578 1633 in
605 1597 671 1633 hoc
695 1600 814 1643 signo,
841 1600 960 1632 omnia
985 1611 1024 1631 ex
1047 1598 1212 1638 tenebris,

225 1659 258 1686 et
273 1650 387 1684 nihilo
405 1662 585 1695 progressa
605 1662 694 1690 esse,
719 1657 793 1683 tum
817 1657 856 1683 ut
880 1649 1128 1683 universaliter
1153 1649 1210 1681 in-

224 1703 422 1745 telligamus
439 1714 542 1746 opera
561 1701 627 1735 Dei
651 1713 670 1734 a
687 1698 802 1734 nihilo
827 1701 946 1734 adesse
971 1706 1211 1733 creaturarum

224 1753 388 1798 progredi
406 1759 469 1788 etc.
524 1752 610 1787 ltem
629 1752 721 1785 vices
738 1751 808 1784 diei
834 1758 868 1785 et
884 1751 1017 1791 noctis,
1044 1750 1160 1783 somni
1179 1756 1212 1784 et

224 1805 438 1847 vigiliarum,
466 1802 559 1836 haud
577 1803 685 1837 dubie
704 1802 977 1846 significationes
992 1807 1086 1840 sunt,
1115 1812 1210 1834 mor-

225 1856 267 1890 tis
287 1862 319 1888 et
337 1855 614 1890 resurrectionis.

654 1950 779 1984 Dixit.

327 2026 422 2061 Idem
448 2025 592 2058 verbum
618 2032 685 2065 est,
714 2026 807 2069 quod
833 2025 937 2068 paulo
961 2031 1041 2058 ante
1058 2024 1210 2058 diximus

227 2089 298 2111 esse
326 2077 512 2110 consilium
536 2076 656 2120 patris.
712 2075 779 2109 Hic
803 2074 1007 2110 observabis
1038 2075 1210 2119 egregiam

227 2129 435 2162 sententiam
467 2127 649 2161 Secundae
675 2125 769 2160 Petri
794 2126 920 2166 tertio,
956 2126 1017 2159 ubi
1048 2128 1147 2160 docet
1178 2132 1211 2159 et

227 2179 466 2214 conditionem
499 2185 531 2211 et
562 2177 884 2217 conservationem,
924 2184 956 2210 et
987 2178 1210 2210 durationem

227 2231 404 2264 coelorum
436 2229 472 2261 in
505 2229 612 2262 verbo
646 2227 711 2261 Dei
741 2228 945 2261 consistere:
982 2225 1212 2272 reprehendit

228 2282 321 2315 enim
354 2280 478 2325 impias
508 2279 736 2323 cogitationes
763 2280 806 2312 de
836 2285 962 2312 natura
993 2290 1111 2312 rerum
1145 2279 1212 2323 (sic

228 2333 320 2366 enim
340 2332 465 2375 cogitat
484 2329 594 2377 ratio)
611 2329 648 2364 hi
667 2337 801 2371 motus,
827 2329 906 2363 stati
923 2336 1004 2363 sunt
1022 2336 1053 2362 et
1072 2329 1211 2372 regula-

228 2395 301 2423 res,
325 2381 380 2415 hic
397 2389 542 2416 naturae
560 2393 681 2415 cursus
703 2388 771 2422 est,
798 2393 901 2426 quem
920 2381 1094 2414 videmus:
1124 2380 1209 2425 quid

230 2434 362 2476 negocii
387 2440 473 2467 esset
496 2431 592 2473 Deo,
630 2444 707 2467 cum
744 2439 815 2466 tam
843 2432 989 2465 minutis
1019 2438 1051 2464 et
1080 2431 1211 2464 vilibus

230 2484 412 2522 creaturis,
440 2495 494 2517 res
519 2495 676 2529 quaeque
698 2495 761 2527 pro
789 2495 849 2516 sua
869 2489 992 2516 natura
1015 2483 1127 2515 fertur
1149 2489 1212 2517 etc.

230 2541 465 2567 commentum
489 2541 538 2568 est
562 2535 605 2567 de
629 2534 685 2567 die
710 2533 901 2567 novissimo
921 2541 983 2569 ete.
1036 2532 1110 2566 Has
1132 2533 1211 2566 dico

229 2584 377 2619 rationis
417 2592 556 2617 nostrae
598 2585 826 2628 cogitationes
867 2582 1112 2628 reprehendit,
1156 2584 1212 2616 in-

229 2636 372 2681 quiens:
409 2633 485 2667 Imo
504 2636 609 2668 verbo
625 2634 691 2668 Dei
708 2636 903 2669 consistunt
920 2635 1025 2676 coeli,
1052 2646 1124 2668 non
1149 2646 1211 2667 na-

228 2695 304 2722 tura
332 2697 411 2725 sua,
438 2692 470 2718 et
497 2685 588 2718 idem
607 2687 751 2718 verbum
771 2684 836 2719 Dei
860 2693 929 2727 est,
954 2687 1047 2731 quod
1074 2685 1211 2729 praedi-

812 104 936 140 PHIL.
964 103 1079 140 MEL.
1109 102 1316 139 SCRIPTA
1345 101 1642 139 EXEGETICA.

2164 106 2237 141 768

1256 198 1369 225 catum
1390 197 1438 224 est
1455 189 1576 228 vobis,
1605 190 1648 222 de
1664 188 1721 222 die
1738 188 1950 231 novissimo,
1977 191 2020 224 de
2036 193 2239 225 renovanda

1256 249 1428 276 creatura:
1457 252 1538 284 ergo
1557 239 1727 283 tantisper
1742 240 1829 272 coeli
1847 240 1994 282 durant,
2019 242 2130 276 donec
2146 242 2238 276 Ver-

1258 294 1301 326 bo
1323 298 1594 335 conservantur,
1623 297 1655 324 et
1673 291 1884 334 pulcerrima
1903 303 1986 324 voce
2003 291 2053 324 ibi
2068 305 2151 327 usus
2179 300 2240 334 est,

1256 350 1295 378 ut
1319 341 1474 377 thesauri
1500 341 1645 386 repositi
1667 342 1785 374 verbo.
1838 340 1936 374 Idem
1961 348 2013 376 est
2036 342 2074 375 in
2098 342 2237 378 Psalmo

1257 396 1447 428 centesimo
1470 392 1736 439 quadragesimo
1761 398 1897 425 octavo.
1958 391 2088 427 Statuit
2114 400 2147 428 et
2166 406 2239 428 non

1259 445 1474 490 praeteribit.
1510 443 1559 477 lta
1578 444 1676 476 vides
1690 454 1814 486 urgere
1829 443 2049 487 scripturam,
2075 450 2114 477 ut
2130 444 2241 478 disca-

1257 507 1335 529 mus
1351 503 1384 530 et
1400 495 1519 529 omnia
1544 495 1582 527 in
1609 506 1717 527 manu
1732 493 1797 526 Dei
1818 505 1910 535 esse,
1936 500 1968 528 et
1990 501 2107 539 postea
2132 496 2241 529 confi-

1257 548 1339 580 dere
1355 546 1449 588 Deo,
1476 552 1509 580 et
1524 545 1646 580 timere
1663 545 1787 579 Deum.

1444 668 1738 701 Firmamentum
1765 668 1844 701 sive
1873 668 2055 701 extensio.

1361 741 1466 775 Haud
1486 742 1593 775 dubie
1611 741 1779 785 significat
1798 742 1894 775 illam
1911 743 2050 776 orbium
2068 744 2243 788 composi-

1259 793 1392 827 tionem
1419 800 1451 827 et
1474 793 1756 834 distinctionem,
1790 804 1877 838 quae
1909 805 2005 827 nunc
2036 801 2101 828 est:
2137 802 2169 829 et
2197 795 2245 828 sic

1260 842 1366 878 huius
1383 844 1453 877 diei
1471 856 1559 888 opus
1576 855 1594 877 a
1613 844 1727 888 primo
1754 855 1858 887 opere
1876 844 2122 887 distinguitur,
2149 847 2244 891 quod

1260 896 1374 940 primo
1391 896 1448 929 die
1464 895 1597 928 conditi
1613 901 1695 928 sunt
1712 895 1819 935 coeli,
1846 906 1956 940 aquea
1974 896 2144 940 quaedam
2168 909 2245 930 mo-

1260 947 1309 979 les
1324 953 1387 982 etc.
1407 958 1512 991 quam
1531 944 1588 979 bic
1609 945 1738 989 opinor
1762 946 1879 979 vocari
1906 957 2014 990 aquas
2037 957 2141 990 snpra
2166 959 2246 980 coe-

1260 998 1330 1031 los:
1365 998 1519 1031 secundo
1550 997 1607 1030 die
1638 997 1790 1040 digestos
1821 1008 1892 1030 esse
1924 994 1988 1029 hos
2022 998 2124 1030 orbes
2155 998 2247 1031 inter

1260 1060 1378 1094 aquas,
1407 1048 1501 1082 iuxta
1521 1047 1699 1081 Psalmum
1716 1047 1945 1081 centesimum
1964 1048 2122 1081 tertium:
2175 1046 2247 1082 Ex-

1261 1100 1409 1133 tendens
1426 1099 1564 1133 coelum
1581 1098 1669 1132 sicut
1689 1098 1829 1142 pellem,
1850 1098 2017 1143 laqueans
2032 1098 2125 1132 inter
2140 1110 2247 1144 aquas

1261 1151 1485 1184 altitudinem
1511 1149 1600 1183 eius:
1636 1161 1719 1182 nam
1748 1150 1837 1183 coeli
1861 1156 1942 1182 sunt
1959 1161 2070 1195 aquea
2087 1162 2247 1194 corpora.

1262 1201 1355 1245 Quia
1374 1199 1536 1235 Ezechiel
1555 1200 1670 1244 primo
1686 1200 1797 1245 capite
1815 1200 1937 1234 scribit
1954 1212 1989 1233 se
2006 1212 2110 1245 supra
2127 1200 2246 1235 firma-

1261 1259 1418 1286 mentum
1437 1252 1566 1285 vidisse
1582 1249 1771 1293 thronum,
1800 1258 1832 1285 et
1850 1251 1887 1284 in
1911 1249 2040 1285 throno
2068 1252 2246 1286 sedentem

1261 1304 1357 1337 velut
1380 1301 1578 1343 hominem,
1606 1302 1845 1345 intelligamus
1870 1314 1979 1346 aquas
2002 1314 2107 1345 supra
2131 1303 2246 1336 coelos

1261 1356 1377 1388 locum
1404 1354 1524 1395 illum,
1558 1353 1672 1398 qualis
1704 1353 1818 1397 qualis
1841 1358 1906 1385 est:
1943 1363 2005 1395 ego
2030 1353 2147 1385 ae'rem
2175 1365 2246 1387 esse

1261 1405 1391 1439 iudico.

1363 1462 1469 1505 Quod
1491 1460 1549 1496 hic
1573 1463 1671 1496 locus
1696 1469 1763 1503 est,
1796 1461 1968 1495 Hebraeis
1991 1462 2118 1496 rectius
2144 1464 2246 1497 statio

1262 1520 1329 1554 est,
1356 1521 1395 1548 ut
1412 1514 1582 1557 significet
1598 1515 1640 1546 ad
1663 1514 1811 1546 verbum
1828 1512 1895 1547 Dei
1919 1513 2114 1546 constitisse
2129 1525 2247 1558 aquas,

1263 1565 1366 1598 etiam
1394 1565 1494 1597 nullo
1526 1565 1712 1597 commodo
1743 1564 1972 1607 receptaculo.
2034 1562 2124 1606 Quis
2154 1565 2248 1597 enim

1263 1626 1433 1659 aquarum
1453 1615 1710 1658 receptaculum
1727 1614 1912 1648 aestimet?
1955 1613 2035 1648 Huc
2052 1614 2141 1648 illud
2160 1613 2247 1649 Pro-

1264 1666 1360 1700 verb.
1386 1672 1508 1698 octavo
1536 1665 1704 1709 pertinet:
1740 1664 1868 1706 Legem
1900 1665 2053 1708 ponebat
2078 1665 2179 1710 aquis
2204 1678 2248 1699 ne

1263 1716 1455 1750 transirent
1476 1716 1562 1749 fines
1579 1727 1671 1750 suos.
1726 1714 1773 1749 Et
1789 1714 1957 1749 Proverb.
1974 1716 2126 1749 decimo:
2176 1716 2248 1760 Qui

1263 1767 1442 1810 colligavit
1468 1778 1575 1812 aquas
1598 1773 1659 1799 etc.
1714 1766 1772 1800 Sic
1797 1767 1840 1799 de
1862 1774 1954 1800 terra
1978 1766 2189 1801 consistente
2213 1768 2248 1801 in

1264 1818 1374 1863 aquis,
1403 1819 1492 1852 sicut
1508 1819 1544 1850 in
1562 1816 1763 1851 Proverbiis
1781 1818 1839 1858 ait,
1867 1816 2104 1862 Adpendehat
2118 1819 2247 1851 funda-

1265 1876 1381 1902 menta
1405 1876 1516 1903 terrae
1540 1876 1600 1902 etc.
1653 1867 1747 1902 Haec
1771 1880 1848 1903 cum
1875 1869 2098 1902 considerant
2115 1868 2248 1910 Sancti,

1265 1932 1393 1965 aquas,
1417 1927 1562 1961 terram,
1590 1931 1773 1962 suspensas
1799 1930 1870 1952 esse
1898 1918 2016 1952 Verbo
2038 1917 2125 1957 Dei,
2155 1928 2248 1954 certe

1265 1971 1468 2015 intelligunt
1491 1971 1610 2004 omnia
1637 1971 1807 2004 divinitus
1833 1970 1925 2013 regi,
1953 1970 2105 2011 servari,
2134 1977 2166 2004 et
2184 1972 2248 2004 do-

1265 2022 1354 2054 nari.
1409 2021 1454 2055 Et
1478 2022 1632 2055 vidimus
1656 2022 1813 2066 exempla
1844 2020 1906 2054 ubi
1931 2032 2041 2065 aquae
2071 2029 2248 2055 cesserunt

1265 2073 1372 2106 verbo
1397 2072 1465 2105 Dei
1491 2081 1611 2107 contra
1640 2079 1821 2110 naturam,
1850 2071 1938 2105 sicut
1964 2072 2001 2104 in
2031 2072 2186 2114 diluvio,
2211 2073 2247 2106 in

1266 2124 1481 2170 profectione
1498 2136 1538 2156 ex
1557 2122 1728 2169 Aegypto,

1508 2245 1641 2282 Videre
1670 2245 1765 2292 quod
1791 2248 1841 2280 sit
1871 2244 2012 2281 bonum.

1366 2320 1430 2356 Est
1462 2330 1618 2367 aspectus
1655 2334 1715 2356 seu
1750 2324 1928 2356 decretum
1957 2321 2023 2356 Dei
2051 2321 2246 2355 ordinantis

1264 2380 1458 2407 creaturam
1484 2374 1525 2406 ad
1552 2374 1740 2407 utilitatem
1767 2374 1942 2419 aliquam,
1975 2373 2064 2407 sicut
2087 2372 2178 2405 infra
2204 2373 2246 2405 de

1264 2422 1410 2457 homine
1429 2424 1532 2458 latius
1550 2425 1718 2459 dicemus,

1366 2481 1524 2516 Primum
1542 2481 1600 2516 hic
1615 2483 1817 2517 observabis
1837 2495 1965 2516 vanum
1982 2493 2053 2515 esse
2068 2493 2247 2515 commen-

1265 2540 1339 2567 tum
1355 2531 1655 2578 Philosophorum
1668 2562 1676 2575 ‚
1700 2535 1793 2579 quod
1813 2535 1855 2567 de
1872 2533 1997 2567 ordine
2015 2544 2196 2566 causarum
2215 2540 2248 2567 et

1265 2585 1308 2617 de
1335 2584 1431 2618 fluxu
1455 2585 1610 2619 siderum
1634 2585 1879 2629 prodiderunt.
1933 2582 2022 2617 Nam
2048 2591 2129 2617 ante
2157 2591 2247 2618 astra

1265 2635 1469 2669 conduntur
1483 2636 1655 2680 planetae,
1673 2647 1758 2681 quas
1774 2634 1993 2679 potissimum
2013 2635 2106 2668 nasci
2127 2642 2159 2668 et
2176 2646 2247 2669 ser-

1266 2685 1340 2719 vari
1359 2687 1487 2722 virtute
1504 2687 1657 2721 siderum
1676 2686 1973 2721 existimaverunt.
