2379 2948
73 119 146 153 957
473 116 517 153 V.

70 204 108 236 in
127 201 287 236 homines
307 203 402 247 pios,
427 203 487 248 qui
505 215 577 236 non
596 203 794 247 approbant
812 213 959 237 errores,
1012 200 1058 237 Et

71 266 272 299 quanquam
291 254 392 287 facile
410 261 550 298 possent
567 266 667 297 opes,
694 253 916 287 autoritatem
937 260 967 286 et
986 252 1055 286 for-

69 317 163 338 mam
190 305 333 349 politiae
362 305 486 338 veteris
511 304 759 337 ecclesiasticae
787 304 958 344 retinere,
993 305 1055 337 ab-

70 356 168 389 iectis
192 356 402 400 quibusdam
425 356 605 389 sordibus:
641 361 758 388 tamen
797 355 989 398 pertinacia
1022 362 1053 388 et

67 407 150 440 odio
170 407 339 448 furentes,
367 413 405 440 ut
425 403 562 439 Pharao
587 417 646 438 seu
670 403 887 446 Antiochus,
912 413 1053 440 censent

69 458 167 492 nulla
184 458 220 490 in
246 470 283 491 re
301 457 495 491 cedendum
519 467 590 488 esse
616 456 855 491 inferioribus
898 455 969 489 Nec
988 469 1051 489 no-

69 522 109 542 va
131 516 180 542 est
200 506 283 542 haec
308 507 516 550 pertinacia,
544 507 603 539 sed
624 507 820 551 plerunque
839 519 917 540 cum
935 513 1049 541 muta-

67 561 181 594 tiones
198 560 305 592 factae
320 565 419 596 sunt,
448 557 512 590 fuit
529 557 654 590 similis
679 558 871 602 impiorum
895 559 1046 602 pertina-

67 611 139 648 cia,
168 617 206 644 ut
223 607 437 649 Pharaonis,
464 607 600 648 Saulis,
627 606 838 649 Sedechiae,
866 607 1048 643 Pharisae-

67 674 167 695 orum
187 668 340 703 tempore
361 657 505 693 Christi.
559 658 634 692 Hos
659 660 767 703 igitur
790 660 967 693 idolorum
990 661 1049 693 de-

66 714 237 751 fensores,
265 708 506 755 blasphemos,
537 710 750 755 pertinace5‚
780 711 970 754 parricidas
999 718 1048 745 ta—

62 774 194 797 xamus.

165 828 203 862 Si
227 829 287 873 qui
311 835 391 862 sunt
408 826 594 873 Episcopi,
622 829 684 873 qui
710 829 840 862 iudicio
863 836 896 863 et
921 829 1049 862 volun-

63 888 132 915 tate
156 877 348 913 abhorrent
372 880 415 913 ab
441 881 502 913 illa
522 880 726 913 defensione
752 892 931 921 errorum,
957 878 994 913 hi
1018 881 1046 913 si

62 933 119 977 pia
139 930 358 964 confessione
375 931 545 964 iudicium
572 942 674 964 suum
695 932 891 972 declarant,
914 937 946 964 et
969 943 1047 964 suas

59 981 236 1018 Ecclesias
263 989 386 1015 curant
411 988 503 1016 recte
530 981 668 1020 doceri,
697 994 768 1015 non
790 989 872 1015 sunt
888 983 1045 1015 membra

59 1033 160 1076 impii
176 1033 284 1074 regni.
337 1030 383 1066 Et
402 1033 503 1067 multi
524 1040 606 1066 sunt
622 1033 714 1065 cives
739 1034 803 1066 sub
820 1033 904 1076 ipsis
919 1039 1045 1078 tyran—

60 1085 116 1117 nis
152 1084 289 1127 impiis,
328 1091 421 1118 recte
462 1085 668 1121 sentientes,
712 1092 803 1117 recte
842 1084 1045 1117 invocantes

21 1149 24 1152 ⁴
58 1135 173 1168 Deum
187 1162 195 1174 ,
224 1141 255 1167 et
271 1134 404 1167 Filium
422 1134 497 1168 eius
513 1134 627 1169 lesum
642 1132 823 1167 Christum
838 1162 846 1175 ,
875 1132 939 1168 hos
967 1147 1040 1168 non

60 1186 293 1228 intelligimus
325 1186 504 1227 damnari,
539 1186 600 1219 sed
634 1186 751 1228 potius
785 1186 941 1219 membra
973 1198 1045 1219 esse

60 1249 161 1270 verae
191 1235 384 1276 Ecclesiae,
421 1249 499 1270 cum
532 1248 600 1282 qua
632 1236 764 1270 iudicio
798 1243 829 1269 et
863 1237 1044 1270 voluntate

58 1288 238 1321 coniuncti
263 1295 355 1321 sunt.
405 1286 477 1320 Nec
500 1299 565 1320 nos
587 1288 750 1330 fingimus
767 1285 960 1321 Ecclesiam
988 1288 1043 1320 in-

57 1339 254 1379 visibilem,
280 1349 340 1371 seu
356 1344 395 1371 ut
412 1339 525 1371 ideam
544 1337 774 1372 Platonicam.

161 1404 207 1440 Ut
229 1404 482 1438 confessionem
502 1403 706 1449 Evangelii,
734 1404 1043 1439 sacramentorum

55 1468 178 1498 nsum,
205 1462 236 1489 et
254 1467 371 1489 veram
396 1456 654 1490 invocationem
679 1457 774 1491 Deus
792 1457 868 1490 vult
889 1457 1043 1500 conspici

57 1508 194 1553 palam,
228 1507 273 1541 ita
296 1518 436 1540 necesse
464 1514 514 1541 est
539 1507 732 1541 Ecclesiam
767 1519 839 1541 esse
867 1508 1041 1541 visibilem

56 1565 206 1592 coetum.
260 1557 328 1591 Sed
353 1558 496 1591 caeteris
521 1558 652 1602 politiis
669 1558 851 1592 dissimilis
868 1565 937 1600 est,
964 1571 1044 1603 pas-

56 1610 121 1643 sim
149 1609 297 1652 dispersi
323 1615 404 1642 sunt
427 1609 496 1653 pii,
523 1621 588 1642 nec
610 1616 704 1643 certo
723 1621 830 1653 regno
847 1611 1043 1653 mundano,

56 1668 116 1694 aut
146 1667 241 1693 certo
275 1661 371 1700 loco,
406 1667 465 1693 aut
491 1661 593 1693 certis
626 1657 790 1694 humanis
822 1662 1042 1701 ceremoniis,

56 1718 169 1745 certae
196 1710 332 1753 regioni
355 1710 500 1752 inclusi,
526 1712 586 1744 sed
607 1711 739 1756 ubique
764 1724 886 1745 omnes
908 1712 1041 1756 ample-

55 1769 186 1796 etentes
209 1759 441 1804 Evangelium
467 1761 549 1796 Dei.
584 1769 618 1796 et
638 1762 788 1796 vitantes
813 1762 926 1803 idola,
960 1769 1043 1796 sunt

53 1815 211 1846 membra
242 1813 346 1846 unius
369 1810 547 1846 Ecclesiae
571 1812 647 1847 Dei.
700 1813 780 1846 Non
805 1813 913 1856 igitur
939 1814 1042 1847 belli-

54 1875 218 1908 geramur
235 1876 312 1896 cum
332 1863 418 1907 piis,
447 1863 507 1908 qui
524 1864 589 1897 sub
614 1865 774 1909 tyrannis
790 1865 941 1907 degunt,
969 1877 1040 1897 non

55 1928 132 1949 cum
159 1912 231 1954 his,
260 1914 321 1959 qui
347 1925 382 1947 se
406 1914 558 1955 iudicio,
592 1915 790 1955 voluntate,
824 1915 1042 1948 confessione

55 1966 243 2008 seiungunt
260 1977 277 1998 a
298 1965 460 1999 societate
475 1962 631 1998 hostium
650 1964 856 2008 Evangelii,
882 1967 940 1999 sed
961 1978 1040 1999 cum

53 2016 127 2048 illis
149 2014 332 2060 Episcopis
361 2022 394 2049 et
417 2028 539 2050 eorum
571 2017 798 2056 satellitibus,
832 2017 894 2061 qui
918 2017 1041 2050 defen-

55 2069 144 2100 dunt
167 2067 277 2107 idola,
305 2073 338 2101 et
352 2078 449 2100 suam
464 2067 694 2111 pertinaciam
711 2068 906 2102 manifestis
924 2080 1040 2102 exem-

56 2117 124 2162 piis
145 2124 176 2150 et
195 2129 317 2160 magna
335 2118 477 2152 saevitia
496 2119 686 2152 declarant.

157 2183 349 2217 Hortamur
366 2193 479 2220 autem
497 2199 727 2232 quoscunque
742 2183 938 2231 possumus,
957 2199 1038 2231 pro-

53 2245 130 2281 pter
148 2235 295 2280 gloriam
313 2235 396 2277 Dei,
423 2244 461 2270 ut
483 2239 527 2271 ab
553 2250 591 2271 ca
617 2238 770 2272 factione
793 2238 900 2282 impia
925 2250 960 2271 se
983 2239 1039 2271 iu-

53 2287 147 2320 dicio
165 2294 199 2320 et
217 2286 395 2319 voluntate
420 2287 624 2332 seiungant,
651 2295 690 2323 ut
716 2289 847 2323 multos
871 2287 1038 2323 hortaba-

51 2346 110 2372 tur
127 2337 358 2378 MacabanS,
384 2344 423 2372 ut
445 2350 480 2372 se
501 2351 519 2372 3
535 2340 699 2374 societate
713 2340 942 2374 consiliorum
960 2339 1036 2373 An-

51 2386 159 2424 tiochi
195 2388 430 2431 seiungerent.
488 2389 678 2424 Monemus
712 2392 816 2425 etiam
849 2392 969 2425 doctos
1005 2397 1038 2425 et

53 2441 261 2484 prudentes,
289 2439 349 2484 qui
367 2440 420 2472 vel
439 2441 556 2474 studio
575 2442 676 2485 paciS,
703 2449 743 2476 ut
757 2454 840 2487 prae
854 2454 889 2475 se
906 2443 1036 2485 ferunt,

51 2491 106 2524 vel
132 2502 192 2525 sua
209 2492 359 2535 quadam
384 2491 588 2525 morositate
604 2492 715 2525 videri
728 2494 877 2534 volunt,
905 2491 1036 2527 abhor-

53 2554 129 2575 rere
146 2555 164 2575 a
181 2542 282 2575 novis
302 2542 408 2575 rebus
434 2548 468 2575 et
490 2554 508 2574 a
531 2543 787 2577 mutationibus
800 2572 809 2585 ,
825 2551 862 2578 ut
879 2551 1036 2586 caveant,

53 2604 97 2625 ne
125 2605 185 2626 sna
219 2593 422 2627 cantatione
452 2593 661 2627 confirment
695 2591 810 2628 hostes
836 2593 1036 2638 Evangelii.

50 2641 122 2677 Res
145 2644 349 2677 manifestae
373 2650 476 2685 sunt,
504 2650 538 2678 et
560 2656 578 2677 3
602 2644 762 2678 candidis
785 2651 817 2678 et
842 2658 916 2679 non
938 2646 1035 2680 calu-

49 2694 195 2728 mniosis
212 2695 311 2729 facile
331 2694 479 2729 iudicari
496 2701 656 2740 possunt.

573 116 623 151 IN
649 115 911 152 DANIELEM
939 116 1255 153 PROPHETAM
1283 117 1705 158 COMMENTARIUS.

2027 125 2100 159 958

1211 200 1426 246 Exaggeres,
1443 205 1600 245 attollas,
1616 205 1805 249 amplifices
1817 205 1967 248 Wiceli,
1985 221 2098 253 quan-

1110 259 1184 286 tum
1203 252 1318 293 voles,
1347 267 1555 288 consensum
1579 256 1769 290 multorum
1787 258 1998 298 seculorum,
2020 271 2098 292 snc-

1110 303 1301 336 cessionern
1327 305 1563 346 ordinariam,
1591 308 1822 341 reverentiam
1849 309 2096 352 gubernatori-

1109 355 1174 386 bus
1200 354 1372 395 debitam,
1400 363 1537 397 tamen,
1565 357 1592 390 si
1627 358 1769 391 intimos
1803 371 1923 393 sensus
1957 367 2033 393 tuos
2063 367 2096 393 et:

1108 405 1302 448 penetralia
1328 407 1477 449 pectoris
1500 408 1653 450 aperias,
1690 409 1783 442 dices
1817 410 1880 443 tibi
1911 410 2095 454 displicere

1108 455 1368 489 invocationem
1387 463 1606 490 mortuorum
1620 485 1628 498 ,
1657 460 1936 502 profanationem
1955 460 2095 495 Coenae

1106 505 1271 547 Domini,
1309 518 1411 549 vagas
1447 508 1633 549 libidines,
1666 510 1866 551 saevitiam,
1902 524 2005 556 qnam
2034 512 2096 545 diu

1107 557 1175 589 iam
1202 564 1361 592 exercent
1387 559 1584 601 pontifices,
1626 560 1880 602 neglectionem
1914 574 2094 595 sacrorum

1107 608 1319 648 studiorum,
1344 610 1630 653 depravationem
1651 611 1832 644 doctrinae
1849 613 1891 644 de
1909 613 2092 655 poeniten-

1105 659 1151 692 tia
1178 665 1210 692 et
1240 661 1282 691 de
1306 660 1435 702 gratia,
1472 661 1737 704 superstitiones
1761 662 1893 695 rituum
1920 660 2094 696 humano-

1105 722 1201 750 rum,
1236 711 1514 744 dominationem
1541 712 1669 754 regiam
1697 710 1972 756 Episcoporum,
2005 725 2095 758 qnae

1104 760 1252 804 impedit
1284 762 1576 803 gubernationem
1610 762 1821 803 Ecclessiae,
1865 763 2089 797 omissionem

1103 810 1331 856 Synodorum
1360 819 1392 846 et
1417 812 1629 845 iudiciorum
1649 811 1843 854 Ecclesiae,
1872 815 1914 846 de
1932 815 2093 847 doctrina

1103 862 1196 894 etde
1212 862 1381 898 moribus.
1435 863 1530 896 Haec
1554 863 1688 896 etiamsi
1718 865 1835 898 rident
1850 863 2015 908 Epicurei
2038 877 2093 898 sa-

1102 912 1257 956 pientes,
1293 920 1410 946 tamen
1443 912 1610 947 honestae
1635 922 1785 955 mentes,
1817 928 1906 960 quae
1935 916 2093 949 iudicant

1100 961 1334 1007 Evangelium
1361 977 1432 998 non
1465 977 1537 998 esse
1562 966 1865 1007 commentitium,
1899 973 2093 1010 agnoscunt

1100 1026 1173 1047 non
1191 1026 1263 1047 esse
1284 1015 1549 1049 dissimulanda.

1202 1108 1269 1142 Sed
1289 1110 1367 1153 plus
1388 1111 1471 1143 mali
1491 1111 1697 1143 medicando
1717 1111 2093 1156 excitatis,·inqniunt,

1101 1158 1228 1192 Facitis
1257 1158 1443 1206 ἀναρχίαν
1467 1161 1670 1195 labefactata
1705 1173 1924 1194 summorum
1957 1163 2092 1195 autori-

1100 1215 1188 1250 tate,
1216 1211 1339 1245 laxatis
1366 1213 1484 1245 frenos
1507 1212 1719 1256 petulantiae
1743 1219 1775 1245 et
1801 1212 1966 1245 audaciae
1990 1213 2091 1256 inge-

1099 1262 1259 1301 niorum,
1288 1269 1476 1296 moventur
1503 1264 1660 1306 exemplo
1683 1270 1715 1296 et
1741 1263 1923 1296 occasione
1947 1264 2090 1301 curiosi,

1099 1317 1137 1344 ut
1170 1324 1250 1345 vera
1276 1314 1437 1356 dogmata
1470 1315 1695 1347 conturbent.
1756 1313 1921 1347 Vidimus
1951 1321 2090 1347 exortos

1099 1362 1368 1406 Anabaptistas‚
1396 1363 1578 1404 Servetos‚
1605 1362 1825 1407 Campanos,
1860 1372 1892 1398 et
1917 1365 2002 1398 alias
2027 1377 2089 1408 pe-

1099 1419 1178 1448 stes.
1230 1412 1277 1447 Et
1298 1421 1335 1448 ut
1352 1415 1517 1458 praecisis
1536 1412 1667 1460 hydrae
1685 1414 1859 1458 capitibus
1884 1415 1951 1448 alia
1968 1427 2089 1448 nasce-

1099 1464 1239 1505 bantur,
1267 1465 1314 1498 ita
1331 1464 1585 1509 impostoribus
1602 1465 1673 1498 illis
1690 1477 1762 1499 uno
1780 1473 1890 1513 atquc
1903 1467 2012 1499 altero
2032 1478 2087 1498 re-

1098 1515 1226 1558 pressis
1250 1516 1335 1549 alibi
1362 1517 1494 1550 similes
1519 1516 1738 1552 exoriuntur.
1799 1516 1896 1559 Quid
1930 1524 2089 1561 potentes

1099 1565 1165 1599 sibi
1187 1567 1358 1600 sumunt?
1391 1580 1459 1612 qna
1487 1567 1673 1611 disciplina
1698 1567 1770 1610 regi
1793 1579 1910 1601 mores
1932 1580 2013 1601 suos
2041 1567 2090 1600 si-

1098 1617 1212 1650 nunt?
1239 1630 1343 1662 quam
1361 1625 1443 1651 sunt
1463 1619 1649 1661 diligentes
1674 1618 1713 1650 in
1737 1619 1900 1652 fovendis
1923 1619 1995 1662 piis
2014 1625 2090 1651 stu—

1098 1667 1191 1701 diis?
1224 1681 1294 1713 quo
1322 1669 1537 1702 transferunt
1569 1680 1652 1712 opes
1675 1667 1937 1703 Ecclesiarum?
1989 1668 2088 1712 Quid

1097 1720 1193 1764 quod
1227 1719 1409 1753 distractio
1428 1720 1628 1763 principum
1658 1731 1719 1764 per
1743 1731 1816 1753 sese
1836 1727 1887 1754 est
1904 1720 2087 1753 infinitum

1097 1770 1242 1803 malum.
1299 1770 1467 1804 Videmus
1492 1783 1556 1803 nec
1581 1782 1703 1813 magna
1728 1782 1791 1804 nec
1816 1783 1921 1814 parva
1943 1770 2088 1813 negocia

1101 1821 1282 1853 communi
1304 1833 1361 1854 eos
1385 1821 1504 1854 animo
1529 1832 1629 1864 agere
1652 1833 1761 1865 posse.
1823 1821 2027 1862 Postremo,
2057 1821 2086 1853 si

1097 1883 1193 1904 nunc
1210 1872 1309 1905 initia
1328 1872 1556 1905 dissidiorum
1576 1878 1710 1905 tantum
1732 1870 1862 1906 habent
1878 1872 1980 1914 mali,
1998 1873 2086 1918 quid

1096 1923 1140 1955 ad
1170 1930 1327 1965 posteros
1354 1924 1431 1961 fiet,
1463 1935 1542 1956 cum
1566 1923 1685 1955 minus
1709 1923 1773 1957 erit
1796 1924 2024 1963 eruditionis,
2053 1930 2087 1956 et

1097 1973 1165 2006 iam
1184 1973 1418 2008 diuturnitate
1440 1973 1586 2007 audacia
1609 1979 1792 2017 potentum
1811 1974 1876 2008 erit
1895 1974 2086 2007 confirma-

1096 2024 1156 2058 ta'?
1207 2023 1309 2058 Nunc
1347 2025 1384 2058 in
1413 2024 1635 2069 principibus
1668 2025 1814 2069 aliquod
1840 2032 1891 2058 est
1925 2025 2085 2058 studium

1094 2075 1172 2119 piae
1188 2076 1386 2116 doctrinae,
1418 2076 1490 2110 tale
1502 2087 1573 2108 non
1593 2075 1658 2109 erit
1673 2075 1711 2107 in
1728 2076 1900 2120 posteris?
1946 2074 2084 2110 Crescet

1094 2126 1202 2170 igitur
1216 2127 1396 2160 barbaries
1414 2138 1453 2160 ac
1471 2126 1686 2160 immanitas.

1207 2185 1304 2219 Haec
1325 2186 1546 2220 obiiciuntur
1571 2185 1693 2226 nobis,
1721 2198 1801 2219 cum
1829 2196 1963 2219 errores
1987 2192 2084 2219 taxa-

1094 2247 1192 2280 mus,
1219 2243 1252 2271 et
1266 2249 1432 2281 magnum
1456 2237 1560 2269 nobis
1580 2236 1738 2269 dolorem
1764 2234 1848 2269 haec
1870 2237 1981 2270 tristia
2004 2247 2081 2280 spe-

1092 2288 1225 2321 ctacula
1243 2289 1418 2322 adferunt.
1468 2287 1675 2320 Discordiae
1691 2287 1811 2320 civiles
1828 2287 1976 2330 gignunt
2001 2287 2082 2319 infi-

1093 2338 1166 2371 nita
1190 2339 1293 2372 mala.
1347 2338 1416 2373 Sed
1447 2338 1618 2372 iniustum
1650 2344 1717 2378 est,
1752 2338 1910 2371 conferre
1942 2349 2082 2371 causam

1092 2389 1350 2424 discordiarum
1375 2391 1411 2423 in
1435 2388 1686 2432 Evangelium.
1746 2387 1898 2422 Credere
1923 2389 1999 2422 voci
2027 2388 2083 2421 di-

1091 2441 1195 2474 vinae
1220 2441 1315 2474 idola
1340 2448 1373 2474 et
1397 2441 1501 2474 salsae
1534 2439 1722 2482 opiniones
1744 2440 1930 2474 debebant.
1985 2438 2082 2473 Ilaec

1090 2504 1170 2525 cum
1194 2493 1452 2532 defenduntur,
1481 2489 1673 2534 pertinacia
1696 2501 1837 2530 eorum,
1872 2490 1933 2536 qui
1957 2488 2080 2523 Evan-

1089 2543 1180 2586 gelio
1202 2545 1451 2582 adversantur,
1478 2541 1675 2574 inflammat
1692 2541 1897 2576 discordias.
1951 2539 1998 2575 Et
2015 2539 2082 2574 hae

1089 2600 1172 2628 sunt
1187 2594 1334 2626 usitatae
1352 2605 1485 2638 poenae
1502 2603 1703 2635 regnorum.

1191 2644 1339 2677 Nullum
1363 2644 1469 2677 fuisse
1491 2650 1609 2687 postea
1634 2642 1792 2687 pulcrius
1810 2654 1956 2686 regnum
1984 2643 2081 2675 arbi-

1089 2702 1182 2735 tror,
1217 2706 1324 2740 quam
1349 2695 1416 2729 fuit
1438 2693 1589 2740 Aegypti
1617 2705 1767 2738 regnum
1800 2694 2030 2728 constitutum
2060 2707 2081 2725 a
