2379 2948
100 102 197 140 1077

96 197 148 224 tas
178 198 324 231 magnos
356 188 528 223 tumultus
553 195 587 223 et
610 188 802 223 seditiones
823 188 980 232 paritura
1005 194 1089 222 erat.

96 239 215 282 Quare
235 240 264 272 si
281 238 459 273 Socratem
479 241 730 279 consuluisset,
757 252 803 272 an
822 237 877 271 hic
894 239 995 271 labor
1011 250 1088 272 sus-

96 290 282 334 cipiendus
310 297 416 329 esset,
451 298 542 324 certe
567 290 728 324 Socrates
757 290 935 323 dissuasor
954 289 1087 323 fuisset.

96 340 166 375 Sed
198 339 255 374 hic
285 341 321 374 in
349 341 489 375 Psalmo
514 342 682 374 discimus
708 340 884 373 mandatis
909 340 979 373 Dei
1002 341 1087 373 obe-

94 392 265 425 diendum
284 403 378 433 esse,
403 399 435 426 et
452 393 563 425 exitus
577 390 652 425 Deo
672 392 984 425 commendandos.

198 452 304 485 Hanc
350 458 457 485 artem

94 503 255 535 omnium
295 499 588 546 philosophorum
623 499 779 545 Ethicis,

94 553 306 587 inculcatam
331 564 403 586 esse
428 552 622 585 mentibus:
651 553 732 597 quia
755 564 855 596 saepe
879 558 997 585 errant
1021 550 1086 585 ho—

93 603 227 645 mines,
264 616 342 637 cum
379 609 500 636 contra
534 604 700 636 mandata
726 603 796 637 Dei
825 603 955 636 futuris
980 615 1085 636 even-

93 655 190 688 tibus
215 666 399 688 occurrere
424 654 560 688 volunt.
616 653 663 689 Ut
685 661 799 687 autem
820 651 906 687 haec
922 666 977 687 ars
994 654 1086 687 vitae

93 705 312 748 intelligatur
344 712 374 737 et
407 713 623 744 exerceatur,
659 712 808 751 utraque
841 705 971 738 virtute
997 716 1085 749 opus

94 763 162 794 est,
206 757 331 789 timore
363 754 427 789 Dei
458 763 492 790 et
526 757 604 792 fide.
686 756 814 789 Timor
844 756 1006 793 obediat,
1052 762 1083 788 et

92 807 178 839 fides
195 806 336 839 intuens
346 805 460 839 Deum
480 814 607 842 statuat
622 819 686 840 nos
705 807 818 841 iuvari
835 814 867 840 et
884 807 951 850 tegi
969 820 985 839 a
999 805 1085 847 Deo,

93 869 131 889 ac
150 863 242 900 petat
260 863 292 890 et
310 864 464 901 expectet
481 859 592 891 bonos
609 865 765 892 eventus.
828 857 881 891 Ac
898 858 934 890 in
954 858 1084 891 talibus

92 908 266 941 exercitiis
284 908 343 940 lux
360 909 440 941 fidei
461 909 497 941 in
516 910 613 942 omni
632 909 703 942 vita
724 920 877 942 crescere
892 909 1008 944 debet.

195 966 308 1000 Totus
327 974 443 1000 autem
455 966 614 1001 Psalmus
631 968 717 1001 alias
731 968 887 1011 regulam
906 979 965 1001 seu
983 979 1083 1012 prae-

92 1025 231 1061 ceptum
252 1018 378 1057 tradit,
408 1026 446 1052 ut
465 1019 639 1052 mandatis
658 1018 726 1052 Dei
745 1019 970 1052 obediamus:
999 1019 1084 1052 alias

92 1069 346 1112 promissiones
369 1070 725 1105 eucomminationes.
777 1068 823 1103 Et
843 1071 983 1102 eaedem
1003 1082 1082 1103 sen-

91 1119 222 1153 tentiae
238 1120 343 1152 variis
360 1120 479 1163 figuris
495 1121 663 1164 repetitae
681 1127 772 1154 sunt.
826 1119 999 1164 Proponit
1018 1118 1083 1165 hy-

91 1177 298 1215 potyposes‚
337 1171 502 1204 florentes
526 1171 654 1216 impios
680 1179 711 1205 et
736 1171 929 1205 saevientes
952 1172 988 1204 in
1015 1169 1083 1204 Ec-

92 1221 252 1262 clesiam„
280 1222 337 1254 sed
363 1234 443 1255 mox
462 1222 618 1256 ruituros
636 1230 669 1256 et
686 1223 873 1267 perituros,
927 1221 1083 1256 Econtra

91 1284 175 1305 vero
188 1270 380 1305 Ecclesiam
401 1284 622 1317 oppressam,
649 1281 682 1308 et
697 1280 813 1307 tamen
832 1284 953 1307 rursus
970 1285 1083 1306 emer-

91 1330 229 1367 gentem
247 1335 286 1356 ex
302 1323 478 1357 miseriis.-

228 1435 560 1481 Aryumentmn
597 1446 651 1469 ac
686 1434 942 1479 dispositio

363 1502 522 1541 Psalmi
557 1501 811 1542 XXXVIII.

144 1579 309 1612 Domine
328 1588 375 1611 ne
392 1580 431 1612 in
446 1575 579 1622 furore
594 1582 658 1611 tuo
676 1588 818 1624 arguas
834 1588 915 1620 me,
944 1582 1016 1612 etc.

195 1653 338 1687 Primus
355 1665 494 1691 versuS‚
521 1659 553 1686 et
572 1652 739 1696 postremi
758 1654 849 1696 duo,
877 1660 910 1686 et
927 1653 1083 1686 decimus

94 1705 242 1751 quintus
265 1712 298 1737 et
323 1704 480 1737 decimus
504 1711 636 1743 sextus,
671 1710 753 1736 sunt
777 1704 1014 1747 precationes,
1047 1705 1083 1736 in

92 1757 222 1801 quibus
247 1755 329 1798 petit
352 1754 466 1787 David
490 1755 745 1798 mitigationem
770 1755 966 1797 ingentium
992 1755 1083 1788 cala-

93 1807 255 1840 mitatum
274 1813 308 1839 et
323 1806 594 1846 liberationum,
622 1818 666 1838 ne
682 1805 870 1838 abiiciatur
885 1819 902 1838 a
920 1805 1013 1846 Deo,
1040 1817 1085 1838 ne

91 1858 316 1902 opprimatur
342 1855 496 1890 hostium
519 1857 656 1895 furore,
684 1868 727 1889 ne
747 1863 882 1900 pereat,
909 1857 997 1890 sicut
1018 1857 1084 1889 im·

93 1909 141 1953 pii
174 1921 214 1941 ex
237 1908 377 1950 tragicis
404 1908 505 1940 malis
531 1914 638 1940 ruunt
662 1908 698 1939 in
721 1914 904 1941 aeternum
928 1908 1084 1948 exitium,

92 1967 131 1994 ut
148 1957 307 2000 Pharao,
335 1958 421 1992 Saul
438 1965 469 1992 et
488 1958 619 1992 similes
638 1959 829 2002 perierunt.

706 101 770 138 IX.
826 100 1189 138 COMMENTARII
1225 101 1274 137 IN
1307 99 1549 137 PSALMOS.

1113 351 1115 370 ι

1112 380 1115 411 Ι

1113 449 1115 467 ι

1111 531 1114 676 1

1110 845 1112 871 ἶ
1137 850 1318 892 gnandum
1342 855 1402 882 est.

194 2016 290 2051 Duas
305 2024 419 2051 autem
437 2029 557 2050 causas
573 2024 741 2057 recenset,
768 2023 807 2050 ut
825 2028 938 2060 saepe,
965 2029 1027 2050 cur
1042 2017 1085 2050 sit
1112 2054 1113 2059 ¹

94 2069 327 2102 adiuvandus.
380 2067 538 2102 Alteram
557 2068 780 2113 impulsivam
793 2092 803 2110 ‚
832 2068 913 2112 quia
930 2079 1030 2111 spero
1048 2069 1084 2100 in

94 2127 145 2158 te,
175 2119 209 2152 id
238 2125 305 2159 est,
334 2120 400 2152 fide
422 2120 549 2155 invoco
572 2126 623 2159 te,
652 2126 683 2152 et
708 2119 878 2152 auxilium
895 2131 913 2151 a
933 2126 965 2151 te
983 2131 1085 2162 expe-

95 2178 162 2204 cto.
215 2169 414 2203 Promisisti
437 2177 551 2204 autem
575 2170 745 2203 auxilium
769 2170 810 2202 ad
832 2176 864 2202 te
880 2170 1087 2213 confugien-

96 2222 211 2261 tibus,
254 2221 343 2254 sicut
376 2220 459 2254 alibi
493 2221 639 2255 dicitur:
682 2220 797 2265 Prope
829 2228 879 2254 est
911 2220 1087 2254 Dominus

97 2273 264 2306 omnibus
296 2272 543 2305 invocantibus
578 2284 658 2305 eum
681 2272 717 2305 in
743 2272 901 2305 veritate.
965 2271 1086 2306 Altera

97 2335 200 2357 causa
233 2329 282 2356 est
314 2322 446 2360 finalis,
484 2334 528 2355 ne
559 2322 783 2367 triumphent
814 2323 1022 2363 adversarii,
1055 2330 1087 2357 et
1113 2334 1115 2338 ’

96 2372 294 2418 blasphemi
323 2373 538 2416 glorientur,
567 2385 645 2406 suas
670 2374 858 2418 opiniones
881 2386 979 2407 veras
1005 2386 1087 2416 esse,

97 2426 295 2459 doctrinam
308 2424 373 2456 Dei
387 2424 663 2457 commentitiam
675 2437 756 2460 esse.
792 2425 959 2458 Promisit
971 2432 1085 2459 autem

96 2476 192 2510 Deus
214 2488 248 2509 se
273 2476 421 2519 gloriam
448 2487 544 2508 suam
570 2475 796 2509 defensurum
814 2483 847 2510 et
866 2477 1087 2520 adserturum

98 2539 188 2566 esse,
217 2534 255 2560 ut
272 2525 396 2560 Esaiae
406 2525 466 2561 48.
483 2525 628 2559 dicitur:
657 2523 806 2570 Propter
823 2539 953 2571 nomen
970 2539 1086 2561 meum

1111 2060 1113 2066 Δ
1140 2068 1217 2103 Dei.

1112 2356 1115 2438 ε

1112 2439 1116 2561 ἑ

2044 106 2140 142 1078

1141 186 1218 221 Hae
1249 199 1372 221 causae
1397 188 1515 221 valent
1539 188 1630 231 apud
1657 185 1783 222 Deum.
1854 188 1946 222 Cum
1971 189 2065 223 enim
2089 191 2133 226 sit

1140 250 1266 279 verax,
1300 238 1471 282 promissa
1504 236 1597 272 haud
1630 239 1738 272 dubie
1760 245 1922 283 praestat.
1984 240 2132 274 Utrum-

1140 301 1208 334 que
1230 296 1346 322 autem
1373 289 1552 332 promisit,
1580 295 1613 322 et
1635 290 1880 323 exauditurum
1906 302 1940 323 se
1961 290 2131 324 invocan-

1140 347 1201 379 tes,
1229 347 1260 373 et
1278 346 1492 372 asserturum
1509 351 1543 372 se
1559 351 1630 372 esse
1647 340 1793 383 gloriam
1812 353 1920 374 suam.
1974 340 2074 375 Hanc
2091 343 2131 374 fi-

1113 414 1115 436 :
1140 392 1218 424 dem
1243 391 1419 423 discamus
1444 402 1507 423 nos
1530 402 1671 434 quoque
1693 393 1734 423 ad
1755 390 1868 425 Deum
1892 392 1929 424 in
1955 394 2130 436 precando

507 451 599 484 vitae
647 451 750 493 longe
793 450 1086 494 praestantiorem
1140 442 1285 475 adferre·

829 508 966 545 oportet
997 502 1087 533 bene
1112 497 1114 526 ἑ
1140 499 1327 536 petuntur,
1365 502 1603 535 proponamus
1637 490 1729 524 Deo:
1764 494 1858 536 quod
1889 493 1916 525 si
1949 494 2129 534 faciemus,

1339 440 1412 473 Has
1437 452 1574 480 causas,
1602 453 1691 485 quae
1716 442 1819 474 toties
1843 443 1880 474 in
1901 442 2051 476 Psalmis
2075 456 2130 477 re-

1139 543 1358 586 experiemur
1381 549 1493 582 certo,
1517 554 1588 575 non
1607 553 1678 575 esse
1694 542 1812 576 irritos
1827 544 1974 586 gemitus
1990 552 2129 579 nostros

1139 602 1171 629 et
1187 594 1386 638 petitiones.

1241 645 1309 679 Sed
1335 643 1491 677 humana
1512 650 1659 684 natura,
1692 650 1836 687 propter
1857 656 2019 688 magnam
2044 659 2128 680 con-

1139 696 1313 729 fusionem
1340 695 1603 728 dubitationum
1630 694 1666 726 in
1691 696 1815 735 eorde,
1842 707 1930 738 pene
1955 697 2059 730 surda
2077 705 2129 732 est

1138 749 1180 780 ad
1198 745 1260 780 has
1276 746 1540 790 promissiones,
1566 757 1630 777 nec
1647 745 1777 778 iudicat
1791 752 1858 778 tam
1872 746 2034 779 liberales
2047 759 2130 789 esse,

1138 805 1198 831 aut
1222 806 1312 831 ratas
1338 805 1369 830 et
1395 798 1512 830 firmas
1537 807 1621 832 esse.
1676 795 1769 828 Huic
1792 797 2005 829 dubitationi
2024 810 2129 841 repu-

1458 846 1605 891 Semper
1628 852 1744 879 autem
1771 859 1849 879 cum
1879 848 2128 890 promissiones

1138 900 1347 943 cogitamus,
1391 899 1495 931 simul
1527 898 1718 931 intuendus
1744 904 1794 931 est
1816 898 1992 931 mediator
2017 898 2128 933 Filius

1138 950 1215 985 Dei.
1271 949 1319 983 lta
1347 949 1560 992 cogitatione
1581 960 1783 988 causarum,
1811 949 1940 993 quibus
1957 948 2052 982 Deus
2078 957 2129 984 te-

1137 1008 1248 1035 statur
1265 1014 1298 1034 se
1315 1001 1468 1040 moveri,
1492 1000 1576 1032 fides
1591 999 1770 1032 excitanda
1791 1006 1859 1039 est,
1885 1006 1918 1033 et
1936 1002 2128 1043 petendum

1138 1060 1170 1086 et
1190 1052 1443 1096 expectandum
1462 1057 1513 1083 est
1531 1050 1712 1084 auxilium.
2034 1041 2042 1049 ⁸

1242 1102 1379 1137 Caeteri
1397 1113 1516 1134 versus
1532 1101 1569 1133 in
1586 1107 1660 1133 toto
1675 1099 1815 1133 Psalmo
1831 1108 1913 1134 sunt
1929 1101 2128 1136 tristissima

1138 1154 1298 1199 querela,
1326 1160 1358 1186 et
1383 1152 1539 1185 narratio
1565 1151 1761 1194 ingentium
1789 1152 1973 1191 dolorum,
2001 1154 2127 1197 ampli-

1138 1206 1234 1238 ficata
1275 1204 1455 1237 mentione
1491 1214 1674 1235 causarum
1707 1209 1740 1235 et
1771 1202 2126 1241 circumstantiarum.

1139 1255 1217 1289 Non
1240 1255 1333 1288 enim
1351 1261 1486 1288 tantum
1505 1251 1690 1286 hominum
1711 1252 1792 1285 odia
1812 1260 1845 1287 et
1861 1254 2017 1297 corporis
2034 1255 2127 1298 peri-

1137 1307 1214 1339 cula
1238 1314 1269 1339 et
1292 1305 1466 1339 cruciatus
1490 1304 1628 1344 recitat,
1656 1304 1714 1336 sed
1736 1303 1839 1336 etiam
1865 1304 1970 1336 aliam
1993 1305 2128 1338 tristio-

1137 1369 1209 1390 rem
1236 1368 1375 1390 causam
1399 1366 1556 1388 summae
1579 1353 1779 1386 moesticiae
1802 1361 1937 1394 narrat,
1965 1355 2128 1390 videlicet

1138 1408 1231 1452 quo‘d
1250 1419 1358 1440 manu
1377 1404 1440 1438 Dei
1459 1411 1639 1449 prematur
1655 1411 1686 1437 et
1704 1404 1836 1446 sagittis
1852 1404 1984 1437 divinis
2002 1406 2127 1439 vulne-

1139 1465 1250 1498 retur,
1278 1457 1544 1502 perterrefactus
1566 1466 1585 1488 ἃ
1603 1453 1678 1487 Deo
1695 1455 1902 1489 ostendente
1922 1455 2009 1488 iram
2029 1467 2126 1490 suam

1138 1511 1304 1542 adversus
1323 1514 1471 1551 peccata.

1239 1559 1355 1593 Fortis
1375 1559 1513 1592 animus
1532 1557 1702 1600 tantisper
1719 1558 1830 1590 donec
1848 1558 2060 1592 conscientia
2078 1567 2127 1593 est

1139 1611 1271 1653 integra
1295 1617 1327 1643 et
1354 1609 1474 1643 statuit
1498 1620 1532 1641 se
1548 1606 1622 1641 Deo
1647 1608 1782 1651 placere
1807 1614 1838 1641 et
1857 1620 1874 1640 a
1892 1608 1965 1641 Deo
1984 1610 2127 1643 defendi

1139 1669 1170 1695 et
1195 1661 1328 1701 iuvari,
1354 1660 1454 1693 facile
1477 1659 1606 1702 perfert
1623 1670 1661 1690 ac
1679 1658 1826 1702 despicit
1845 1658 1994 1692 iniurias
2014 1660 2127 1694 illatas

1139 1713 1181 1745 ab
1212 1709 1437 1750 bominibus,
1470 1717 1509 1742 ut
1534 1708 1747 1742 Laurentius
1777 1716 1808 1742 et
1833 1710 1964 1743 multae
1989 1711 2127 1752 puellae

1140 1764 1174 1795 in
1214 1762 1394 1806 suppliciis
1434 1762 1668 1803 despexerunt
1701 1767 1871 1804 tyrannos
1904 1768 1935 1794 et
1967 1768 2127 1796 mortem.

1139 1814 1205 1848 Sed
1231 1826 1308 1846 cum
1335 1811 1545 1845 conscientia
1573 1810 1730 1853 expavit,
1765 1817 1797 1843 et
1821 1811 1933 1843 deseri
1959 1823 1996 1844 ac
2020 1813 2127 1846 abiici

1139 1867 1246 1899 aDeo
1273 1865 1454 1903 videmur,
1483 1869 1514 1895 et
1531 1860 1606 1894 Deo
1632 1862 1819 1900 irascente,
1846 1862 1975 1894 ruituri
2002 1863 2037 1895 in
2063 1864 2127 1897 tri-

1139 1917 1245 1950 stiora
1264 1915 1372 1947 mala:
1402 1912 1458 1946 hic
1479 1913 1582 1945 dolor
1599 1912 1702 1954 longe
1721 1912 1877 1954 asperior
1893 1920 1943 1945 est
1960 1914 2127 1948 omnibus

1140 1978 1326 2010 corporum
1346 1964 1569 1998 cruciatibus.
1625 1962 1723 1995 Talis
1739 1962 1805 1995 suit
1821 1962 1967 1996 Davidis
1986 1965 2127 1997 moesti-

1140 2019 1191 2051 cia
1214 2017 1250 2049 in
1276 2016 1397 2055 exilio,
1424 2013 1607 2048 sentientis
1627 2014 1753 2059 molem
1772 2013 1902 2057 peccati
1921 2014 1971 2046 sui
1988 2021 2018 2047 et
2039 2015 2126 2048 iram

1271 2067 1371 2100 Talis
1396 2073 1426 2099 et
1446 2063 1616 2098 Ezechiae
1641 2064 1744 2096 dolor
1762 2064 1846 2105 fuit,
1874 2065 1916 2096 de
1937 2077 2006 2109 quo
2025 2066 2126 2100 dicit:

1141 2119 1239 2153 Sicut
1263 2119 1316 2151 leo
1339 2117 1506 2150 contrivit
1529 2115 1647 2148 omnia
1673 2126 1749 2147 ossa
1776 2126 1862 2149 mea.
1916 2113 1990 2147 Etsi
2011 2123 2127 2149 autem

1140 2172 1200 2204 diu
1224 2182 1326 2202 nemo
1352 2175 1464 2213 potest
1487 2164 1764 2210 hos-horribiles
1785 2177 1929 2208 pavores
1947 2166 2129 2208 sustinere,

1142 2229 1257 2255 tamen
1281 2220 1401 2253 multis
1426 2219 1590 2251 accidunt
1613 2217 1757 2249 adversa
1784 2216 2039 2249 inextricabilia
2060 2215 2128 2250 hu-

1143 2284 1246 2305 mano
1280 2271 1448 2309 consilio,
1481 2269 1518 2301 in
1552 2268 1682 2312 quibus
1711 2268 1895 2309 degustant
1926 2266 2034 2299 animi
2064 2265 2128 2301 hos

1142 2323 1359 2357 tristissimos
1384 2321 1534 2354 dolores.
1588 2317 1667 2350 Non
1694 2317 1895 2359 intelligunt
1911 2324 2025 2350 autem
2043 2330 2129 2362 que-

1141 2375 1249 2408 relam
1274 2381 1332 2407 aut
1358 2370 1635 2412 consolationes,
1662 2366 1828 2410 Epicurei
1848 2374 1906 2400 aut
1925 2364 2130 2412 hypocritae

1142 2425 1230 2458 ebrii
1255 2424 1409 2461 laeticia,
1437 2433 1540 2466 quam
1564 2431 1603 2452 ex
1630 2418 1868 2462 voluptatibus
1888 2419 1959 2450 suis
1978 2426 2035 2452 aut
2053 2419 2131 2462 glo-

1141 2477 1191 2509 ria
1216 2475 1435 2519 percipiunt,
1461 2472 1519 2504 sed
1546 2469 1748 2503 aerumnosi
1775 2468 1894 2512 aliquo
1918 2470 2022 2502 modo
2040 2467 2131 2504 hanc

1143 2527 1320 2572 querelam
1344 2523 1561 2564 intelligunt.
1614 2519 1681 2552 His
1706 2519 1848 2563 prodest
1874 2516 1979 2552 huius
2000 2519 2131 2554 Psalmi

99 2579 269 2611 amovebo
295 2578 382 2610 iram
408 2589 533 2610 meam.
585 2574 632 2609 Et
653 2577 781 2610 deinde
798 2579 972 2622 sequitur:
1002 2578 1090 2611 Pro·
1116 2575 1118 2597 ³
1145 2577 1343 2611 meditatio:
1370 2574 1529 2607 Primum
1550 2578 1586 2604 ut
1604 2570 1761 2613 exemplo
1778 2582 1812 2602 se
1829 2569 2003 2605 erudiant.
2043 2570 2134 2604 Cum

99 2636 176 2673 pter
208 2641 281 2667 me,
319 2635 462 2673 propter
494 2639 548 2660 me
579 2627 723 2667 faciam,
759 2639 803 2660 ne
827 2623 1120 2672 blasptiemetur{

1146 2629 1238 2661 enim
1260 2634 1292 2660 et
1311 2632 1442 2659 caetera
1465 2623 1622 2655 membra
1640 2619 1816 2654 Ecclesiae
1834 2620 1955 2654 vident
1972 2622 2008 2653 in
2029 2623 2134 2655 tantis

101 2691 230 2713 nomen
254 2692 390 2718 meum,
418 2677 462 2713 Et
482 2678 631 2722 gloriam
649 2689 763 2711 meam
781 2678 878 2712 alteri
894 2691 968 2712 non
986 2681 1091 2716 dabo.
1118 2669 1121 2709 l
1146 2678 1298 2712 miseriis
1321 2688 1409 2717 esse,
1439 2675 1549 2707 sciant
1572 2685 1607 2706 se
1632 2683 1772 2718 quoque
1798 2683 1871 2705 non
1891 2671 2043 2705 abiectos
2060 2684 2132 2706 esse

1433 2722 1516 2759 68*
