2379 2948
155 107 226 142 341
726 107 791 143 ΠΙ.

155 202 245 236 quae
263 190 377 226 tristes
394 199 538 227 eventus
555 193 784 231 minitantur,
810 192 980 235 mitigare,
1008 198 1048 224 ut
1064 203 1139 224 ma-

155 241 324 276 nifestum
342 249 409 284 est,
437 244 570 287 primos
594 249 754 287 parentes
771 243 955 276 destitutos
973 241 1138 275 omnibus

155 293 317 326 secundis
339 294 471 334 causis,
497 299 672 336 receptos,
700 299 733 326 et
758 304 798 325 ex
823 299 935 326 morte
958 298 1138 326 revocatos

154 354 238 376 esse.
293 343 344 377 Ita
363 356 441 377 cum
452 343 591 377 Moisen
610 349 644 376 et
662 343 831 386 populum
851 343 968 376 educit
987 354 1048 387 per
1066 355 1135 376 un-

154 394 236 434 das,
267 405 345 427 cum
370 393 490 428 Iosuae
520 393 708 437 praelianti
731 393 821 426 sistit
846 393 982 432 Solem,
1024 394 1138 425 mani-

155 445 240 477 feste
273 456 373 488 opem
401 445 468 476 fert
497 443 568 476 suis
601 455 704 487 supra
738 455 858 476 causas
889 444 1076 484 secundas,
1104 451 1137 477 et

156 492 241 527 haec
256 495 411 538 exempla
433 493 606 533 ostendit,
633 500 672 526 ut
686 505 751 526 nos
767 506 908 538 quoque
926 495 963 526 in
980 506 1136 527 necessa—

155 544 218 576 riis
253 544 406 587 negociis
439 550 597 587 petamus
623 550 656 576 et
682 551 899 588 expectemus
918 545 962 577 ab
977 557 1016 577 eo
1038 545 1136 577 auxi-

156 595 263 635 lium,
291 594 393 627 etiam
411 605 489 626 cum
514 606 632 627 rerum
657 601 782 627 natura
809 606 873 627 nos
891 595 1068 635 destituit,
1097 602 1135 628 ut

153 646 191 677 in
208 644 346 677 Psalmo
370 645 513 677 dicitur:
553 643 656 678 Pater
681 652 713 678 et
738 651 848 678 mater
872 646 1135 689 dereliquerunt

153 707 226 735 me,
258 693 433 727 Dominus
455 701 570 728 autem
594 695 745 739 suscepit
769 707 837 728 me.
897 693 944 729 Et
970 693 1136 729 Ionathas

152 744 284 789 inquit:
312 744 387 778 Deo
404 745 505 777 facile
525 751 576 778 est
590 746 731 778 vincere
748 757 810 789 per
828 757 969 789 paucos.
1022 744 1068 779 Et
1093 747 1136 778 de

151 792 334 828 Abraham
352 795 469 840 inquit
485 794 632 830 Paulus:
662 796 824 829 Credidit
843 803 964 829 contra
982 807 1076 839 spem
1099 797 1135 828 in

152 857 260 890 spem.
341 843 503 879 Omnino
543 847 754 880 tribuendus
787 853 836 879 est
870 846 945 879 Deo
977 844 1033 879 hic
1070 844 1136 879 lio-

152 907 236 934 nos,
270 902 310 929 ut
339 903 531 930 statuamus
555 909 635 930 eum
657 903 688 930 et
713 909 830 941 posse,
865 903 898 930 et
922 909 1022 940 saepe
1047 898 1136 929 velle

152 946 336 990 opitulari,
362 948 466 980 etiam
491 959 568 980 cum
595 959 613 980 a
630 959 746 981 rerum
773 953 898 980 natura
923 948 1051 981 deserti
1077 959 1135 981 su-

151 1008 242 1031 mus,
296 995 406 1041 quue
425 998 473 1031 ita
491 998 564 1030 fieri
580 998 683 1032 multi
708 996 869 1030 homines
896 999 1135 1041 experiuntur,

152 1047 211 1091 qui
232 1044 316 1080 haec
333 1048 407 1080 eius
424 1049 589 1081 beneficia
613 1049 814 1092 praedicare
833 1050 978 1089 debent,
1005 1056 1043 1081 ut
1061 1049 1136 1091 glo-

151 1098 202 1130 ria
220 1097 285 1131 Dei
311 1098 369 1131 fiat
385 1099 623 1142 conspectior,
650 1106 681 1131 et
704 1099 895 1132 collocetur
912 1097 1007 1132 Deus
1030 1111 1135 1143 supra

151 1160 270 1181 rerum
295 1156 456 1182 naturam
486 1156 519 1182 et
545 1161 649 1193 supra
670 1150 798 1188 stellas,
827 1161 889 1181 nec
905 1156 1051 1193 propter
1068 1150 1134 1182 mi-

152 1210 215 1231 nas
238 1206 411 1232 astrorum
435 1199 633 1232 existiment
651 1197 812 1232 homines
829 1199 941 1233 Deum
961 1200 1057 1233 fatali
1074 1211 1137 1232 ne-

152 1249 307 1282 cessitate
329 1249 424 1282 velut
439 1261 574 1282 carcere
592 1250 748 1282 clausum
766 1251 888 1290 teneri,
915 1256 947 1282 et
967 1262 1039 1283 non
1058 1262 1136 1283 mu-

151 1300 217 1331 tari
250 1306 424 1332 astrorum
464 1300 597 1339 minas,
647 1311 715 1343 qua
747 1301 790 1332 de
814 1312 851 1333 re
882 1307 1001 1344 postca
1036 1301 1136 1344 plura

152 1349 278 1382 dicam.

253 1396 287 1432 A
302 1397 455 1431 Diabolo
473 1405 556 1432 sunt
580 1399 685 1432 multi
714 1399 793 1432 tetri
817 1399 987 1443 impetus,
1013 1407 1051 1434 ut
1069 1399 1138 1433 Ne-

152 1449 250 1483 ronis
268 1449 453 1488 libidines,
475 1449 539 1483 etsi
559 1449 687 1482 talibus
710 1449 868 1483 resistere
893 1451 1012 1494 aliquo
1031 1451 1137 1483 modo

153 1500 317 1533 voluntas
332 1496 489 1533 humana
515 1507 639 1544 potest.
692 1499 760 1533 Sed
785 1506 900 1533 tamen
926 1498 983 1533 bic
1001 1501 1139 1534 discant

153 1551 223 1595 pii,
251 1547 459 1583 horribilem
484 1551 677 1594 potentiam
703 1562 774 1583 esse
800 1550 942 1584 Diaboli
958 1551 995 1583 in
1011 1552 1138 1595 impel—

153 1602 267 1634 lendis
291 1600 427 1643 impiis,
454 1601 613 1634 resistere
636 1607 751 1633 autem
778 1613 877 1644 posse
903 1609 1037 1635 mentes
1062 1602 1137 1645 pias

154 1651 449 1685 concurrentibus
482 1649 537 1684 liis
572 1652 700 1688 causis,
736 1652 867 1685 auxilio
892 1653 980 1691 Dei,
1014 1659 1047 1684 et,
1070 1651 1165 1686 liu--

154 1714 258 1735 mana
277 1701 479 1742 voluntate,
506 1703 711 1735 adversante
730 1702 904 1734 illecebris
924 1701 1077 1735 Diaboli.

256 1751 459 1792 Postremo,
487 1759 520 1785 et
545 1753 606 1784 alii
630 1759 775 1785 eventus
802 1753 967 1785 accidunt
991 1765 1008 1785 a
1028 1753 1139 1785 causis

156 1803 328 1846 externis,
355 1809 395 1836 ut
414 1814 493 1835 cum
517 1802 639 1840 multi,
668 1814 819 1846 quorum
846 1803 1034 1835 dissimiles
1059 1809 1141 1836 sunt

154 1861 320 1894 naturae,
347 1853 452 1885 simul
472 1853 508 1885 in
527 1865 598 1886 uno
617 1853 750 1896 praelio
771 1853 1052 1890 interficiuntur,
1078 1860 1138 1885 aut

156 1904 317 1947 contagio
356 1903 578 1944 moriuutur,
620 1910 678 1936 aut
711 1903 946 1936 seditionibus
978 1903 1141 1947 impliciti

157 1955 262 1988 simul
279 1954 542 1998 opprimuntur.

157 2013 226 2045 est,
254 2017 358 2050 quam
385 2003 609 2038 Ptolemaeus
633 2005 773 2037 recitat:
810 2003 1033 2038 Universales
1059 2016 1142 2037 cau-

159 2067 212 2088 sas
230 2055 445 2100 potentiores
468 2067 538 2088 esse
558 2055 849 2099 particularibus,
876 2062 914 2088 ut
935 2055 1016 2099 quia
1036 2067 1141 2087 vene-

157 2118 244 2139 num
269 2106 307 2138 in
337 2117 499 2148 magnam
534 2106 624 2140 aeris
652 2112 788 2149 partem
820 2117 979 2150 sparsum
1005 2113 1073 2145 est,
1110 2112 1142 2138 et

158 2159 275 2190 aerem
304 2154 488 2190 attrahunt
516 2156 619 2190 multi
653 2156 860 2197 dissimiles,
896 2154 987 2189 nihil
1012 2157 1140 2189 mirum

159 2214 228 2247 est,
254 2206 384 2250 pariter
402 2219 460 2240 eos
476 2207 590 2247 infici,
617 2207 753 2240 etiamsi
770 2207 830 2239 alii
853 2207 930 2240 aliis
950 2207 1142 2240 vivaciores

159 2258 329 2295 fuissent,
354 2256 382 2289 si
398 2269 470 2290 non
488 2258 632 2291 aliunde
657 2269 833 2291 venenum
857 2258 1034 2302 potentius
1063 2269 1143 2301 par-

160 2307 369 2341 ticularibus
386 2308 497 2341 causis
515 2306 723 2342 hausissent.
777 2308 835 2342 Sic
860 2321 938 2342 cum
961 2308 1143 2341 universa-

159 2359 210 2392 les
233 2369 354 2391 causae
376 2357 569 2391 multorum
595 2359 731 2392 furores
755 2365 961 2400 moverunt,
987 2366 1027 2392 ut
1052 2358 1144 2391 bella

161 2409 353 2442 accendant
376 2408 414 2439 in
439 2408 521 2440 totis
543 2409 723 2451 gentibus,
757 2409 892 2443 etiamsi
916 2421 989 2442 non
1013 2409 1145 2441 similes

162 2461 301 2492 furores
323 2459 360 2491 in
378 2458 544 2491 omnibus
568 2459 781 2499 excitantur,
809 2466 925 2494 tamen
953 2460 1144 2493 multitudo

162 2510 348 2554 pauciores
365 2520 480 2542 secum
501 2508 604 2552 rapit.
1141 2513 1145 2519 '

262 2559 359 2593 Haec
387 2571 444 2593 sex
469 2570 652 2592 causarum
683 2570 807 2602 genera
839 2562 1027 2605 diligenter
1052 2561 1147 2604 cogi-

162 2611 266 2644 tanda
298 2617 399 2651 suut,
441 2617 480 2644 ut
511 2609 793 2650 consideremus,
834 2624 922 2657 quae
960 2613 1082 2646 iuvent
1115 2619 1148 2645 et

164 2673 253 2705 quae
270 2661 410 2702 ledant,
437 2667 469 2695 et
487 2661 665 2705 quomodo
684 2660 867 2704 diligentia
889 2662 1063 2696 iuvandae
1079 2663 1150 2696 sint

597 1952 665 1986 Hic
688 1954 806 1997 regula
834 1953 969 1987 erudita
989 1955 1141 1986 tenenda
1165 1987 1167 1989 ,

847 105 1003 142 INITIA
1031 104 1326 141 DOCTRINAE
1354 106 1605 145 PHYSICAE.

1161 1148 1162 1157 ¹
1187 1147 1398 1180 solutionem
1417 1144 1597 1179 hahemus.

2105 116 2179 152 342

1191 192 1307 224 bonae
1341 202 1462 225 causae
1497 199 1530 226 et
1569 194 1680 227 malae
1707 195 1881 230 vitandae.
1944 194 1994 230 Ac
2012 210 2049 231 co
2067 202 2175 243 magis

1190 239 1385 274 humanam
1411 242 1684 277 imbecillitatem
1702 257 1947 288 agnoscamus,
1976 248 2057 292 quia
2077 251 2173 283 vide-

1190 302 1269 324 mus
1288 288 1378 323 hanc
1394 291 1567 324 infirmam
1586 301 1746 328 naturam
1771 309 1841 329 non
1871 298 1982 330 solum
2002 306 2061 332 aut
2076 310 2095 332 a
2112 312 2173 332 vo—

1190 343 1344 380 luntate,
1378 348 1437 374 aut
1459 353 1477 374 a
1494 340 1587 382 Dm,
1615 351 1673 376 aut
1696 356 1713 376 a
1733 348 1862 380 nostris
1890 350 2173 391 temperamentis

1188 404 1225 425 ac
1247 392 1356 425 stellis
1380 391 1470 434 regi,
1499 393 1557 424 sed
1583 393 1684 425 etiarn
1705 397 1914 430 saevissimis
1930 399 2089 437 tyrannis
2107 401 2171 432 01)-

1187 443 1327 475 noxiam
1358 453 1448 482 esse,
1498 441 1649 474 Diabolo
1684 451 1716 476 ct
1740 445 1818 477 aliis
1851 438 2001 481 extemis
2049 451 2171 482 causis.

1188 492 1302 525 Multa
1321 492 1428 534 igitur
1445 493 1600 535 exempla
1620 491 1953 536 deprehenduntur,
1981 499 2041 531 ubi
2059 512 2172 532 mores

1188 551 1221 576 et
1247 550 1393 576 eventus
1417 543 1609 576 deteriores
1631 550 1731 583 suut,
1772 557 1875 588 quam
1902 547 2170 589 significationes

1188 600 1372 627 astrorum.

1288 643 1356 676 Hic
1375 650 1407 676 ct
1424 642 1547 675 Basilii
1567 651 1774 685 argumento
1801 646 2087 688 respondendum
2112 658 2172 691 est,

1187 694 1247 738 qui
1269 694 1305 726 in
1323 694 1545 726 enarratione
1561 694 1687 737 scripta
1725 694 1761 726 in
1794 693 1948 727 Genesin
1978 701 2170 739 contendit,

1187 756 1259 776 non
1277 745 1363 777 oriri
1398 756 1415 776 a
1434 744 1543 777 stellis
1569 744 1817 777 inclinationes
1842 746 1877 777 in
1898 743 2082 780 bominum
2109 761 2171 782 na—

1187 795 1285 827 turis.
1330 794 1367 827 Si
1394 795 1528 839 inquit:
1566 793 1695 827 Stellae
1717 802 1829 828 essent
1855 807 1975 828 causae
1998 798 2170 831 malarum

1188 845 1482 885 inclinationum,
1517 843 1611 877 Deus
1638 856 1739 877 causa
1762 852 1845 878 esset
1872 846 2059 887 viciorum,
2091 849 2170 892 quia

1188 908 1266 927 cum
1303 895 1502 928 condiderit
1526 895 1659 933 stellas,
1688 907 1825 928 necesse
1849 903 1933 929 esset
1958 897 2045 937 dici,
2070 898 2113 930 ab
2131 912 2170 931 eo

1187 946 1292 978 talem
1316 946 1387 977 vim
1414 945 1587 977 efficiendi
1610 945 1756 978 viciosas
1778 946 2045 988 inclinationes,
2085 949 2171 981 insi-

1187 1003 1258 1029 tam
1274 1007 1347 1029 esse
1373 996 1496 1028 stellis.

1286 1045 1382 1078 Haec
1422 1046 1643 1078 ratiocinatio
1677 1046 1873 1089 plausibilis
1913 1047 2025 1080 videri
2066 1051 2170 1092 possit

1188 1094 1355 1130 Ethnico.
1394 1096 1441 1128 At
1459 1107 1522 1128 nos
1539 1096 1574 1128 in
1593 1094 1747 1128 Ecclesia
1768 1109 1884 1130 veram
1903 1104 1935 1131 et
1954 1099 2170 1142 perspicuam

1653 1146 1691 1179 Si
1712 1153 1837 1179 natura
1861 1144 2045 1181 hominum
2072 1161 2171 1182 man-

1188 1198 1286 1230 sisset
1311 1197 1534 1240 incorrupta,
1563 1196 1714 1229 fulsisset
1737 1197 1775 1228 in
1799 1209 1837 1229 ea
1864 1197 1923 1230 lux
1941 1198 2081 1237 divina,
2109 1212 2173 1242 gu-

1188 1247 1367 1280 bernatrix
1384 1246 1544 1279 omnium
1563 1253 1741 1286 motuum,
1769 1253 1803 1280 et
1830 1247 1949 1280 stellae
1972 1249 2009 1280 in
2028 1250 2171 1283 materia

1189 1310 1262 1330 non
1289 1296 1544 1336 contaminata,
1567 1297 1652 1329 alias
1678 1297 1831 1330 actiones
1857 1295 2072 1333 habuissent.
2126 1301 2173 1333 At

1188 1360 1284 1381 nunc
1310 1348 1347 1379 in
1372 1344 1427 1378 his
1460 1346 1613 1379 sortibus
1642 1346 1880 1379 infoeliciores
1902 1355 1985 1381 sunt
2008 1349 2173 1389 actiones,

1190 1405 1222 1431 et
1241 1398 1391 1430 extincta
1410 1403 1459 1429 est
1479 1397 1538 1429 illa
1556 1397 1627 1436 lux,
1645 1408 1734 1441 quae
1752 1397 1894 1431 rexisset
1911 1409 2032 1430 omnes
2048 1396 2173 1433 huma—

1189 1459 1253 1481 nos
1279 1454 1406 1480 motus.
1461 1445 1582 1490 Itaque
1600 1459 1670 1479 non
1690 1447 1866 1480 tolluntur
1883 1448 1973 1480 vires
1998 1455 2171 1482 astrorum

1190 1504 1396 1541 argumento
1416 1496 1558 1538 Basilii,
1580 1499 1638 1530 scd
1664 1509 1727 1530 nos
1746 1499 1788 1530 de
1805 1509 1841 1530 re
1858 1509 1983 1540 magna
2005 1500 2173 1533 admone-

1189 1561 1290 1589 mur,
1333 1548 1515 1588 videlicet‚
1549 1549 1591 1581 de
1622 1549 1745 1580 amissa
1777 1549 1854 1580 luce
1886 1556 1920 1582 et
1954 1549 2174 1589 rectitudine,

1191 1611 1279 1645 quae
1297 1598 1400 1631 nobis
1416 1599 1452 1630 in
1469 1599 1580 1642 prima
1599 1599 1803 1631 conditione
1820 1599 1948 1632 donata
1970 1600 2055 1640 suit,
2081 1608 2115 1634 et
2133 1602 2175 1633 de

1190 1650 1356 1683 materiae
1381 1655 1520 1682 nostrae
1551 1649 1813 1692 depravatione.
1881 1648 1977 1681 Haec
2002 1651 2090 1683 mala
2114 1651 2175 1683 de-

1191 1702 1386 1745 ploremus,
1414 1711 1487 1732 non
1511 1700 1715 1732 deiiciamus
1733 1706 1821 1732 astra
1841 1700 1883 1731 de
1901 1700 2010 1734 coelo.

1293 1749 1430 1784 Deinde
1459 1756 1493 1782 et
1515 1748 1581 1783 hoc
1605 1751 1807 1782 addendum
1831 1756 1881 1782 est
1908 1750 2095 1782 solutioni:
2124 1749 2175 1783 Ne

1191 1813 1287 1834 nunc
1305 1801 1446 1846 quidem
1473 1800 1591 1833 stellae
1617 1806 1697 1833 sunt
1722 1811 1843 1832 causae
1868 1800 2041 1832 malarum
2067 1800 2176 1833 actio-

1192 1864 1291 1884 num.
1350 1849 1427 1883 Etsi
1462 1851 1555 1882 enim
1591 1851 1627 1882 in
1660 1850 1806 1882 materia
1837 1849 1975 1892 impura
2012 1850 2176 1883 oriuntur

1194 1915 1211 1935 a
1231 1901 1340 1935 stellis
1366 1912 1493 1944 pravae
1511 1900 1771 1939 inclinationes,
1788 1906 1905 1932 tamen
1923 1898 1987 1932 hae
2004 1912 2077 1932 non
2095 1908 2176 1933 sunt

1193 1952 1422 1996 principales,
1463 1958 1523 1984 aut
1547 1951 1702 1994 integrae
1726 1961 1848 1982 causae
1872 1950 2044 1982 malarum
2069 1951 2178 1984 actio—

1193 2015 1298 2042 num,
1337 2002 1396 2034 sed
1430 2001 1539 2035 libera
1567 2002 1749 2041 voluntas,
1790 2012 1878 2045 quae
1913 2007 1946 2033 et
1976 2008 2111 2044 poterat
2146 2008 2179 2033 et

1195 2054 1343 2087 debebat
1361 2053 1498 2085 frenare
1524 2051 1783 2085 inclinationes.
1835 2049 1907 2083 Nec
1932 2051 2178 2084 constituimus

1192 2104 1335 2138 fatalem
1372 2110 1432 2136 aut
1476 2103 1623 2137 stoicam
1661 2101 1919 2142 necessitatem,
1960 2102 2019 2133 sed
2050 2100 2177 2133 retinet

1194 2156 1358 2188 voluntas
1397 2153 1595 2188 libertatem
1630 2151 1889 2195 indisciplina
1926 2151 2095 2194 regenda,
2137 2158 2177 2184 ut

1195 2217 1294 2249 saepe
1310 2205 1380 2237 iam
1398 2205 1529 2238 dictum
1553 2211 1614 2239 est.

1297 2254 1404 2297 Quod
1435 2263 1549 2289 autem
1581 2254 1755 2287 obiiciunt
1782 2252 1911 2296 aliqui,
1945 2263 2072 2294 paucas
2104 2263 2176 2284 esse

1196 2306 1516 2339 demonstrationes
1549 2306 1591 2338 de
1626 2303 1869 2337 effectionibus
1901 2301 2078 2342 siderum,
2122 2299 2179 2334 his

1196 2358 1409 2401 respondeo:
1453 2355 1542 2390 Cum
1570 2355 1685 2389 omnis
1714 2351 1966 2385 demonstratio
1990 2352 2025 2384 in
2052 2359 2176 2385 natura

1197 2409 1242 2441 sit
1262 2407 1410 2448 veritas,
1436 2419 1454 2440 a
1472 2406 1548 2441 Deo
1566 2404 1743 2450 proposita
1759 2402 2034 2435 considerationi
2053 2400 2180 2435 huma-

1196 2471 1262 2492 nae
1278 2465 1423 2503 propter
1440 2458 1594 2502 aliquam
1611 2454 1796 2488 utilitatem
1807 2480 1816 2493 ,
1843 2450 1906 2485 has
1922 2453 2015 2497 ipsas
2030 2453 2179 2486 demon-

1198 2509 1404 2547 strationes,
1434 2507 1569 2541 etiamsi
1594 2516 1723 2550 paucae
1748 2509 1849 2543 sunt,
1876 2503 2098 2536 considerare
2114 2500 2181 2535 ho-

1198 2567 1337 2593 nestum
1355 2566 1388 2592 et
1403 2559 1489 2591 utile
1506 2562 1569 2590 est.
1610 2553 1657 2589 Et
1673 2566 1745 2587 esse
1765 2553 1901 2598 aliquas
1918 2565 2017 2586 veras
2033 2554 2181 2586 demon-

1198 2610 1384 2644 strationes
1400 2609 1444 2641 ab
1459 2607 1639 2641 effectibus
1655 2611 1829 2649 sumptas,
1855 2615 1928 2637 non
1949 2604 2097 2637 dubium
2121 2610 2182 2640 est,

1198 2672 1288 2706 quae
1308 2658 1444 2693 etiamsi
1468 2669 1598 2702 paucae
1622 2663 1721 2697 sunt,
1748 2662 1866 2689 tamen
1891 2665 1974 2688 usus
1997 2654 2065 2688 late
2078 2659 2184 2698 patet,

1507 2704 1587 2742 22*
