2379 2948
114 115 185 150 601
724 104 767 150 v.‘

266 196 385 232 Aulici
401 199 489 233 fiunt
510 198 656 240 divites,

267 247 362 292 Ergo
382 262 440 283 ero
457 250 610 290 aulicus,

269 298 381 344 Igitur
398 313 457 334 ero
473 301 581 333 dives.

216 348 321 384 Tales
352 349 619 396 consequentiae
654 348 860 382 reiiciantur
893 347 997 381 citata
1031 344 1095 379 liae

114 400 250 444 regula:
285 400 339 435 Ex
363 402 460 446 puris
483 399 754 444 particularibus
780 411 852 432 non
879 409 1018 431 necesse
1045 405 1094 431 est

115 451 214 496 sequi
232 464 348 486 veram
364 450 637 485 conclusionem.
671 449 743 483 Nec
760 450 907 483 obscura
926 455 976 482 est
994 449 1094 489 ratio,

115 502 198 547 quia
216 504 312 536 nulla
329 501 497 535 connexio
517 506 578 541 est,
605 507 638 534 et
656 500 744 534 fiunt
765 507 916 545 quatuor
932 499 1093 532 termini:

114 554 158 585 de
177 553 254 586 aliis
272 553 427 598 loquitur
443 551 576 592 maior,
603 552 646 583 de
661 551 738 584 aliis
756 551 884 585 minor.
942 548 1094 594 Oportet

114 610 230 636 autem
256 604 292 635 in
316 602 524 635 affirmativo
549 602 751 647 syllogismo
775 613 848 634 non
873 601 1000 634 vitioso
1020 612 1094 633 me-

114 654 213 686 dium
232 664 368 686 causam
387 664 469 690 esse,
497 664 605 697 quare
621 664 759 686 necesse
777 653 822 686 sit
838 651 935 695 iungi
954 651 990 683 in
1009 663 1094 684 con-

115 704 271 737 clusione
294 703 488 737 subiectum
514 709 547 737 et
573 703 823 747 praedicatum.
876 701 1010 735 Eadem
1038 713 1094 734 re-

114 754 193 797 gula
210 754 286 787 aliis
306 754 421 787 verbis
436 754 601 789 traditur.
654 753 735 787 Non
760 755 852 788 valet
875 764 1093 798 consequen-

116 805 163 838 tia
189 816 207 837 a
231 817 302 837 non
326 805 515 838 distributo
531 805 573 837 ad
594 804 842 845 distributum,
868 804 902 836 id
921 809 987 844 est,
1013 815 1092 836 cum

114 855 245 899 aliquid
265 855 300 888 in
321 855 458 888 minore
477 855 628 889 sumitur
645 862 738 888 extra
758 867 880 888 verum
897 854 1093 887 subiectum

112 906 265 938 maioris.
328 905 465 940 Vocant
495 906 590 938 enim
625 906 813 939 distributa
847 905 1095 938 universaliter

113 956 242 1000 posita,
275 963 314 989 ut
330 957 444 1000 spargi
461 957 497 989 in
513 957 630 989 omnia
647 957 814 989 inferiora
834 955 980 1001 possint.
1023 955 1094 988 Nec

111 1006 293 1040 recitarem
318 1005 408 1040 hane
432 1007 588 1050 regulam
615 1019 693 1040 cum
721 1005 806 1041 haec
839 1006 1005 1040 sufficiat:
1041 1004 1094 1038 Ex

112 1057 212 1101 puris
231 1058 501 1101 particularibus
518 1055 610 1090 nihil
627 1057 803 1102 sequitur,
829 1058 897 1091 nisi
915 1058 1002 1090 adeo
1021 1068 1095 1089 cre-

112 1107 178 1140 bro
195 1108 380 1149 citaretur,
408 1109 511 1142 etiam
528 1108 565 1141 in
590 1109 757 1151 gravibus
783 1108 950 1143 materiis.
1001 1106 1096 1141 Cita-

113 1164 171 1191 tur
187 1166 302 1192 autem
322 1166 422 1199 tunc,
449 1171 528 1192 cum
544 1159 695 1192 insidiae
709 1165 791 1192 sunt
814 1160 852 1192 in
879 1164 1097 1202 argumento,

113 1208 175 1241 ubi
207 1210 352 1253 ponitur
382 1210 553 1253 particula
587 1210 818 1251 universalis,
859 1210 918 1243 sed
944 1220 1017 1241 non
1047 1214 1097 1241 est

113 1260 234 1292 addita
257 1272 339 1292 vero
367 1261 539 1293 subiecto:
568 1271 628 1292 seu
649 1261 710 1293 ubi
733 1273 805 1293 non
823 1261 888 1293 sub
904 1259 1095 1293 universali

112 1310 151 1342 fit
174 1310 390 1350 subsumtio,
416 1312 474 1343 sed
501 1311 567 1343 sub
591 1311 661 1344 alia
684 1311 857 1355 particula
886 1323 958 1343 non
985 1310 1096 1354 posita

110 1360 374 1400 universaliter,
401 1367 456 1393 ut:

265 1408 396 1444 Omnis
415 1409 553 1454 eclipsis
572 1410 698 1443 Lunae
714 1411 749 1444 fit
767 1411 803 1444 in
823 1411 1061 1455 oppositione,

265 1460 424 1505 Singulis
452 1461 632 1495 mensibus
667 1462 704 1496 fit
739 1462 916 1507 oppositio
943 1461 1037 1495 Solis
1065 1468 1097 1495 et

318 1513 460 1553 Lunae,

268 1561 379 1605 Igitur
397 1563 545 1605 singulis
562 1563 744 1596 mensibus
761 1563 797 1597 fit
814 1563 963 1607 eclipsiS.

215 1612 421 1646 Subsumtio
440 1614 476 1646 fit
494 1615 558 1646 sub
574 1615 808 1658 oppositione,
826 1615 919 1658 quod
939 1613 1012 1646 fieri
1025 1625 1097 1645 non

113 1664 274 1697 debebat.
329 1662 376 1697 Et
392 1664 510 1698 minor
528 1665 686 1709 loquitur
701 1666 743 1698 de
757 1664 878 1698 multis
902 1664 1097 1708 oppositio-

112 1715 237 1753 nibus,
261 1717 305 1747 de
322 1715 450 1759 quibus
467 1727 540 1749 non
559 1715 717 1760 loquitur
738 1715 862 1751 maior.
914 1714 1097 1748 Dialectici

114 1766 163 1799 sic
182 1766 363 1799 reiiciunt:
387 1765 482 1809 Nego
507 1766 791 1810 consequentiam
805 1793 813 1806 ,
834 1765 915 1810 quia
938 1766 1098 1809 procedi-

113 1823 172 1850 tur
193 1829 211 1850 a
237 1828 308 1849 non
334 1816 524 1850 distributo
549 1818 590 1850 ad
617 1817 858 1850 distributum.
910 1815 1020 1850 Recte
1042 1828 1098 1849 re-

113 1868 347 1912 sponderetur
373 1867 495 1908 etiam,
523 1868 552 1900 si
573 1867 721 1900 diceres:
756 1865 810 1900 Ex
827 1867 925 1910 puris
943 1867 1097 1911 particu-

113 1919 248 1952 laribus
263 1930 336 1950 non
354 1929 490 1951 necesse
508 1925 557 1952 est
571 1930 689 1950 veram
708 1917 970 1951 conclusionem
987 1918 1098 1962 sequi.

114 1968 172 2002 Sic
190 1976 304 2002 autem
323 1969 420 2002 fieret
434 1969 547 2002 maior
560 1969 787 2001 universalis:
815 1968 854 2000 ln
872 1969 968 2001 omni
986 1981 1098 2012 oppo—

113 2020 240 2052 sitione
262 2020 298 2053 fit
323 2020 461 2063 eclipsis
478 2020 614 2057 Lunae.
666 2019 763 2053 Haec
789 2019 1001 2053 universalis
1023 2031 1098 2052 ma-

114 2070 240 2104 nifeste
259 2071 343 2104 falsa
363 2077 424 2107 est.

523 2156 677 2191 Aliud.

266 2221 462 2257 Cuiuslibet
488 2222 780 2257 contradictionis
805 2222 914 2256 altera
938 2233 1019 2267 pars
1049 2229 1098 2256 est

318 2273 400 2306 falsa
414 2299 421 2313 ‚

268 2322 365 2356 Haec
399 2323 613 2367 propositio,
653 2323 802 2357 Coelurn
831 2330 1012 2364 movetur,
1047 2330 1097 2357 est

318 2373 608 2408 contradictionis
623 2375 730 2408 altera
747 2386 846 2417 pars,

267 2423 363 2468 Ergo
390 2422 475 2457 haec
497 2425 709 2468 propositio,
742 2425 892 2459 Coelum
923 2431 1097 2464 movetur,

322 2482 372 2509 est
387 2475 486 2508 salsa.

218 2526 322 2560 Hanc
337 2525 595 2559 cavillationem
611 2525 745 2559 discant
759 2527 995 2559 adolescentes
1005 2532 1096 2559 recte

118 2578 327 2616 dissolvere,
353 2577 435 2622 quia
457 2587 559 2618 saepe
582 2575 768 2616 obiicitur,
794 2584 826 2610 et
849 2578 892 2610 ad
919 2588 1095 2621 quascun-

69 2633 76 2636 “
116 2641 184 2674 que
201 2628 367 2662 materias
382 2625 640 2660 accommodari
657 2633 780 2669 potest.
821 2625 885 2660 Est
901 2633 1016 2660 autem
1033 2638 1096 2659 ne-

117 2680 229 2722 ganda
248 2677 512 2723 consequentia,
531 2677 614 2722 quia
631 2677 837 2721 proceditur
850 2689 869 2710 a
886 2689 960 2711 non
975 2676 1094 2711 distri-

819 109 1140 148 EROTEMATA
1168 106 1508 146 DlALECTICES.

2053 111 2126 146 602

1144 197 1229 229 buto
1246 195 1287 227 ad
1307 193 1555 235 distributum,
1582 195 1637 228 vel
1660 195 1740 240 quia
1764 194 1967 239 proceditur
1986 206 2003 228 a
2025 196 2123 238 puris

1146 244 1428 289 particularibus.
1479 243 1568 277 Nam
1586 246 1781 278 subsumtio
1797 246 1834 279 fit
1849 246 1915 278 sub
1932 243 1999 278 hoe
2015 257 2124 278 mem-

1146 297 1227 329 hro:
1257 294 1376 328 Altera
1394 306 1491 337 pars,
1517 307 1590 328 non
1608 297 1673 330 sub
1693 296 1901 337 universali,
1928 295 2124 330 Cuiuslibet

1147 345 1446 380 contradictionis.

1248 395 1306 430 Sic
1330 402 1446 428 autem
1473 395 1623 429 debebat
1648 396 1723 428 fieri
1747 396 1960 437 subsumtio,
1995 396 2125 430 Cuius-

1147 448 1232 481 libet
1246 445 1538 480 contradictionis
1555 446 1660 478 altera
1682 457 1760 489 pars
1776 454 1825 479 est
1842 447 1940 482 salsa.

1248 497 1316 532 Sed
1337 494 1421 529 haec
1439 502 1488 529 est
1511 496 1760 529 contradictio:
1790 495 1936 529 Coelum
1952 503 2126 537 movetur,

1146 547 1292 582 Coelum
1309 559 1383 580 non
1401 553 1573 588 movetur,
1600 545 1694 590 Ergo
1711 546 1749 578 in
1766 544 1830 579 bac
1846 547 2125 581 contradictione

1145 600 1253 633 altera
1270 609 1348 642 pars
1367 604 1415 630 est
1432 597 1529 630 falsa.

1248 648 1395 683 Mutatis
1411 648 1547 681 casibus
1563 647 1678 681 statim
1694 644 1972 691 deprehenditur
1989 647 2128 684 vitium.

1300 699 1486 742 Quaelibet
1504 699 1735 732 contradictio
1751 699 1870 731 recitat
1888 698 1976 731 duas
1997 709 2128 741 propo-

1351 750 1517 790 sitiones,
1559 761 1709 795 quarum
1738 749 1847 782 altera
1875 760 1975 789 vera,
2019 749 2128 782 altera

1348 801 1435 833 falsa
1453 807 1521 840 est,

1299 849 1395 884 Haec
1420 858 1470 884 est
1500 848 1748 883 contradictio:
1785 846 1934 882 Coelum
1956 855 2130 889 movetur,

1350 902 1495 936 Coelum
1515 912 1587 934 non
1605 907 1784 939 movetur,

1299 951 1435 986 Harum
1455 952 1563 996 igitur
1578 951 1685 984 altera
1704 950 1788 982 salsa
1808 956 1870 986 est.

1563 1016 1594 1051 A
1605 1018 1616 1050 l
1629 1017 1638 1049 i
1649 1029 1669 1050 u
1681 1017 1719 1050 d.

1298 1074 1473 1110 Omnium
1492 1076 1725 1120 imperiorum
1741 1074 1854 1120 aliqui
1872 1074 2050 1120 principes
2075 1074 2132 1108 iu-

1351 1128 1394 1161 sti
1411 1134 1511 1168 sunt,

1303 1179 1494 1224 Cambyses
1509 1175 1578 1210 fuit
1596 1176 1777 1220 princeps,

1300 1229 1412 1273 Igitur
1427 1236 1459 1262 et
1476 1227 1663 1272 Cambyses
1681 1227 1748 1259 fuit
1764 1226 1888 1258 iustus.

1251 1279 1419 1323 Neganda
1441 1286 1492 1313 cst
1517 1277 1788 1322 consequentia,
1821 1277 1904 1320 quia
1929 1276 2130 1320 proceditur

1147 1342 1166 1363 a
1194 1342 1267 1363 non
1295 1331 1504 1369 distributo,
1531 1336 1570 1361 ut
1598 1339 1714 1370 supra.
1768 1326 1975 1360 Subsumtio
2004 1328 2041 1359 fit
2064 1328 2130 1359 sub

1148 1381 1370 1425 particulari:
1399 1379 1522 1424 Aliqui
1547 1377 1746 1422 principes,
1775 1383 1809 1410 et
1835 1377 1872 1411 fit
1895 1377 2067 1410 connexio
2091 1389 2133 1410 ex

1148 1431 1248 1476 puris
1262 1431 1553 1476 particularibus:

1300 1481 1425 1527 Aliqui
1442 1480 1623 1525 principes
1638 1484 1719 1512 sunt
1734 1476 1835 1517 iusti,

1298 1532 1489 1577 Cambyses
1507 1537 1557 1564 est
1576 1530 1756 1573 princeps,

1301 1583 1412 1627 Igitur
1428 1581 1618 1626 Cambyses
1636 1586 1687 1613 est
1704 1580 1828 1612 iustus.

1251 1633 1294 1668 In
1316 1632 1380 1668 hac
1396 1634 1515 1676 regula
1532 1637 1733 1665 recensetur
1755 1635 1787 1662 et
1811 1627 1996 1672 explicatio
2018 1628 2132 1673 syllo-

1148 1685 1269 1729 gismi,
1296 1687 1339 1719 de
1359 1697 1430 1730 quo
1447 1685 1485 1716 in
1500 1681 1657 1717 Ecclesia
1677 1681 1886 1724 disputatur.
1921 1677 1974 1711 Ac
1989 1680 2133 1722 prodest

1148 1744 1266 1770 tenere
1283 1736 1550 1781 explicationem
1567 1732 1774 1776 simplicem,
1797 1729 1936 1775 qualem
1953 1726 2045 1762 hanc
2060 1740 2135 1762 esse

1148 1788 1252 1822 multi
1267 1799 1340 1820 non
1358 1785 1499 1819 hebetes
1516 1784 1731 1817 iudicarunt.

1302 1835 1433 1870 Omnis
1451 1834 1597 1869 essentia
1615 1833 1736 1865 divina
1755 1836 1804 1863 est
1823 1829 1946 1870 Pater,

1301 1886 1415 1921 Filius
1433 1892 1482 1919 est
1500 1884 1649 1918 essentia
1668 1882 1786 1915 divina
1800 1907 1809 1920 ,

1300 1936 1396 1980 Ergo
1412 1937 1529 1970 Filius
1543 1942 1592 1968 est
1607 1933 1723 1966 Pater.

1250 1987 1554 2032 Respondendum
1575 1990 1641 2017 est:
1671 1983 1751 2016 Non
1769 1981 1859 2014 valet
1879 1981 2132 2025 consequentia

1149 2053 1166 2074 a
1185 2052 1258 2074 non
1276 2039 1467 2072 distributo
1483 2038 1526 2070 ad
1551 2034 1801 2073 distributum,
1825 2043 1907 2064 nam
1932 2032 2047 2064 maior
2068 2031 2132 2064 etsi

1149 2091 1291 2125 videtur
1306 2102 1380 2124 esse
1394 2088 1624 2126 universalis,
1649 2092 1768 2120 tamen
1786 2094 1858 2116 non
1875 2088 1986 2126 potest
2003 2081 2132 2115 resolvi

1149 2143 1186 2175 in
1212 2140 1305 2175 hanc
1326 2153 1409 2174 vere
1422 2138 1676 2174 universalem:
1704 2133 1758 2168 De
1782 2144 1994 2179 quocunque
2009 2143 2132 2165 verum

1149 2200 1199 2227 est
1218 2194 1353 2233 dicere,
1380 2192 1474 2237 quod
1498 2191 1541 2223 sit
1557 2186 1705 2223 essentia
1721 2185 1864 2224 divina,
1891 2183 1980 2216 illud
1997 2190 2048 2217 est
2063 2181 2131 2216 Pa-

1148 2251 1211 2279 ter.
1265 2243 1364 2276 Talis
1380 2241 1563 2286 explicatio
1579 2238 1709 2272 dicitur
1725 2235 1894 2278 complete
1910 2232 2130 2266 universalis.

1148 2294 1237 2329 Cum
1262 2301 1379 2327 autem
1406 2293 1522 2326 maior
1543 2303 1615 2324 non
1640 2288 1683 2321 sit
1712 2285 1883 2329 complete
1912 2283 2134 2325 universalis,

1149 2358 1230 2379 nam
1256 2345 1361 2378 etiam
1385 2345 1428 2377 de
1454 2343 1549 2377 Filio
1574 2350 1695 2373 verum
1721 2344 1770 2370 est
1794 2335 1930 2375 dicere,
1964 2336 2059 2381 quod
2077 2334 2132 2378 ¹sit

1149 2397 1297 2430 essentia
1320 2395 1462 2435 divina,
1495 2392 1580 2426 satis
1600 2387 1751 2431 intelligi
1775 2392 1888 2430 potest
1913 2396 2132 2431 consequen-

1148 2447 1233 2482 tiam
1249 2447 1413 2481 vitiosam
1430 2456 1515 2479 esse.

1564 2506 1712 2541 Sexta.

1249 2572 1329 2607 Non
1355 2570 1401 2603 sit
1422 2568 1500 2612 plus
1527 2566 1565 2598 in
1589 2562 1836 2604 conclusione,
1866 2573 1971 2607 quam
1997 2559 2065 2593 fuit
2092 2560 2130 2592 in

1148 2623 1357 2670 praemissis.
1410 2618 1480 2651 Hic
1505 2628 1605 2650 error
1629 2627 1702 2648 non
1727 2625 1830 2647 rarus
1851 2619 1922 2654 est,
1953 2618 1992 2645 ut
2008 2609 2129 2644 Iudaei

1147 2683 1272 2710 contra
1288 2669 1473 2706 Ieremiarn
1490 2666 1845 2712 argumentabantur:
