2379 2948
502 201 603 240 Quid
632 203 695 232 est
726 196 963 241 Efficiens?

341 263 506 298 Efficiens
531 269 601 305 est,
629 275 647 295 a
673 275 742 307 quo
761 262 874 307 primo
892 262 929 296 fit
946 269 1077 303 motus,
1106 262 1140 294 id
1161 268 1225 301 est,

240 320 331 361 quod
353 327 471 348 revera
490 321 548 347 ant
566 314 808 358 principaliter
827 313 897 356 agit
913 320 951 346 ut
970 313 1067 345 aliud
1087 312 1224 347 efficiat.

241 366 284 400 Et
309 367 389 411 qnia
412 378 535 408 magna
562 365 710 397 varietas
733 372 783 398 est
799 364 1046 402 efficientium,
1072 370 1104 396 et
1124 363 1225 396 valde

239 419 378 460 prodest
399 428 500 449 nosse
518 415 722 449 discrimina
735 441 744 455 ,
772 427 910 449 necesse
929 422 978 448 est
994 413 1051 448 hic
1068 415 1151 447 addi
1169 414 1224 447 di-

240 480 403 503 visiones.

389 559 452 590 Dic
473 558 613 599 primam
635 557 819 589 divisionem
842 552 1076 598 efficientium?

342 618 583 653 Efficiendum
620 620 686 652 alia
723 625 895 651 vocantur
927 618 1120 657 naturalia,
1158 617 1253 662 alia,

239 671 447 704 voluntaria.
506 670 688 703 Naturalia
719 676 909 708 vocantur,
942 680 1029 713 quae
1058 669 1093 700 vi
1118 668 1225 701 insita

239 729 385 755 naturae
418 729 542 764 agunt,
585 732 657 753 non
692 719 947 753 deliberatione
978 719 1115 763 aliqua,
1160 731 1224 752 nec

237 779 384 815 possunt
398 772 610 815 suspendere
626 771 799 804 actionem
815 771 955 803 admota
972 771 1117 802 materia
1131 794 1140 808 ‚
1167 777 1222 803 ut:

237 822 331 865 Ignis
351 830 493 855 naturae
511 822 636 854 ordine
653 821 812 854 calefacit
827 832 887 854 seu
903 821 975 855 urit
991 821 1130 854 admota
1144 833 1222 854 cor-

235 886 336 917 pora,
364 885 427 905 nec
449 872 632 916 suspendit
653 871 849 912 actionem,
876 870 967 905 Cum
983 883 1070 904 vena
1089 872 1125 904 in
1143 884 1221 905 cor-

235 936 318 968 pore
336 935 439 963 sano,
463 930 646 956 consumto
664 922 898 963 nutrimento,
928 930 1056 965 sugunt
1077 923 1218 956 inanem

235 975 492 1013 ventriculum,
526 981 653 1007 natura
685 974 902 1006 ventriculus
934 973 1067 1017 appetit
1099 974 1218 1006 cibum

234 1034 266 1060 et
288 1033 421 1069 potum.
484 1024 693 1058 Voluntaria
716 1031 817 1062 sunt,
852 1036 940 1068 qnae
963 1024 1220 1057 deliberatione

233 1084 358 1119 agunt,
385 1083 417 1109 et
439 1088 517 1108 curn
539 1073 691 1108 habeant
715 1074 913 1108 libertatem
933 1075 1109 1119 aliquam,
1138 1087 1219 1119 pos-

235 1134 315 1160 sunt
341 1128 553 1170 suspendere
578 1125 768 1164 actionem,
801 1126 942 1158 admota
965 1126 1131 1165 materia,
1164 1133 1218 1160 ut:

236 1177 349 1211 Faber
378 1184 491 1220 potest
523 1188 595 1209 esse
627 1176 782 1217 ociosus,
817 1182 851 1209 et
882 1175 986 1208 etiam
1011 1188 1090 1209 cnm
1116 1174 1220 1211 habet

233 1228 449 1272 propositam
489 1227 690 1267 materiam,
733 1233 766 1259 et
803 1227 1058 1267 instrumenta,
1099 1226 1219 1261 Homo

236 1279 339 1312 etiam
364 1278 485 1311 sitiens
511 1284 625 1322 potest
646 1277 819 1321 imperare
842 1278 1024 1318 manibus,
1052 1285 1091 1312 ut
1111 1291 1219 1323 pocu-

233 1331 307 1363 lum
325 1329 542 1373 propositum
558 1328 613 1361 ori
628 1329 852 1361 admoveant.

487 1418 551 1449 De'c
574 1418 748 1449 secundam
771 1417 965 1449 divisionem.

333 1476 573 1512 Efficientium
593 1479 764 1523 quaedam
779 1485 861 1512 sunt
876 1477 1021 1521 totales,
1045 1479 1216 1523 quaedam

231 1536 312 1563 sunt
342 1529 505 1572 partiales
537 1540 671 1563 causae.
740 1528 885 1562 Totales
915 1535 998 1562 sunt
1029 1529 1218 1563 efficientes

230 1591 353 1614 causae
370 1580 412 1613 ad
430 1587 558 1612 certam
574 1592 647 1612 rem
664 1579 896 1612 efficiendam.
949 1578 1119 1613 Partiales
1136 1587 1218 1614 sunt

229 1630 403 1674 duplices,
437 1631 525 1663 aliae
552 1627 748 1663 Ordinatae
776 1629 1027 1673 essentialiter,
1065 1643 1220 1674 quarum

228 1694 299 1725 una
328 1681 403 1714 sine
432 1681 518 1721 alia,
545 1680 681 1714 etiamsi
713 1680 764 1713 vis
793 1681 869 1713 eius
892 1680 994 1713 valde
1018 1688 1216 1723 augeretur,

228 1733 389 1765 effectum
415 1732 452 1764 in
475 1738 599 1765 natura
623 1731 826 1765 ordinatum
846 1743 919 1764 non
937 1737 1051 1775 potest
1069 1732 1216 1774 efficere,

227 1791 266 1816 ut
282 1789 381 1827 pater
396 1789 428 1816 et
443 1789 564 1817 mater.
611 1781 785 1815 Voluntas
801 1794 873 1815 non
889 1782 986 1825 eligit
1000 1782 1075 1815 sine
1092 1784 1215 1826 cogni-

227 1834 337 1867 tione:
367 1832 594 1866 Concurrunt
612 1833 720 1876 igitur
735 1833 778 1866 ad
795 1833 1001 1866 electionem
1018 1835 1214 1867 necessario

228 1884 427 1918 intellectus
451 1891 484 1917 et
507 1883 682 1917 voluntas.
742 1882 844 1917 Aliae
869 1889 950 1917 sunt
971 1881 1215 1918 Accidentali-

229 1942 283 1967 ter
299 1934 499 1974 ordinatae,
525 1946 674 1978 quarum
691 1946 761 1967 una
773 1961 782 1974 ‚
809 1935 836 1967 si
855 1935 908 1967 vis
925 1934 1001 1967 eius
1019 1942 1118 1968 aucta
1137 1936 1214 1969 fue-

227 1986 292 2025 rit,
319 1985 480 2018 effectum
495 1985 568 2017 sola
587 1991 698 2028 potest
712 1985 847 2018 efficere
859 2013 868 2026 ‚
893 1992 931 2019 ut
948 1997 1027 2019 cum
1045 1987 1116 2019 duo
1132 1987 1214 2032 equi

229 2048 372 2070 currum
393 2033 551 2070 trahunt.

502 2124 567 2156 Dic
587 2124 722 2156 tertiam
744 2123 938 2156 divisionem.

326 2184 565 2220 Efficientium
582 2186 752 2230 quaedam
769 2192 849 2219 sunt
859 2185 1097 2230 Principales,
1124 2201 1214 2234 quae

228 2245 261 2272 et
283 2238 461 2281 digniores
488 2243 588 2275 sunt,
623 2243 656 2270 et
680 2236 759 2280 plus
783 2243 901 2279 agunt.
961 2236 1064 2271 Aliae
1090 2240 1210 2273 minus

226 2289 438 2332 principales
456 2294 549 2327 sunt,
572 2299 720 2332 quarum
738 2294 771 2320 et
787 2287 938 2330 dignitas
958 2288 1075 2322 minor
1092 2297 1155 2331 est,
1178 2298 1212 2324 et

228 2340 317 2373 actio
345 2339 565 2383 languidior,
593 2345 632 2372 ut
660 2338 697 2371 in
722 2338 839 2382 pugile
861 2339 940 2382 plus
963 2340 1033 2382 agit
1050 2342 1210 2374 naturale

228 2391 353 2431 robur,
381 2402 486 2435 quam
510 2400 574 2424 res.
629 2388 669 2422 In
690 2387 842 2422 Antonii
860 2389 1129 2433 intemperantia
1148 2405 1212 2425 vo-

227 2440 342 2474 luntas
370 2440 564 2485 principale
593 2451 699 2484 agens
725 2446 794 2479 est,
829 2441 1001 2474 naturalis
1023 2441 1209 2477 inclinatio

228 2490 344 2524 minus
361 2491 566 2536 principale.

487 2573 552 2604 Dic
575 2575 729 2614 quartam
752 2573 947 2606 divisionem.

480 117 688 154 SCRIPTA
719 117 791 151 PII.
822 113 938 152 MEL.
966 115 1032 151 AD
1060 115 1186 153 mST.
1214 115 1357 152 PROF.
1386 114 1450 151 ET
1479 114 1668 151 PHILOS.
1697 115 2023 153 SPECTANTIA.

2188 118 2261 154 676

1250 200 1253 216 ¹
1279 202 1437 243 effectui,
1465 210 1498 237 et
1524 203 1566 235 ad
1590 200 1685 235 hunc
1703 214 1816 235 unum
1837 202 1999 236 effectum
2019 204 2128 248 magis
2147 205 2263 237 deter-

1279 254 1454 294 minatae,
1486 260 1540 286 nt:
1577 253 1680 286 Pater
1704 260 1737 287 et
1762 260 1872 286 mater
1897 253 2115 299 propinquae
2141 267 2262 289 causae

1279 312 1359 338 sunt
1377 304 1633 347 generationis,
1660 303 1842 349 Hydropis
1867 304 2067 349 propinqua
2093 317 2193 340 causa
2211 313 2262 340 est

1280 356 1440 399 copiosus
1471 354 1618 396 humor,
1652 356 1781 388 crudus
1814 362 1848 388 et
1871 366 2023 399 aquosus
2046 354 2082 387 in
2107 368 2262 401 corpore,

1280 406 1358 439 ideo
1382 407 1541 447 relictus,
1570 407 1651 452 quia
1677 406 1787 449 epatis
1805 405 2045 439 imbecillitate
2062 418 2134 439 non
2150 408 2263 450 potuit

1280 456 1382 490 initio
1407 458 1481 490 fieri
1504 457 1687 491 conversio
1712 454 1807 502 chyli
1832 456 1868 489 in
1893 456 2109 499 sanguinem.
2171 457 2261 491 Cru-

1279 507 1433 541 ciatuum
1457 509 1516 554 qui
1543 509 1676 542 calculo
1694 508 1731 540 in
1750 507 1847 540 venis
1863 508 2072 552 procedente
2088 507 2264 549 oriuntur,

1277 559 1478 604 propinqua
1502 571 1604 592 causa
1629 566 1678 593 est
1702 559 1814 592 tensio
1841 570 2054 598 nervorum,
2079 570 2167 603 quae
2188 558 2227 592 fit
2244 571 2263 592 a

1279 609 1423 644 calculo.
1482 610 1643 643 Actionis
1668 608 1835 643 honestae
1859 616 1919 643 aut
1948 606 2155 642 inhonestae
2180 621 2263 653 pro-

1251 665 1253 670 '
1279 659 1430 704 pinquae
1451 672 1573 693 causae
1591 667 1673 693 sunt
1690 672 1789 693 mens
1807 667 1840 694 et
1856 661 2029 694 voluntas.
2046 685 2048 687 >
2090 658 2263 694 Remotae

1278 722 1399 744 causae
1423 717 1522 751 sunt,
1557 723 1645 756 quae
1670 711 1754 744 alias
1779 711 1960 755 propiores
1985 722 2104 744 causas
2127 718 2187 745 aut
2209 712 2263 744 fo-

1278 768 1360 794 vent
1386 768 1446 795 aut
1468 762 1577 801 cient,
1604 762 1659 794 vel
1676 768 1758 795 sunt
1775 774 1895 796 causae
1913 774 2095 795 causarum
2114 762 2263 806 propin-

1277 824 1446 856 quarum,
1472 820 1528 846 ut:
1561 811 1630 846 Avi
1653 819 1806 846 remotae
1831 824 1952 846 causae
1976 822 2059 846 sunt
2083 819 2263 857 nepotum,

1277 862 1458 908 Hydropis
1492 871 1625 897 remota
1651 875 1752 896 causa
1780 871 1830 897 est
1855 864 2066 907 praecedens
2091 864 2262 908 intempe-

1275 915 1407 954 rantia,
1435 927 1524 959 quae
1548 911 1783 958 κακοχυμίαν
1808 915 1960 958 peperit,
1987 927 2054 959 qua
2078 914 2130 947 vis
2152 914 2262 958 epatis

1275 965 1495 1008 languefacta
1523 972 1583 999 est.
1647 965 1805 998 Actionis
1832 963 1999 998 honestae
2025 977 2084 998 seu
2109 963 2262 998 inhone-

1275 1022 1346 1048 stae
1369 1023 1502 1049 remota
1529 1027 1629 1050 causa
1648 1022 1698 1049 est
1716 1022 2032 1060 temperamentum
2051 1016 2088 1048 in
2105 1013 2262 1055 homine,

1274 1066 1323 1099 sic
1341 1066 1528 1102 inclinans.

1540 1157 1606 1188 Dic
1628 1157 1775 1199 quintam
1797 1156 1995 1188 divisionem.

1375 1217 1569 1252 Causarum
1609 1220 1781 1264 quaedam
1823 1225 1996 1252 vocantur
2035 1218 2261 1255 universales,

1245 1291 1247 1304 l
1273 1271 1445 1313 quaedam
1472 1270 1714 1313 particulares.
1770 1269 1989 1304 Universalis
2013 1276 2063 1303 est
2086 1267 2181 1303 Deus
2206 1269 2262 1302 fo-

1273 1332 1358 1352 vens
1383 1327 1559 1354 naturam.
1612 1321 1657 1354 Et
1673 1318 1884 1364 Philosophi
1906 1321 1955 1353 sic
1980 1327 2108 1354 vocant
2122 1326 2260 1353 motum

1273 1371 1478 1411 coelestem,
1506 1378 1538 1404 et
1563 1372 1634 1403 vim
1658 1371 1803 1404 luminis
1826 1377 2012 1403 astrorum.
2065 1370 2261 1404 Particula-

1272 1433 1326 1453 res
1349 1428 1521 1454 vocantur
1544 1422 1726 1466 propiores
1739 1448 1747 1461 ,
1775 1433 1864 1465 quae
1881 1421 1918 1453 in
1935 1420 2080 1454 materia
2098 1427 2198 1461 sunt,
2228 1428 2261 1453 et

1272 1472 1525 1505 determinatae
1545 1479 1628 1506 sunt
1644 1474 1688 1505 ad
1706 1470 1800 1504 hunc
1819 1471 2000 1510 effectum,
2026 1478 2081 1505 ut:
2106 1470 2259 1505 Univer-

1271 1523 1353 1555 salis
1377 1534 1479 1556 causa
1500 1523 1719 1566 pestilentiae
1735 1529 1786 1555 est
1802 1522 1941 1565 eclipsis
1959 1522 2096 1566 aliqua,
2124 1529 2184 1555 aut
2201 1522 2259 1554 in-

1270 1573 1381 1606 fausta
1406 1572 1570 1614 Saturni,
1598 1573 1723 1606 Martis
1748 1580 1780 1606 et
1804 1572 1926 1605 Lunae
1952 1572 2174 1614 coniunctio,
2199 1584 2260 1605 ve-

1270 1630 1400 1656 nenato
1416 1624 1553 1656 lumine
1565 1626 1680 1657 aerem
1694 1623 1864 1656 inficiens.
1919 1622 2147 1656 Particularis
2157 1634 2259 1657 causa

1270 1680 1321 1707 est
1339 1671 1529 1708 humorum
1548 1675 1585 1707 in
1603 1673 1811 1718 corporibus
1828 1671 1992 1707 humanis
2008 1674 2201 1718 corruptio,

1544 1764 1611 1796 Dic
1632 1767 1762 1796 sextam
1785 1763 1979 1796 divisionem.

1370 1823 1610 1859 Efficientium
1631 1826 1720 1859 aliae
1738 1833 1820 1859 sunt
1836 1825 2070 1870 principales,
2096 1825 2184 1858 aliae
2201 1825 2258 1857 in-

1268 1877 1526 1910 strumentales
1580 1875 1799 1920 Principales
1822 1884 1921 1917 sunt,
1948 1889 1967 1909 a
1993 1876 2123 1922 quibus
2140 1876 2258 1909 oritur

1267 1926 1376 1967 actio,
1410 1939 1471 1961 seu
1494 1939 1582 1973 quae
1605 1929 1803 1971 gubernant
1826 1927 2019 1967 actionem,
2053 1933 2088 1960 et
2112 1933 2256 1960 movent

1267 1977 1522 2018 instrumenta,
1553 1985 1591 2011 ut
1616 1979 1725 2011 faber.
1776 1977 2066 2011 Instrumentales
2088 1983 2171 2011 sunt
2195 1989 2256 2010 or-

1267 2039 1355 2071 gana
1383 2035 1477 2062 extra
1502 2035 1662 2062 naturam
1689 2028 1893 2072 principalis
1917 2039 2059 2069 causae,
2086 2039 2176 2073 quae
2192 2040 2256 2072 ap-

1267 2079 1393 2122 plicata
1416 2086 1449 2113 et
1472 2085 1567 2113 mota
1585 2080 1629 2112 ab
1646 2080 1724 2113 aliis
1740 2080 1910 2112 adiuvant
1927 2079 2102 2112 actionem
2114 2105 2124 2119 ‚
2149 2085 2190 2113 ut
2204 2086 2255 2113 te-

1267 2130 1341 2163 lum
1375 2130 1518 2164 securis.
1578 2128 1643 2163 Est
1672 2137 1705 2164 et
1735 2143 1801 2163 vox
1825 2127 2014 2173 Evangelii
2037 2130 2254 2163 instrumen-

1237 2195 1242 2443 ε
1266 2187 1355 2221 tum,
1383 2193 1454 2226 quo
1463 2180 1560 2216 Deus
1575 2187 1694 2215 movet
1709 2188 1742 2215 et
1758 2180 1912 2226 impellit
1928 2181 2034 2214 corda
2051 2178 2252 2215 hominum.

1520 2271 1585 2303 Dic
1607 2272 1777 2313 septimam
1801 2271 1997 2303 divisionem.

1368 2332 1576 2366 Partialium
1615 2333 1704 2366 aliae
1738 2341 1819 2367 sunt
1853 2338 2119 2378 praeparantes,
2161 2331 2250 2365 aliae

1264 2390 1347 2416 sunt
1370 2384 1589 2417 adiuvantes.
1642 2383 1877 2428 praeparans,
1906 2395 1995 2429 quae
2011 2389 2070 2416 aut
2085 2381 2172 2415 foris
2186 2394 2250 2426 ap-

1265 2434 1371 2478 plicat
1391 2435 1553 2477 agentia,
1581 2442 1640 2468 aut
1661 2435 1830 2468 interiore
1848 2435 1964 2479 aliqua
1983 2433 2249 2477 praeparatione

1263 2485 1457 2518 subiectum
1485 2486 1652 2518 idoneum
1679 2486 1785 2519 efficit
1810 2487 1851 2518 ad
1878 2486 1964 2518 alias
1986 2482 2160 2524 actiones,
2192 2490 2247 2517 ut:

1263 2534 1426 2569 lN'Iedicus
1443 2537 1597 2580 applicat
1613 2537 1787 2574 remedia,
1816 2542 1933 2580 postea
1949 2541 2073 2567 natura
2090 2533 2248 2577 corporis

1263 2592 1297 2618 et
1315 2587 1552 2620 remediorum
1571 2595 1622 2621 est
1638 2587 1854 2620 medicatrix.
1904 2584 2076 2618 Doctrina
2093 2591 2128 2618 et
2143 2585 2248 2618 disci-

326 2631 518 2666 Causarum
548 2635 635 2667 aliae
666 2642 746 2669 sunt
771 2637 1008 2681 propinquae,
1042 2635 1129 2668 aliae
1155 2648 1209 2669 re·-
1233 2651 1236 2679 3
1261 2636 1381 2680 plina,
1415 2637 1450 2670 id
1484 2645 1552 2677 est,
1585 2638 1808 2676 assuefactio,
1841 2642 1924 2668 sunt
1951 2647 2074 2668 causae
2102 2647 2247 2680 praepa—

231 2691 356 2718 motae.
410 2682 635 2728 propinquae
650 2692 749 2723 sunt,
778 2699 865 2731 quae
882 2695 913 2721 et
930 2686 1112 2732 propiores
1129 2694 1209 2720 sunt

1261 2694 1377 2721 rantes
1393 2689 1550 2722 animum
1568 2690 1609 2722 ad
1629 2689 1800 2723 actionem
1817 2687 1970 2721 virtutis.
2017 2686 2246 2732 Adiuvantes,
