2379 2948
137 84 241 120 1381

241 169 378 204 Deinde
402 182 465 205 nec
490 169 557 205 hoc
579 178 730 205 statuere
748 177 882 216 potest,
905 183 949 204 an
968 172 1013 206 sit
1031 183 1134 205 curae
1160 208 1161 211 Ἰ

777 221 919 256 Etcum
939 224 1034 256 deest
1053 236 1132 256 ver·
1159 219 1161 260 !
1188 220 1322 262 cultus,

135 273 240 313 bum,
277 285 347 318 quo
379 274 451 317 regi
479 274 629 307 debebat
653 274 713 307 illa
739 274 869 307 noticia
894 275 1066 309 naturalis
1089 276 1132 308 de
1158 268 1160 286 l
1186 269 1254 305 boc
1272 271 1412 308 Psalmo
1432 276 1618 312 simulacra
1635 290 1718 322 gent

136 219 232 262 Deo,
260 233 305 254 an
331 234 410 255 vere
435 222 644 257 exaudiatur
661 230 723 256 etc.

132 323 209 357 Deo
221 351 231 365 ,
260 331 377 369 postea
394 324 497 358 facile
513 325 690 369 decipitur
706 331 745 359 ut
763 326 920 366 deerret,
948 338 986 359 ac
1002 326 1131 360 distra-

133 371 239 408 hatur
259 376 365 409 variis
382 375 616 420 opinionibus
629 403 637 417 ,
663 382 695 409 et
713 377 846 410 cultum
863 375 939 410 Deo
956 378 1130 418 debitum,

131 436 170 458 ac
195 426 338 459 divinos
364 424 534 459 bonores:
563 427 746 465 timorem,
775 427 957 470 fiduciam,
984 429 1129 462 invoca-

130 475 284 517 tionem,
312 477 447 510 tribuat
466 478 495 510 ei
517 478 613 522 quod
629 490 702 511 non
721 485 770 512 est
787 477 893 511 Deus.

231 526 322 561 Nam
340 529 403 562 etsi
422 529 459 561 in
476 540 602 572 genere
618 541 717 563 veras
734 529 883 563 noticias
899 527 1004 563 habet
1020 529 1124 563 ratio:
1151 505 1155 583 l

130 584 247 612 tamen
272 579 347 612 sine
371 581 479 613 verbo
498 592 571 613 non
589 587 701 625 potest
719 579 832 614 Deum
851 578 1126 625 apprehendere,
1151 592 1152 626 ᾗ

128 636 161 663 et
185 629 222 662 in
248 631 469 675 applicandis
493 631 564 664 illis
589 632 729 666 noticiis
756 632 893 666 fallitur
917 639 950 665 et
974 632 1123 667 aberrat.

129 678 245 715 Tanta
271 682 374 716 etiam
395 689 446 716 est
462 682 668 724 infirmitas,
694 690 730 716 ut
748 683 784 716 in
801 681 1008 716 hominibus
1025 695 1123 716 secu-
1149 709 1150 723 ¹

126 731 193 772 ris,
221 732 302 766 illae
327 733 422 777 ipsae
441 734 591 767 noticiae
607 735 803 775 naturales,
830 746 933 779 saepe
952 741 1011 767 aut
1030 734 1120 767 obli-

125 789 301 824 terentur‚
344 791 403 818 aut
441 797 584 828 prorsus
623 786 846 819 excutiantur
889 785 1121 826 dubitatione,

125 845 203 866 cum
227 835 316 869 ratio
341 836 417 869 sine
441 837 550 869 verbo
571 849 712 876 errans,
742 837 873 870 iudicat
894 838 935 869 de
954 848 1121 880 praesen-
1146 857 1147 864 κ

124 884 218 918 tibus
252 887 438 921 eventibus
470 894 502 920 et
530 889 685 929 casibus,
720 888 816 921 videt
841 888 951 921 multa
979 887 1119 920 evenire

121 935 225 970 aliter
250 950 355 983 quam
379 938 558 982 oportuit,
588 940 721 973 iudicat
743 951 816 973 esse
841 951 1013 972 summam
1034 951 1117 972 con-

122 986 299 1021 fusionem
327 1001 446 1022 rerum
473 987 724 1024 humanarum.
780 989 863 1023 Ideo
883 990 1062 1023 delabitur
1081 991 1117 1022 in
1144 1008 1145 1015 κ

121 1038 302 1083 epicureas
326 1041 532 1085 opinioneS‚
560 1050 598 1076 ut
617 1049 717 1085 neget
737 1041 1019 1085 providentiam,
1048 1048 1116 1074 sta-

120 1090 187 1123 tuit
211 1089 326 1125 Deum
358 1089 449 1125 nihil
483 1104 566 1127 esse.
627 1093 679 1127 lta
712 1093 815 1126 multi
850 1093 938 1125 fiunt
974 1101 1144 1137 prorsus}

121 1140 242 1177 ἄθεοι.

221 1192 362 1227 Rursus
394 1195 431 1227 in
464 1196 603 1239 magnis
638 1196 821 1239 periculis,
857 1207 935 1228 cum
964 1195 1058 1228 videt
1082 1207 1115 1227 se

117 1244 261 1278 destitui
282 1246 451 1279 omnibus
470 1247 653 1291 praesidiis
673 1245 855 1284 humanis,
885 1247 959 1290 ipsa
978 1247 1112 1289 magni-

117 1296 202 1328 tudo
229 1297 377 1340 periculi
401 1304 434 1331 et
457 1298 717 1338 calamitatum,
745 1305 882 1331 revocat
908 1304 1044 1330 mentes
1070 1298 1111 1329 ad

116 1346 204 1379 illud
240 1348 485 1392 qualecunque
515 1349 686 1382 iudicium
711 1356 856 1382 naturae
882 1349 924 1380 de
949 1347 1044 1385 Deo,
1080 1355 1113 1381 et

115 1397 226 1440 adigit
249 1410 308 1439 eo,
336 1407 374 1433 ut
399 1406 571 1444 quaerant
589 1400 734 1444 aliquod
750 1412 901 1439 numen,
930 1411 997 1443 qua
1016 1401 1058 1430 de
1077 1411 1111 1431 re

115 1448 293 1492 eleganter
318 1449 442 1485 Poeta:
487 1450 626 1484 Primos
655 1451 692 1483 in
728 1451 813 1483 orbe
848 1451 932 1483 deos
962 1450 1041 1482 fecit
1067 1450 1112 1482 ti-

114 1511 193 1533 mor
215 1507 278 1535 etc.
332 1500 402 1535 Sed
436 1501 518 1546 quia
550 1502 625 1535 sine
654 1502 762 1535 verbo
796 1501 885 1534 ratio
918 1513 989 1533 non
1020 1508 1112 1534 recte

115 1552 254 1595 quaerit
277 1550 411 1593 Deum,
444 1565 583 1586 necesse
608 1560 659 1586 est
682 1565 761 1586 eum
788 1553 914 1585 misere
939 1563 1054 1584 errare
1080 1558 1111 1586 et
1136 1582 1138 1586 Α

112 1601 284 1636 fluctuare
309 1604 553 1648 opinionibus,
624 1603 714 1637 Nam
740 1610 777 1636 ut
803 1604 930 1648 cuique
953 1603 1111 1637 obiectus

112 1660 163 1687 est
180 1654 309 1699 aliquis
328 1662 451 1694 metus,
478 1661 537 1688 aut
556 1655 764 1700 periculum,
793 1655 864 1687 imo
884 1661 923 1688 ut
940 1654 1110 1699 cuiusque

111 1705 252 1739 animus
269 1706 388 1751 aliquo
408 1706 533 1740 affectu
553 1714 743 1750 occupatus
761 1713 827 1746 est,
856 1707 902 1738 ita
920 1705 987 1738 sibi
998 1707 1108 1738 Deum

112 1763 144 1790 et
163 1757 296 1790 cultum
316 1758 424 1801 fingit.

215 1806 269 1841 Ex
287 1806 340 1842 his
353 1809 509 1842 tenebris
527 1809 652 1842 mentis
670 1806 847 1841 humanae
865 1814 896 1841 et
912 1808 1106 1841 errantium

110 1859 323 1903 opinionum
350 1861 426 1893 sine
450 1860 558 1893 verbo
584 1867 662 1893 nata
687 1867 738 1893 est
761 1859 819 1892 illa
846 1859 1007 1892 confusio
1029 1857 1107 1892 eth-

111 1911 211 1944 nicae
244 1911 484 1944 idolomaniae
516 1911 683 1945 omnibus
714 1910 952 1954 temporibus,
989 1917 1021 1943 et
1050 1911 1106 1943 in-

110 1963 209 1996 finita
226 1962 433 2007 superstitio
454 1963 792 1996 absurdissimorum
810 1962 988 2002 cultuum,
1017 1962 1106 1995 sicut

110 2012 275 2058 Aegyptii
307 2014 412 2052 feles,
457 2026 599 2058 caepaS,
636 2012 793 2048 Romani
827 2013 1018 2057 pallorem,
1054 2013 1105 2045 fe-

109 2066 209 2098 brem
233 2072 296 2098 etc.
331 2066 527 2099 coluerunt.
600 2064 637 2097 ln
665 2076 816 2110 quorum
842 2064 959 2097 locum
986 2071 1103 2108 postea

108 2116 273 2150 successit
306 2128 377 2149 non
404 2117 522 2149 minor
547 2116 764 2149 idolomania
790 2116 826 2148 in
850 2113 1027 2153 Ecclesia,
1066 2116 1103 2148 in
1129 2134 1131 2139 ·

108 2168 205 2201 cultu
236 2174 268 2201 et
298 2167 526 2202 invocatione
550 2174 784 2202 mortuorum.
854 2165 905 2200 Ac
931 2164 1103 2200 horribile

109 2226 158 2252 est
176 2226 309 2252 tantam
326 2219 511 2262 caliginem
529 2219 657 2252 animis
673 2216 862 2251 hominum
881 2218 1038 2258 offundi,
1063 2225 1103 2252 ut

108 2270 270 2304 ridiculis
302 2277 335 2304 et
361 2271 556 2304 manifestis
582 2270 896 2315 superstitionibus
920 2270 1102 2314 decipian-

108 2328 175 2354 tur.
230 2320 299 2355 Sed
332 2322 381 2355 sic
412 2329 483 2362 est,
519 2322 594 2355 sine
627 2323 734 2355 verbo
768 2322 842 2354 fieri
873 2333 945 2354 non
975 2328 1101 2364 potest,

107 2372 195 2418 quin
223 2370 386 2406 homines
409 2374 504 2407 varie
529 2381 646 2407 errent
671 2373 912 2417 opinionibus.
969 2372 1100 2406 Lucer-

106 2436 170 2463 na,
206 2424 324 2470 inquit
347 2424 483 2464 David,
518 2425 667 2468 pedibus
698 2425 783 2457 meis
812 2424 958 2456 verbum
987 2431 1097 2457 tuum.

106 2476 226 2520 Quare
258 2488 399 2509 oremus
423 2475 558 2516 Deum,
593 2483 630 2509 ut
662 2488 725 2509 nos
751 2476 924 2519 gubernet
948 2482 979 2508 et
1005 2481 1100 2518 regat

105 2527 214 2560 verbo
228 2555 236 2566 ‚
263 2539 307 2560 ne
323 2528 534 2561 deerremus.
588 2526 733 2561 Necesse
750 2528 845 2560 enim
864 2534 930 2567 est,
960 2534 998 2560 ut
1016 2527 1100 2567 dixi,

104 2578 180 2612 fieri
213 2579 400 2619 idolatras,
436 2579 495 2624 qui
530 2579 605 2611 sine
636 2579 742 2612 verbo
770 2586 945 2624 quaerunt
971 2576 1096 2612 Deum.

106 2628 187 2663 Non
205 2630 298 2663 enim
318 2637 465 2674 possunt
483 2637 574 2663 recte
593 2628 858 2674 apprehendere
876 2629 1009 2663 Deum:
1038 2631 1099 2663 sed

108 2683 406 2725 quemadmodum
427 2682 552 2716 incerti
569 2682 734 2715 feruntur
751 2681 860 2715 caecis
875 2688 906 2714 et
922 2681 1098 2715 fluctuan-

751 84 811 120 lx.
865 82 1231 120 COMMEN'rARu
1269 84 1319 119 IN
1356 86 1592 134 psALMoS,

1191 169 1286 203 tibus
1321 171 1573 216 opinionibus,
1602 187 1647 222 ἥδ
1682 191 1775 227 iuxta
1807 209 1863 232 eas

1358 235 1418 268 qul
1453 238 1489 258 Π]
1515 225 1694 275 ΡΓΟΡῘΝἰε
1726 257 1898 285 vocantur
1930 255 2043 301 idola,

1724 308 1730 319 .

1287 323 1373 358 Dixi
1402 334 1517 360 autem
1547 308 1859 374 observand'ziletc'

1184 373 1341 416 ptionem
1362 375 1502 411 Psalmi·
1556 378 1620 415 ESt
1637 383 1732 416 enim
1751 397 1885 439 ¹¹¹⁵'b1is
1902 407 2018 445 irrisio
2037 411 2143 451 buma

1182 436 1309 458 norum
1336 427 1514 470 cultuum,
1549 432 1609 466 Ait
1638 446 1760 469 omnes
1785 439 1896 473 cultu-
1911 463 2067 498 „entium
2130 470 2160 503 .d

1918 488 1926 495 ,
2080 492 2089 506 ,
2125 482 2135 502 1

1181 482 1248 516 est,
1290 488 1432 520 eorum,
1476 481 1535 525 qui
1568 491 1686 518 carent
1720 489 1846 531 verbo,
1880 504 1952 527 esse
1991 514 1999 533 ,-

1180 526 1268 560 facta
1298 528 1341 561 ab
1369 526 1595 575 hominibus,
1631 543 1661 569 et
1690 538 1832 582 quidem
1859 543 1958 585 talia,
1994 518 2159 589 ffiglacra

1179 577 1391 622 loquantur,
1426 594 1489 615 nec
1515 585 1675 628 videant,
1713 601 1775 623 nec
1798 593 1943 628 audiant
1962 602 2025 630 etc.
2080 582 2169 630 X‘i‘siice

1149 635 1152 675 ζ
1178 630 1271 661 enim
1305 639 1437 675 quanta
1468 635 1511 667 sit
1544 638 1708 680 caecitaS,
1748 639 1922 678 Homines
1953 646 2028 679 sine
2060 649 2168 681 verbo

1149 683 1151 707 s
1177 680 1306 714 audent
1326 682 1482 717 iudicare
1499 686 1541 719 de
1559 685 1651 729 Deo,
1680 700 1711 723 et
1728 691 1916 728 instituunt
1935 697 2059 731 cultus.
2092 697 2169 732 Hoc

1179 742 1257 764 vere
1281 739 1330 765 est
1354 734 1484 778 fingere
1504 749 1564 770 seu
1582 740 1739 784 sculpere
1754 741 1864 785 Deos,
1892 758 1951 780 seu
1972 748 2168 788 simulacra,

1176 794 1248 814 non
1276 784 1370 816 enim
1395 785 1669 830 apprehendunt
1693 791 1808 826 Deum
1834 803 1872 829 ut
1897 803 1966 838 est,
1995 810 2058 832 nec
2083 812 2168 833 con-

1146 845 1148 855 Α
1174 832 1302 868 sistunt
1320 835 1355 867 in
1376 845 1470 871 certo
1488 839 1607 885 aliquo
1628 848 1659 874 et
1677 843 1781 877 unico
1800 844 1892 879 Deo:
1922 849 1980 881 sed
1994 876 2002 890 ,
2030 857 2067 883 ut
2086 851 2168 891 dixi,

1145 902 1147 909 ι
1174 884 1261 917 sicut
1287 886 1382 918 varie
1407 896 1525 923 errant
1548 892 1800 935 opinionibus,
1829 897 1874 931 ita
1898 899 2035 942 fingunt
2053 903 2167 936 varios

1173 935 1306 977 cultus,
1334 938 1392 970 alii
1421 940 1507 974 alios
1526 949 1588 976 etc.
1609 950 1640 976 ct
1660 953 1843 990 postquam
1863 960 1964 982 suum
1983 951 2049 984 sibi
2069 955 2167 998 quis-

1173 998 1239 1030 que
1266 987 1380 1021 Deum
1405 990 1523 1033 finxit,
1559 1000 1590 1026 et
1615 1006 1695 1028 suos
1720 997 1836 1031 cultus
1861 1009 2015 1043 exercet,
2050 1010 2166 1039 tamen

1143 1058 1145 1069 .
1171 1037 1285 1070 adhuc
1314 1037 1432 1075 haeret
1459 1042 1495 1074 in
1522 1045 1765 1089 dubitatione,
1801 1062 1874 1083 non
1903 1064 1982 1085 vere
2006 1061 2166 1091 statuunt

1171 1100 1205 1120 se
1224 1091 1401 1135 exaudiri,
1433 1095 1595 1133 defendi,
1624 1098 1785 1132 adiuvari
1803 1100 1839 1134 in
1858 1103 2034 1146 periculis.
2089 1105 2167 1141 Hoc

1172 1151 1251 1172 vere
1276 1148 1325 1174 est
1350 1143 1479 1186 lingere
1505 1145 1637 1188 Deum,
1666 1160 1725 1182 seu
1750 1148 1878 1185 habere
1902 1166 1965 1197 pro
1982 1153 2077 1195 Deo,
2108 1171 2166 1192 co-

1169 1191 1259 1228 lere,
1295 1193 1458 1227 invocare
1486 1197 1610 1238 taleni,
1648 1200 1707 1244 qui
1735 1198 1860 1236 babeat
1887 1205 2025 1247 oculos,
2054 1220 2166 1250 aures,

1169 1254 1308 1299 ina-nus:
1336 1257 1397 1277 nec
1418 1253 1534 1280 tamen
1555 1250 1687 1291 videat,
1715 1260 1772 1286 aut
1790 1255 1930 1296 audiat,
1958 1264 2018 1291 aut
2036 1260 2166 1304 palpet,

1169 1302 1249 1337 quia
1276 1306 1349 1327 non
1375 1307 1519 1339 possunt
1544 1307 1695 1334 statuere
1712 1306 1806 1347 quod
1827 1307 2079 1351 respiciantur,
2106 1324 2164 1344 ex-

1139 1344 1141 1354 ¹
1168 1346 1377 1387 audiantur,
1404 1350 1620 1385 adiuventur
1638 1360 1698 1386 etc.

1274 1397 1331 1429 Sic
1351 1407 1431 1432 sunt
1449 1414 1571 1435 omnes
1589 1404 1796 1447 religiones,
1823 1414 1854 1441 et
1872 1409 1986 1442 cultus
2005 1408 2164 1455 humani,

1167 1445 1243 1478 sine
1270 1448 1395 1489 verbo,
1431 1451 1591 1486 videlicet
1618 1453 1709 1488 nibil
1735 1456 1851 1499 aliud,
1885 1459 1951 1492 nisi
1979 1463 2084 1497 stulta
2105 1473 2163 1499 aut

1166 1498 1318 1530 mendax
1344 1501 1466 1543 opinio
1486 1504 1527 1535 de
1545 1502 1637 1546 Deo,
1666 1506 1804 1549 fingunt
1823 1509 1955 1552 cultus,
1983 1515 2163 1550 somniant

1165 1559 1199 1579 se
1232 1546 1361 1583 babere
1387 1551 1522 1593 Deum,
1559 1557 1657 1590 cuius
1685 1558 1840 1593 officium
1868 1568 1917 1595 est
1942 1564 2076 1610 ubique
2101 1568 2163 1599 ad-

1165 1610 1258 1639 esse,
1287 1603 1454 1636 exaudire
1480 1612 1511 1638 et
1535 1619 1635 1650 opem
1661 1609 1768 1642 serre:
1798 1611 1831 1643 id
1860 1613 1954 1646 enim
1974 1622 2025 1649 est
2041 1618 2162 1651 oculos

1165 1657 1196 1682 et
1224 1663 1325 1683 aures
1359 1651 1488 1687 babere
1512 1664 1573 1690 etc.
1649 1658 1720 1692 Nec
1752 1668 1868 1695 tamen
1896 1664 2055 1701 iudicant
2079 1681 2160 1702 vere

1166 1710 1383 1743 praesentem
1410 1712 1442 1739 ct
1465 1707 1636 1742 efficacem
1658 1722 1740 1745 csse.
1795 1711 1932 1748 Revera
1952 1729 2034 1760 ergo
2054 1719 2158 1753 talem

1163 1752 1278 1785 Deum
1302 1754 1458 1797 fingunt,
1488 1760 1547 1803 qui
1575 1761 1672 1794 velut
1696 1769 1808 1796 statua
1834 1761 1967 1799 habens
1985 1770 2105 1803 oculos
2126 1779 2158 1804 et

1163 1815 1285 1843 aures,
1322 1804 1413 1839 nibil
1438 1821 1501 1842 nec
1528 1811 1645 1845 videat
1668 1825 1730 1845 nec
1755 1815 1882 1851 audiat.
1940 1817 1976 1850 Id
2003 1832 2082 1854 vere
2109 1830 2157 1856 est

1163 1867 1233 1887 esse
1258 1857 1334 1889 sine
1353 1856 1445 1899 Deo,
1475 1861 1587 1895 facere
1609 1863 1786 1905 ociosum,
1816 1873 1847 1899 et
1875 1866 1980 1902 nibili
2008 1871 2156 1914 idolum,

1161 1906 1247 1939 sicut
1267 1915 1297 1939 et
1313 1909 1397 1942 alibi
1416 1910 1649 1947 aitPsalmus:
1680 1913 1816 1950 Omnes
1832 1918 1881 1951 dii
1897 1922 2055 1962 gentium
2074 1925 2155 1957 dae-

1161 1958 1277 1990 monia
1298 1971 1357 1993 seu
1378 1961 1482 1996 idola.

1262 2008 1343 2043 Dixi
1367 2015 1410 2045 de
1435 2015 1616 2056 idolatria,
1646 2029 1734 2062 quae
1761 2020 1797 2052 in
1825 2018 1879 2054 liis
1899 2025 2058 2058 versibus
2074 2029 2153 2071 pul-

1159 2073 1214 2093 cre
1239 2062 1470 2106 describitur,
1506 2074 1536 2099 et
1565 2078 1653 2111 quae
1678 2069 1721 2102 sit
1746 2082 1784 2104 ac
1812 2074 1905 2106 unde
1931 2076 2083 2119 oriatur,
2120 2087 2152 2112 et

1159 2125 1262 2157 quam
1281 2113 1348 2147 late
1367 2123 1492 2159 pateat.
1546 2117 1677 2164 Estque
1696 2120 1867 2156 illustrata
1888 2126 2075 2171 descriptio
2096 2129 2150 2162 in—

1156 2164 1246 2206 signi
1273 2165 1566 2210 repreliensione,
1593 2182 1680 2215 quae
1701 2178 1792 2206 taxat
1819 2181 1852 2208 et
1880 2175 1999 2210 irridet
2028 2191 2149 2213 omnes

1159 2215 1272 2248 cultus
1306 2214 1500 2261 humanos,
1537 2222 1596 2265 qui
1631 2222 1706 2254 sine
1744 2225 1849 2258 verbo
1889 2239 1947 2261 seu
1981 2232 2147 2265 mandato

1156 2265 1220 2298 Dei
1248 2267 1503 2311 instituuntur,
1533 2273 1627 2315 quod
1654 2273 1724 2307 sint
1749 2275 1838 2310 irriti
1867 2285 1898 2311 et
1922 2279 1997 2312 sine
2020 2281 2147 2324 fructu,

1155 2318 1243 2352 sicut
1266 2327 1297 2352 et
1314 2319 1474 2355 Christus
1498 2323 1630 2367 inquit:
1661 2323 1803 2359 Frustra
1829 2328 1949 2362 colunt
1973 2343 2027 2363 me
2047 2345 2146 2366 man-

1155 2370 1245 2403 datis
1272 2368 1458 2405 bominum
1478 2382 1541 2408 etc.
1598 2374 1690 2418 Quia
1715 2378 1808 2410 enim
1828 2391 1899 2413 non
1918 2378 2049 2416 habent
2067 2396 2145 2418 ver-

1155 2421 1238 2453 bum
1266 2419 1446 2463 homines,
1474 2438 1544 2459 non
1572 2434 1718 2470 possunt
1743 2430 1827 2463 certi
1850 2443 1922 2464 esse
1948 2433 1990 2465 de
2017 2435 2146 2469 volun-

1155 2479 1222 2505 tate
1240 2472 1324 2514 Dei,
1353 2487 1416 2508 nec
1441 2484 1588 2520 possunt
1612 2485 1764 2512 statuere
1785 2492 1821 2514 se
1845 2484 2036 2518 exaudiria
2055 2484 2142 2522 Deo.

1155 2523 1273 2567 Quare
1298 2538 1416 2560 revera
1442 2535 1524 2562 sunt
1541 2529 1616 2562 sine
1634 2528 1729 2570 Deo,
1757 2531 1846 2566 sicut
1865 2531 1922 2567 hic
1939 2535 2003 2568 ait:
2033 2536 2143 2571 Simi-

1155 2577 1202 2608 les
1236 2576 1379 2610 illorum
1416 2587 1516 2620 sunt,
1559 2581 1619 2625 qui
1654 2581 1787 2616 faciunt
1821 2596 1858 2617 ea
1883 2592 1945 2621 etc.
2022 2587 2143 2634 Itaque

1154 2628 1269 2660 omnis
1294 2628 1436 2664 illorum
1463 2631 1586 2675 religio
1613 2640 1644 2666 et
1670 2633 1784 2667 cultus
1809 2648 1953 2680 prorsus
1971 2646 2049 2674 sunt
2071 2641 2144 2675 fru-

1153 2687 1221 2714 stra
1240 2687 1269 2714 ct
1287 2679 1404 2717 nihili.

1444 2733 1490 2766 87
1509 2732 1525 2750 *
