2379 2948
170 129 240 163 435

174 212 296 246 Cicero
311 210 352 242 de
370 207 509 241 viciosis
534 202 733 238 rationibus
758 198 974 237 iudicandis,
1006 197 1069 231 ubi
1092 209 1155 229 vo-

178 263 242 296 luit
259 259 441 304 complecti
458 255 635 288 dialectica
656 257 837 296 praecepta
855 250 930 283 eius
950 249 1013 284 rei.
1065 246 1155 281 Cum

178 320 293 346 autem
312 315 487 354 peccatum
505 306 540 337 in
564 303 708 336 materia
735 301 931 345 argumenti
957 306 1024 340 est,
1049 298 1157 331 dilui-

179 372 235 397 tur
259 369 316 394 aut
343 370 404 403 per
429 356 712 394 distinctionem,
737 359 797 385 aut
818 364 879 395 per
895 349 1157 384 inficiationem.

179 412 353 453 Ambigua
373 406 621 449 distinguendo
638 404 868 448 explicantur.
908 401 1076 434 lnficiatio
1096 410 1158 431 au—

180 471 247 495 tem
278 460 383 493 habet
411 459 548 490 eosdem
573 457 687 493 locos,
720 465 806 498 quos
835 454 871 485 in
894 450 1159 485 confirmatione

181 512 381 556 posuimus,
416 509 631 541 voluntatem
665 512 697 538 et
722 504 940 541 facultatem,
973 508 1013 534 ut
1036 499 1157 534 Cicero
1184 534 1185 539 ¹

180 561 332 596 ostendit
342 559 473 592 Miloni
492 558 709 590 voluntatem
725 562 757 588 et
772 554 970 587 facultatem
988 551 1159 583 insidian-
1184 562 1186 583 1

598 606 811 649 Negabimus
834 604 942 654 igitur
963 602 1043 639 illa,
1071 611 1160 644 quae
1184 599 1186 603 ’

182 663 418 700 obiiciuntur,
455 667 488 693 et
516 667 735 702 opponemus
761 655 933 693 rationes,
964 663 1054 696 quae
1080 651 1160 682 red-
1184 668 1187 696 3

180 614 218 646 di
237 611 363 645 Clodio
385 610 544 642 defuisse.

183 717 267 747 dant
300 710 524 744 verisimilem
558 707 820 740 inficiationem.
887 703 933 737 Et
964 702 1045 747 quia
1076 712 1160 733 con-

185 762 362 798 iecturalis
404 768 513 793 status
559 760 786 801 plaerumque
831 753 936 787 habet
980 751 1160 796 probatio-

184 828 246 848 nes
285 825 357 845 non
396 809 622 847 necessarias,

183 868 261 899 ideo
281 862 441 896 homiues
458 859 629 902 ingeniosi
645 857 744 890 facile
770 856 923 900 reperire
947 859 1095 898 possunt
1122 864 1161 884 ex

183 917 304 949 iisdem
322 913 407 945 locis
424 916 627 953 argumenta
650 908 687 939 in
709 914 893 951 utramque
912 912 1056 948 partem.

181 1018 293 1050 mines
320 1013 438 1046 callidi
462 1018 494 1044 et
517 1010 667 1054 copiosi,
705 1008 765 1053 qui
788 1008 884 1050 signa
910 1006 1026 1038 variae
1050 1005 1162 1037 inter-

180 1065 309 1112 pretari
333 1064 466 1102 sciunt,
497 1069 529 1094 et
561 1060 672 1092 varias
698 1069 817 1091 causas
845 1058 1025 1099 signorum
1056 1066 1162 1099 quae-

179 1130 263 1151 rere.
318 1114 498 1157 Nusquam
516 1112 609 1143 enim
631 1110 746 1142 verius
765 1115 833 1148 est,
860 1109 952 1151 quod
979 1106 1067 1138 dixit
1087 1103 1161 1137 Eu-

178 1169 330 1212 ripides,
375 1175 479 1208 quam
516 1163 550 1193 iu
577 1159 641 1193 hoc
667 1171 810 1203 genere,
847 1156 920 1190 dem?
948 1155 981 1190 οἱ
1004 1153 1161 1203 λόγοιςῖε

177 1212 494 1253 καταπαλαίουσιν
515 1209 657 1258 λόγους.
714 1209 819 1257 flauo
837 1209 1008 1241 rationem
1027 1206 1164 1246 evertit,

176 1277 214 1303 ut
231 1268 336 1310 vulgo
356 1265 500 1303 dicunt,
528 1262 680 1295 rationes
698 1267 817 1293 contra
837 1259 1002 1299 rationeS.

279 1316 325 1351 Et
345 1322 487 1360 propter
508 1312 721 1347 contrariam
746 1311 928 1353 signorum
954 1309 1163 1351 interpreta-

176 1372 335 1409 tionem,
364 1368 434 1399 duo
455 1364 649 1409 peculiares
675 1361 744 1394 loci
769 1362 951 1393 adduntur
975 1356 1163 1391 defensori.

175 1419 353 1457 Inversio,
380 1428 458 1449 cum
479 1416 644 1447 docemus
671 1413 809 1454 signum
835 1411 890 1442 vel
915 1420 1053 1442 causam
1079 1418 1164 1440 con—

176 1480 228 1505 tra
248 1481 311 1503 nos
336 1467 477 1500 allatam
494 1491 503 1506 ‚
531 1476 593 1508 pro
620 1463 722 1495 nobis
749 1463 882 1500 facere,
907 1460 935 1492 si
961 1458 1164 1491 occidissem

177 1535 251 1555 nou
267 1517 501 1563 sepeliissem,
535 1514 651 1548 Satius
675 1513 796 1545 suisset
821 1510 938 1544 statim
962 1509 1083 1542 relicto
1107 1519 1164 1540 ca-

177 1576 304 1607 davere
320 1570 452 1611 fugere.
507 1565 636 1598 Paulus
654 1564 689 1596 in
709 1562 844 1596 Galatis
860 1561 972 1594 utitur
987 1557 1053 1592 hoc
1070 1559 1163 1591 loco:

176 1620 346 1667 Nunquid
368 1620 420 1651 lex
441 1624 491 1649 est
509 1617 674 1648 adversus
694 1612 961 1657 promissiones,
989 1609 1163 1654 siquidem

176 1681 277 1716 auget
301 1668 464 1714 peccata?
517 1666 648 1698 Paulus
672 1663 872 1706 respondet:
902 1660 977 1693 Imo
1005 1666 1087 1693 tunc
1111 1669 1164 1691 es-

178 1732 229 1757 set
246 1725 413 1756 adversus
435 1716 686 1762 promissiones
705 1716 769 1751 lex,
790 1713 819 1745 si
837 1711 1048 1745 iustificaret.
1075 1709 1164 1742 Nam

177 1776 203 1807 si
233 1775 284 1806 lex
309 1770 530 1807 iustificaret,
561 1764 653 1798 nihil
679 1772 766 1797 esset
787 1774 875 1807 opus
900 1774 991 1794 nova
1015 1760 1166 1805 promis-

177 1826 286 1863 sione,
306 1833 394 1866 quae
415 1818 521 1862 gratis
540 1817 713 1860 promittit
732 1813 1025 1848 iustificationem.
1053 1810 1167 1844 Grae-

178 1877 207 1908 ci
227 1879 352 1907 vocant
369 1868 629 1913 ἀντίστρεᾳον.

281 1920 469 1956 Absolutis)
491 1927 551 1956 est,
567 1930 645 1950 cum
665 1917 937 1959 interpretamur
951 1914 1090 1957 signum
1109 1917 1168 1944 aut

180 1987 317 2010 causan·
338 1972 440 2004 aliter
461 1981 564 2014 quam
586 1967 826 2006 adversarius,
854 1965 994 2009 sepelii,
1023 1964 1081 1996 sed
1101 1962 1168 1995 mi·

179 2023 368 2060 sericordia
410 2024 606 2052 commotus
652 2030 730 2050 cum
772 2016 886 2049 obiter
929 2014 1169 2058 praeterirem.

180 2077 336 2120 Uterque
356 2073 453 2105 locus
471 2069 584 2102 oritur
600 2080 639 2100 ex
656 2067 777 2100 subtili
794 2077 977 2099 causarum
997 2065 1169 2107 interpre-

181 2128 312 2160 tatione
338 2131 370 2156 et
397 2119 715 2154 animadversione.

182 2179 311 2210 multae
330 2182 361 2208 et
382 2172 498 2205 variae
515 2181 638 2203 causae
655 2167 844 2212 excogitari
861 2172 1018 2210 possunt.

509 2257 568 2290 De
594 2256 848 2299 peroratione.

289 2324 468 2360 Peroratio
493 2331 543 2356 est
562 2320 741 2355 conclusio
760 2318 950 2358 orationis,
978 2317 1014 2349 in
1032 2328 1098 2361 qua
1117 2327 1172 2348 re-

190 2380 318 2425 petitur
334 2373 526 2420 propositio
550 2371 768 2416 principalis.
823 2368 927 2402 Tunc
951 2367 1044 2400 enim
1070 2379 1172 2399 voca-

191 2440 248 2465 tur
265 2426 456 2473 propositio
469 2449 478 2463 ,
506 2436 584 2457 cum
603 2428 683 2455 ante
700 2420 1002 2454 confirmationem
1022 2417 1174 2450 colloca-

192 2489 261 2514 tur.

195 2542 275 2564 uem
295 2527 458 2572 ponitur,
485 2531 523 2557 ut
540 2524 576 2556 fit
596 2524 632 2555 in
656 2522 867 2568 syllogismis
895 2521 987 2564 apud
1016 2518 1174 2551 dialecti—

195 2593 262 2615 cos.
316 2576 446 2610 Omnis
461 2581 575 2607 autem
602 2573 777 2616 peroratio
798 2578 933 2605 constat
961 2570 1096 2603 duabus
1120 2581 1174 2601 re-

195 2634 279 2669 lius,
309 2626 434 2673 partim
461 2623 665 2667 repetitione
689 2621 940 2666 propositionis
972 2627 1005 2655 et
1034 2619 1175 2664 potissi-

197 2692 335 2715 morum
350 2681 647 2719 argumentorum,
673 2673 802 2716 partim
822 2672 1016 2707 affectibus.
1044 2669 1175 2713 Quales
1199 2680 1201 2689 ⁴

445 117 653 158 SCRIPTA
681 115 755 151 PH.
778 111 894 148 MEL.
921 112 988 148 AD
1014 110 1142 148 HtsT.
1167 108 1311 147 PROF.
1337 108 1403 144 ET
1431 107 1620 144 PHILOS.
1643 107 1961 147 SPECTANTIA.

673 808 732 840 sed
771 812 906 839 tantum
947 802 1187 847 probabiles,⁴

1110 904 1162 935 Ac
1186 902 1187 906 ’

182 969 252 1000 fere
275 962 466 1007 disputatio
493 968 562 993 tota
585 960 627 992 de
650 958 758 1001 signis
784 963 853 996 est,
881 954 937 988 hic
960 955 1079 987 valent
1097 951 1161 986 ho—
1186 986 1187 989 ,

778 2117 870 2150 Nam
895 2116 1002 2148 unius
1025 2121 1171 2147 eventus
1194 2127 1196 2141 1

1195 2183 1197 2208 2
1222 2177 1297 2199 mus
1321 2166 1538 2209 exemplum,
1567 2165 1604 2197 in
1630 2176 1699 2209 quo
1723 2164 1820 2197 cerui
1843 2165 1987 2208 poterit,
2023 2165 2203 2210 quomodo

1196 2243 1197 2250 ,
1221 2216 1462 2261 propositione
1478 2215 1666 2249 constituta
1678 2219 1697 2256 ‚¹
1714 2216 1839 2248 debeat
1855 2227 1890 2248 se
1907 2216 2036 2248 referre
2062 2215 2202 2248 animus

1196 2289 1198 2305 2
1222 2268 1265 2300 ad
1285 2264 1350 2300 hos
1367 2267 1475 2300 locos.

1197 2351 1198 2356 ,
1223 2329 1432 2363 quacunque
1458 2317 1663 2362 quaestione
1676 2317 1811 2357 oblata,
1839 2317 1955 2351 statim
1978 2318 2203 2350 decurramus

314 2476 500 2511 Conclusio
527 2479 689 2512 vocatur,
723 2484 802 2504 cum
828 2477 909 2514 post
935 2467 1174 2502 confirmatio·
1198 2502 1200 2507 ¹

2116 109 2189 144 436

1207 202 1323 230 autem
1340 195 1483 229 affectus
1499 195 1646 229 deceant
1673 195 1710 227 in
1734 207 1943 240 unaquaque
1965 207 2085 236 causa,
2113 195 2189 228 sine

1207 247 1402 291 praeceptis
1416 246 1495 279 sciri
1514 252 1646 289 potest,
1673 258 1733 279 reo
1756 246 1994 279 misericordia
2017 258 2105 290 opus
2127 253 2188 284 est,

1208 304 1387 331 accusator
1418 298 1533 330 studet
1563 297 1684 329 odium
1719 297 1949 329 inflammare.
2007 296 2117 329 Porro
2148 308 2188 329 ex

1209 348 1337 392 quibus
1351 348 1509 380 fontibus
1534 348 1710 380 ducantur
1734 347 1897 384 affectus,
1925 352 2050 379 natura
2070 358 2189 379 rerum

1209 398 1422 431 consulenda
1440 405 1507 438 est,
1535 410 1750 442 quanquam,
1778 409 1857 430 cum
1872 397 1947 430 sine
1965 402 2038 429 arte
2055 396 2190 440 perspi-

1210 449 1304 482 ciant
1321 455 1552 481 assentatores
1565 475 1574 488 ‚
1601 448 1731 493 quibus
1754 448 1858 481 rebus
1876 447 1987 480 animi
2003 444 2190 479 hominum

1211 499 1395 542 capiantur
1411 505 1471 532 aut
1491 499 1692 539 irritentur,
1718 499 1818 532 facile
1839 499 1874 531 id
1894 509 2033 542 quoque
2056 496 2192 529 videbit

1211 555 1342 581 orator.
1368 548 1457 582 Nam
1470 549 1703 582 urbanissime
1719 561 1758 582 ac
1772 548 2044 593 prudentissime
2058 547 2192 579 dictum

1212 606 1272 640 est,
1299 597 1509 632 rhetoricam
1528 600 1737 643 particulam
1756 612 1827 633 esse
1843 601 1906 643 τῆς
1926 598 2193 640 κολακευτικῆς.

1490 684 1547 717 De
1573 683 1781 719 iuridiciali
1808 689 1926 719 statu.

1313 751 1411 785 Sicut
1437 751 1681 784 coniecturalis
1705 757 1814 785 status
1839 764 1879 785 ex
1897 751 2120 797 quaestione,
2148 761 2193 782 an

1211 802 1256 836 sit
1285 802 1433 842 factum,
1475 801 1648 839 nascitur,
1690 802 1738 835 ita
1773 809 1880 835 status
1911 801 2119 835 iuridicialis
2153 812 2193 833 ex

1212 853 1436 898 quaestione,
1470 852 1572 897 quale
1599 852 1643 885 sit
1667 852 1815 893 factum,
1845 853 1969 888 oritur.
2029 850 2194 895 Disputat

1213 904 1328 944 enim,
1362 910 1482 936 utrum
1506 903 1582 935 iure
1605 902 1739 947 aliquid
1761 903 1804 936 sit
1829 904 1979 943 factum,
2005 908 2065 935 aut
2086 912 2196 940 secus,

1213 955 1330 999 itaque
1346 954 1543 997 appellatur
1556 965 1573 984 a
1593 953 1707 986 Fabio
1726 954 1905 998 qualitatis
1920 960 2040 987 status.
2069 950 2197 985 Graeci

1213 1011 1340 1037 vocant
1365 1000 1656 1051 ὃικαιολόγικογ,
1686 1004 1768 1049 quia
1787 1005 1828 1037 de
1851 1004 1927 1037 iure
1953 1004 2126 1048 disputat,
2157 1007 2197 1034 ut

1213 1054 1253 1089 C.
1282 1053 1406 1088 Caesar
1431 1066 1503 1086 non
1527 1061 1577 1087 est
1603 1054 1679 1087 iure
1710 1055 1924 1090 interiectus.
1986 1054 2121 1087 Iustum
2145 1057 2197 1085 est

1213 1107 1308 1139 fures
1333 1105 1556 1147 suspendere.
1610 1104 1716 1138 Tales
1742 1117 1865 1139 causae
1894 1103 2026 1138 habent
2058 1103 2196 1136 easdem

1215 1163 1329 1200 partes
1345 1155 1534 1195 orationis,
1559 1167 1644 1199 quas
1661 1167 1764 1199 supra
1784 1155 1960 1188 recensui:
1989 1153 2198 1192 Exordium,

1214 1206 1480 1246 Narrationem,
1526 1205 1827 1249 Proposifionem,
1869 1204 2200 1242 Confirmationem‚

1215 1256 1501 1291 Confutationem
1521 1263 1553 1289 et
1564 1255 1840 1297 perorationem,
1858 1267 1896 1289 ac
1912 1264 2066 1290 caeterae
2083 1260 2199 1298 partes

1215 1320 1288 1341 non
1305 1308 1493 1352 requirunt
1509 1319 1598 1339 nova
1624 1314 1825 1351 praecepta,
1854 1313 1989 1340 tantum
2013 1305 2199 1338 confirma-

1215 1359 1265 1392 tio
1283 1370 1320 1391 ac
1337 1358 1529 1390 confutatio
1549 1355 1680 1391 habent
1696 1369 1807 1390 novos
1832 1358 1937 1392 locos.
1990 1355 2082 1390 Sunt
2104 1354 2200 1387 enim

1215 1409 1345 1441 diversi
1370 1407 1438 1440 loci
1463 1408 1683 1440 diversorum
1708 1414 1882 1445 statuum,
1917 1407 2000 1453 quia
2034 1417 2116 1439 vero
2141 1401 2200 1436 hic

1216 1465 1324 1492 status
1343 1465 1436 1491 totus
1456 1464 1615 1490 versatur
1631 1458 1721 1490 circa
1739 1458 1824 1490 iuris
1836 1458 2090 1502 quaestionem.
2116 1453 2199 1488 Ideo

1216 1510 1283 1542 loci
1302 1515 1491 1542 sumuntur
1506 1520 1524 1540 a
1545 1507 1825 1541 Iurisconsultis:

1388 1558 1533 1593 Natura.

1390 1608 1474 1644 Lex.

1395 1658 1632 1693 Consuetudo.

1283 1708 1505 1755 ''Aequum,
1533 1711 1687 1750 bonum,
1715 1710 1929 1751 iudicatum,
1955 1716 2106 1754 pactum.
2151 1709 2201 1743 Hi

1218 1761 1284 1794 loci
1305 1762 1483 1805 pertinent
1507 1763 1550 1794 ad
1576 1773 1716 1794 causam
1740 1761 1947 1795 efficientem
1973 1762 2067 1805 apud
2091 1761 2202 1794 diale-

1217 1812 1333 1846 cticos.
1390 1811 1448 1845 lus
1473 1819 1523 1845 est
1547 1812 1641 1844 enim
1669 1813 1763 1856 quod
1786 1812 1975 1856 suscipitur
1998 1811 2201 1855 impellente

1218 1863 1273 1895 vel
1291 1863 1443 1895 naturali
1467 1863 1562 1902 iure,
1589 1862 1644 1895 vel
1669 1863 1795 1905 scripta
1821 1863 1906 1905 lege.
1959 1861 2057 1904 Quid
2083 1861 2126 1894 sit
2147 1862 2202 1894 ius

1219 1920 1364 1946 naturae
1376 1937 1385 1951 ‚
1412 1913 1498 1957 quid
1518 1913 1571 1945 lex
1588 1913 1727 1956 scripta,
1756 1924 1845 1957 quae
1861 1912 2080 1945 consuetudo
2097 1908 2203 1945 habet

1219 1964 1463 2003 autoritatem,
1490 1975 1508 1995 a
1530 1962 1780 1996 lureconsultis
1797 1963 2005 1995 sumendum
2023 1969 2084 1995 est.
2129 1961 2202 1995 Nos

1193 2023 1195 2027 ⁴
1219 2014 1304 2048 olim
1321 2013 1524 2047 addidimus
1541 2013 1656 2046 locum
1673 2013 1866 2055 religionis,
1893 2014 1952 2045 sed
1971 2013 2006 2045 in
2026 2013 2099 2056 lege
2117 2013 2202 2046 scri-

1220 2071 1276 2110 pta
1293 2061 1545 2108 comprehendi
1564 2070 1687 2107 potest.
1740 2062 1830 2096 Nam
1855 2063 1940 2107 legis
1955 2064 2103 2107 scriptae
2124 2074 2205 2107 spe-

1221 2116 1290 2149 cies
1311 2121 1393 2148 sunt
1415 2115 1469 2147 lex
1494 2115 1614 2147 divina
1638 2121 1671 2147 et
1691 2113 1746 2146 lex
1770 2111 1936 2149 humana.
1999 2114 2066 2148 Sed
2092 2115 2202 2147 adde-

1528 2265 1688 2311 Suntque
1706 2266 1752 2299 ita
1771 2267 1961 2299 exercenda
1978 2265 2117 2309 ingenia
2129 2292 2138 2306 ‚
2164 2270 2203 2299 ut

1223 2379 1284 2412 per
1301 2379 1422 2401 omnes
1438 2368 1544 2408 locos,
1566 2374 1598 2401 et
1617 2367 1889 2408 consideremus,
1916 2380 1956 2401 ex
1972 2367 2100 2412 quibus
2115 2363 2204 2399 hau-

1223 2418 1288 2452 riri
1302 2425 1382 2462 apta
1399 2418 1543 2452 materia
1563 2419 1682 2462 possit.
1725 2417 1804 2451 Non
1822 2418 1915 2450 enim
1932 2428 2068 2461 semper
2084 2417 2204 2450 omni-

1224 2470 1288 2502 bus
1306 2468 1392 2502 locis
1409 2469 1460 2501 uti
1484 2481 1679 2512 possumus-
1733 2468 1801 2502 Sed
1821 2468 1937 2502 idonei
1955 2467 2146 2512 quaerendi
2171 2473 2205 2500 et

1223 2520 1462 2564 amplificandi
1478 2526 1571 2554 sunt.

1328 2569 1459 2611 Inicio,
1487 2576 1597 2603 status
1616 2570 1752 2614 negocii
1770 2581 1829 2603 seu
1854 2569 2048 2614 propositio
2074 2568 2205 2602 consti-

1225 2621 1354 2655 tuenda
1373 2627 1443 2660 est,
1468 2627 1507 2654 ut
1523 2619 1775 2654 Constantinus
1795 2620 1987 2664 imperator
2008 2625 2099 2653 recte
2113 2618 2205 2659 fecit,

1224 2672 1319 2716 quod
1359 2671 1491 2705 bellum
1527 2671 1667 2705 Licinio
1707 2670 1847 2712 intulit,
1900 2670 2203 2704 defendendorum
