2379 2948
134 71 231 112 1025

737 70 802 107 IX.
856 67 1225 107 COMMENTARII
1260 70 1311 106 IN
1345 71 1589 114 PSALMOS.

2077 78 2174 115 1026

133 170 232 199 vera,
256 157 370 199 bona,
395 157 506 199 iusta,
533 163 567 191 et
593 168 675 190 vere
703 157 829 191 nolens
857 156 1059 197 mendacia,
1095 163 1129 191 et
1149 164 1154 214 }
1178 157 1232 190 bis
1250 157 1525 201 mitigationem:
1553 157 1717 193 Domine
1742 171 1784 193 ne
1809 158 1848 194 in
1865 160 1999 209 surore
2023 167 2085 198 tuo
2108 178 2172 199 αι·-

131 209 252 243 omnia
275 208 368 244 dicta
385 215 419 243 et
436 209 525 243 facta
543 208 737 253 pugnantia
763 220 843 242 cum
867 219 928 241 sua
947 207 1127 241 voluntate
1151 218 1153 224 ·

356 257 409 293 Ac
431 260 585 293 sumitur
607 272 647 292 ex
672 256 738 292 hoc
756 259 833 291 loco
855 270 937 291 vera
956 265 989 291 et
1004 270 1125 291 neces·
1150 267 1151 270 ’

132 267 166 294 et
182 261 302 295 verbo.

129 311 220 345 saria
236 311 419 352 doctrina,
448 322 537 356 quae
552 310 715 343 adfirmat
730 308 845 342 Deum
863 321 935 342 non
953 320 1025 342 esse
1043 322 1126 342 cau-

131 373 205 396 sam
224 362 376 407 peccati,
403 373 467 395 nec
484 361 574 394 velle
590 372 654 393 nec
670 361 868 404 adprobare
889 367 1082 404 peccatum.

236 420 313 454 Hoc
335 421 412 454 loco
437 427 469 453 et
495 418 695 453 testimonia
722 416 892 452 Iohannis
917 419 950 454 8.
985 425 1017 452 et
1037 419 1123 452 alibi

132 473 262 507 tradita
286 472 469 515 cogitanda
485 476 587 510 sunt,
613 477 652 503 ut
669 482 750 502 vere
767 476 978 510 statuamus,
1007 470 1122 503 Deum
1149 498 1150 501 ,

130 524 230 557 nolle
252 529 285 556 et
305 525 472 556 damnare
497 527 656 565 peccata,
683 527 716 554 et
739 522 830 554 serio
854 533 1124 565 expavescamus

131 582 228 609 metu
243 574 315 607 irae
330 572 416 613 Dei,
443 578 476 605 et
498 571 674 615 fugiamus
701 572 821 605 omnia
846 584 936 618 quae
962 579 1123 617 pugnant

130 637 210 659 cum
229 626 335 658 verbo
349 623 427 658 Dei.

232 683 274 718 In
298 689 394 716 sexto
421 694 523 715 versu
547 682 690 716 recitata
721 689 822 716 antea
848 682 1004 723 ratione,
1039 683 1123 727 petit
1148 699 1149 727 3

130 735 240 770 deleri
268 734 485 779 perniciosos
508 735 685 768 doctores:
721 730 874 773 Perdes,
903 734 1038 780 inquit,
1069 732 1122 767 lo-

129 790 276 834 quentes
294 782 538 820 mendacium.

231 845 372 879 Deinde
402 844 440 878 in
469 852 593 878 octavo
619 856 723 878 versu
749 842 936 878 antithesis
969 844 1123 885 additur,

129 896 214 942 petit
232 905 269 930 ut
287 896 381 930 Deus
401 904 495 940 regat
511 898 673 929 doctores
699 903 731 930 et
747 894 940 929 Ecclesiam
959 908 1040 929 vera
1057 897 1122 929 do-

128 948 244 982 ctrina
262 955 295 982 et
312 948 403 981 veris
419 960 458 981 ac
476 948 543 992 piis
562 947 732 982 consiliis.

127 1169 240 1207 pestes
257 1161 413 1195 exitiales
431 1161 473 1194 iis
488 1160 548 1206 qui
564 1160 790 1204 decipiuntur
803 1187 811 1200 ,
837 1167 876 1193 ut
891 1158 1047 1204 Caiphae
1065 1173 1119 1192 ra-

126 1214 177 1248 tio
202 1211 360 1247 humano
393 1212 526 1245 iudicio
551 1223 623 1244 non
649 1219 784 1254 poterat
817 1219 986 1252 statuere,
1023 1210 1117 1244 hunc
1144 1230 1145 1259 3
1170 1245 1220 1277 §.a
1253 1244 1284 1278 ,s
1332 1252 1342 1279 t

1189 1257 1258 1288 ¹0⁰¹
1277 1257 1326 1278 lca
1346 1271 1354 1281 .

127 1263 242 1298 lesum
260 1264 483 1304 crucifixum,
510 1274 582 1296 esse
594 1261 724 1295 Filium
736 1262 802 1294 Dei
821 1270 855 1296 et
873 1262 1058 1302 Messiam,
1087 1269 1119 1295 et

126 1323 244 1350 tamen
266 1327 366 1348 error
382 1311 557 1358 Caiphae,
584 1313 652 1356 ipsi
668 1320 701 1346 et
719 1314 796 1346 aliis
814 1314 920 1347 exitio
936 1313 1015 1347 fuit.

231 1373 272 1407 ln
295 1374 364 1406 fine
380 1380 590 1418 repetuntur
613 1373 852 1416 precationes,
881 1373 1012 1418 quibus
1034 1372 1121 1416 petit

125 1433 165 1461 ut
183 1425 285 1469 impii
305 1426 466 1458 doctores
483 1432 515 1458 et
532 1424 786 1468 gubernatores
803 1425 1063 1468 reprimantur,
1087 1431 1117 1456 et

125 1484 269 1512 econtra
295 1477 533 1510 defendantur
562 1475 613 1520 pii
644 1481 677 1508 et
701 1475 873 1508 salutares
896 1476 1059 1508 doctores
1089 1481 1119 1507 et
1146 1502 1148 1514 ,

125 1530 390 1573 gubernatores.

228 1578 385 1613 Ultimus
404 1577 600 1611 versiculus
623 1583 674 1611 est
690 1577 898 1622 promissio,
926 1590 1014 1623 quae
1036 1590 1121 1611 con-

126 1631 260 1665 solatur
276 1630 371 1674 pios,
400 1642 444 1662 ne
462 1629 563 1662 fracti
580 1629 826 1673 desperatione
848 1629 1017 1663 abiiciant
1040 1642 1122 1673 pro-

123 1683 313 1716 fessionem
345 1688 377 1714 et
404 1680 626 1713 functionem
652 1692 755 1713 verae
777 1680 960 1714 doctrinae
992 1693 1120 1725 propa-

127 1735 276 1778 gandae:
304 1744 343 1765 ac
371 1739 518 1765 testatur
542 1730 657 1764 iuvari
683 1731 775 1774 pios,
800 1743 863 1764 nec
892 1743 992 1776 posse
1018 1744 1122 1775 pror-

126 1797 186 1819 sus
202 1783 312 1818 deleri
331 1784 373 1816 ab
394 1783 523 1827 impiis.

127 1834 232 1870 Sicut
248 1839 368 1874 scuto,
389 1834 526 1882 facore
543 1837 605 1866 tuo
623 1844 778 1866 coronas
795 1845 874 1869 nOS.

261 1939 601 1984 Aryumentum
630 1948 681 1971 ac
706 1937 967 1982 dispositio

496 2004 656 2044 Psalmi
688 2004 763 2045 Vl.

180 2080 360 2122 Domine,
386 2090 434 2113 ne
452 2081 491 2113 in
503 2076 637 2124 furore
653 2083 717 2113 tuo
735 2089 881 2125 arguas
898 2089 974 2120 me,
999 2082 1070 2112 etc.

233 2145 362 2179 Petitio
387 2152 439 2180 est
464 2147 568 2190 plena
594 2145 877 2180 tristissimorum
908 2152 940 2178 et
965 2142 1119 2178 horribi-

130 2197 219 2232 lium
236 2197 449 2239 adfectuum,
474 2209 563 2242 quos
582 2195 744 2231 homines
762 2197 850 2230 ebrii
870 2197 1123 2240 voluptatibus,

129 2255 191 2283 aut
214 2248 275 2293 qui
299 2245 433 2281 habent
454 2249 591 2282 animos
607 2255 794 2293 occupatos
817 2247 910 2281 curis
931 2260 1039 2292 opum
1064 2256 1123 2282 aut
1148 2245 1150 2279 l

756 2300 825 2334 Sed
853 2300 967 2333 Adam
998 2299 1123 2332 videns
1149 2329 1150 2332 ,

130 2363 252 2385 necem
278 2350 360 2390 filii,
393 2349 509 2384 David
538 2352 659 2394 pulsus
687 2351 724 2384 in
758 2351 924 2392 exilium,
957 2348 1123 2384 Ezechias
1149 2378 1150 2381 ,

130 2299 355 2339 ambitionis,
382 2311 456 2332 non
482 2300 701 2343 intelligunt.

130 2403 303 2436 clamans:
331 2400 430 2435 Sicut
451 2401 506 2435 leo
525 2402 692 2436 contrivit
709 2403 829 2436 omnia
851 2414 927 2435 ossa
944 2414 1040 2443 mea,
1070 2402 1123 2436 Ie—

130 2454 260 2487 remias
278 2452 401 2486 videns
423 2452 598 2486 excidium
624 2454 776 2497 patriae,
803 2451 967 2487 Christus
994 2455 1124 2487 sudans
1149 2474 1151 2496 1

1149 2510 1151 2530 ἶ
1177 2507 1247 2540 Nec
1266 2507 1503 2540 ministerium
1530 2507 1566 2539 in
1588 2505 1652 2540 hac
1672 2507 1760 2548 vita,
1788 2520 1850 2541 nec
1866 2508 2020 2544 Ecclesia
2046 2512 2081 2545 in
2111 2526 2168 2547 ae-

131 2505 361 2549 saqguinem‚
378 2502 442 2537 hos
459 2504 603 2537 affectus
621 2504 883 2539 intellexerunt.
924 2506 1015 2538 Cum
1029 2505 1122 2538 enim

131 2562 327 2600 agnoscunt
353 2555 465 2588 animi
487 2555 575 2588 iram
603 2554 688 2594 Dei,
716 2562 750 2588 et
774 2568 809 2588 se
829 2557 1023 2590 subiiciunt
1043 2569 1122 2600 poe-

132 2608 206 2648 nis,
233 2614 292 2640 aut
307 2618 342 2640 se
359 2607 462 2640 valde
477 2618 582 2650 supra
606 2606 700 2639 vires
724 2607 838 2650 premi
862 2608 1038 2646 sentiunt,
1067 2615 1126 2642 aut
1151 2606 1152 2612 ¹

132 2665 298 2692 metuunt
326 2665 506 2692 aeternam
531 2657 779 2698 reiectionem,
817 2665 940 2702 petunt
967 2657 1022 2692 his
1049 2671 1125 2692 ver-

187 2711 364 2742 Mummi.
394 2711 497 2743 Orza.
528 2710 609 2741 Vor.
632 2710 726 2742 XIII.

1146 895 1147 898 ¹
1174 887 1230 920 tu,

1145 941 1148 976 ἦ
1171 944 1294 964 omnes
1312 943 1396 972 nos,
1425 945 1468 965 ne
1488 933 1647 966 irasceris
1663 932 1818 967 Domine
1843 936 1953 969 valde.

230 1007 272 1041 In
299 1020 395 1040 nono
422 1018 524 1041 versu
552 1007 700 1040 illustris
730 1006 922 1051 descriptio
962 1013 1013 1040 est
1041 1019 1120 1051 per-
1145 1000 1147 1028 ς
1173 981 1295 1027 phetae
1321 984 1514 1017 subiiciunt
1543 985 1686 1029 quidem
1718 997 1754 1018 se
1786 986 1927 1030 poenis,
1962 989 2020 1020 sed
2044 996 2169 1032 petunt

127 1060 345 1094 niciosomm
379 1060 586 1099 doctorum,
618 1058 680 1090 ubi
711 1058 797 1091 dicit
820 1057 977 1091 blandiri
1004 1056 1119 1091 homi·
1172 1034 1428 1076 mitigationem
1455 1044 1497 1094 et·
1514 1037 1749 1095 deprecantur
1768 1045 1950 1071 aeternum
1971 1039 2167 1081 interitum,

127 1123 214 1145 num
240 1110 382 1144 iudIciis
415 1109 542 1154 impias
574 1109 782 1153 opiniones,
817 1111 876 1142 sed
907 1117 1023 1143 tamen
1049 1121 1120 1141 esse
1145 1105 1147 1124 ³
1171 1092 1203 1118 et
1221 1098 1367 1118 suorum
1386 1086 1653 1132 na1'0s*⁸¹99‘(⁴⁷''

1147 1625 1149 1630 ‘
1175 1619 1302 1665 exarsit
1326 1621 1585 1653 commiseratio
1610 1634 1698 1657 mea.

1148 1686 1149 1690 =
1176 1670 1248 1702 irae
1266 1682 1381 1711 meae,
1409 1670 1488 1704 Non
1508 1673 1649 1714 perdam
1668 1671 1841 1716 Ephraim
1855 1702 1863 1714 ,
1892 1676 1972 1720 quia
1991 1676 2087 1711 Deus
2106 1690 2168 1722 ego

1148 1733 1149 1739 ¹
1175 1732 1270 1760 sum,
1299 1729 1330 1754 et
1349 1735 1420 1755 non
1439 1720 1563 1763 homo,
1599 1722 1637 1756 In
1659 1725 1773 1757 medio
1793 1728 1845 1759 tui
1864 1735 2023 1768 sanctus,
2053 1730 2087 1762 id
2107 1737 2167 1771 est,

579 1780 620 1814 In
639 1782 844 1815 dulcissima
864 1782 974 1826 figura
993 1784 1120 1817 utitur:
1149 1800 1150 1807 κ

1148 1848 1150 1855 ,
1178 1831 1321 1867 propter
1342 1824 1375 1856 id
1402 1825 1495 1858 inter
1514 1837 1573 1858 vos
1591 1823 1733 1865 habito,
1763 1840 1827 1861 nec
1852 1829 1993 1872 penitus
2018 1844 2079 1865 vos
2104 1833 2170 1865 do—

1149 1860 1150 1880 ³
1176 1874 1267 1908 lebo.

1176 220 1274 254 guas
1293 220 1365 247 me,
1389 209 1423 242 id
1447 217 1515 251 est,
1542 223 1586 244 ne
1604 218 1712 244 totam
1734 212 1823 245 iram
1842 213 2021 255 effundas,
2049 228 2092 250 ne
2115 230 2170 251 me

1177 260 1214 292 in
1237 266 1421 293 aeternum
1448 261 1631 295 interitum
1670 262 1833 304 abiicias,
1867 276 1911 296 ne
1938 272 2084 309 propter
2114 281 2170 302 me

1176 318 1322 354 vagetur
1338 323 1449 354 poena
1468 324 1531 355 per
1548 313 1716 346 familiam
1742 321 1848 347 totam
1876 322 1909 348 et
1925 323 2044 358 gentes
2069 325 2170 361 totas,

1175 369 1213 395 ut
1230 361 1316 396 Saul
1337 362 1504 395 abiicitur
1529 364 1565 395 in
1589 372 1771 397 aeternum
1801 366 1964 400 exitium:
2001 375 2034 401 et
2059 368 2170 403 Davi-

1175 413 1230 446 dis
1248 425 1360 457 poena
1379 420 1524 455 vagatur
1543 426 1603 458 per
1619 415 1789 448 familiam
1815 425 1847 451 et
1862 417 2063 452 universam
2081 432 2168 464 gen—

1175 471 1243 498 tem
1258 491 1266 505 ,
1290 472 1320 497 et
1338 461 1561 498 horribiliter
1576 466 1804 500 cumulantur
1821 469 1949 503 scelera
1965 477 1998 504 et
2015 472 2130 507 exitia.

1288 523 1401 567 Saepe
1443 530 1559 556 autem
1605 532 1767 568 repetunt
1803 523 1893 560 hanc
1930 529 2168 571 precationem

1175 572 1382 618 Prophetae.
1438 573 1483 607 [It
1506 574 1668 608 [eremias
1689 576 1804 621 inquit
1823 590 1896 622 cap.
1917 580 1990 611 10.:
2019 579 2168 626 Corripe

1173 638 1228 658 me
1251 625 1425 666 Domine,
1459 638 1531 658 non
1556 627 1592 658 in
1618 627 1737 659 furore
1763 635 1840 668 tuo,
1882 641 1925 661 ne
1949 630 1986 662 in
2013 629 2166 666 nihilum

1173 677 1310 719 redigas
1335 689 1409 719 me,
1451 677 1594 710 effunde
1627 677 1911 720 indignationem
1938 687 2032 714 tuam
2065 695 2169 727 snper

1173 736 1310 771 gentes,
1345 740 1434 772 quae
1461 735 1495 762 te
1529 741 1600 761 non
1627 736 1816 765 noverunt.
1877 729 1923 764 Et
1950 732 2092 766 Abacuc
2118 735 2168 770 3.:

1172 778 1262 812 Cum
1300 779 1479 819 irasceris,
1533 780 1797 813 misericordiae
1842 788 1922 814 tuae
1963 786 2167 819 recorderis.

1172 828 1218 863 Et
1235 829 1361 863 Esaiae
1380 830 1458 865 64.:
1491 829 1532 864 Et
1561 843 1656 864 nunc
1682 830 1836 864 Domine
1863 832 1967 866 Pater
1991 843 2110 869 noster
2134 849 2168 869 es

1266 892 1329 913 nos
1364 894 1446 915 vero
1479 882 1616 923 lutum,
1651 889 1683 916 et
1713 895 1818 926 opera
1849 896 1993 918 manum
2026 893 2167 921 tuarum

2008 936 2056 971 lta
2079 937 2168 971 Pro·

1273 1142 1324 1176 Ac
1343 1145 1490 1187 repetita
1509 1153 1559 1179 est
1584 1146 1736 1188 precatio
1765 1147 1801 1179 in
1827 1155 1984 1192 quatuor
2007 1150 2168 1184 versibus

1171 1191 1255 1226 haec
1289 1195 1472 1238 repetitio,
1509 1203 1689 1242 utcunque
1720 1199 2001 1241 magnitudinem
2033 1201 2168 1235 doloris

1273 1311 1381 1347 Ratio
1406 1321 1523 1347 autem
1551 1312 1609 1347 hic
1627 1322 1658 1348 et
1682 1316 1767 1349 alias
1790 1317 1825 1349 in
1851 1316 2041 1362 Prophetis
2067 1321 2169 1353 addi-

1173 1370 1249 1402 tur,
1296 1372 1440 1408 propter
1475 1378 1580 1409 quam
1619 1367 1791 1409 mitigatio
1830 1369 1981 1411 petitur,
2024 1372 2169 1411 scilicet,

1173 1414 1256 1458 quia
1275 1413 1370 1448 Deus
1389 1422 1439 1449 est
1455 1416 1670 1457 misericors,
1700 1418 1769 1450 imo
1789 1425 1821 1451 et
1843 1421 2005 1462 promisit
2029 1423 2170 1466 mitiga-

1173 1466 1307 1498 tionem
1331 1479 1546 1510 poenarum,
1586 1475 1624 1501 nt
1651 1467 1766 1502 Oseae
1793 1470 1847 1503 11.
1882 1471 2031 1506 dicitur:
2068 1474 2170 1516 Quo*

1174 1518 1280 1549 modo
1308 1519 1399 1551 dabo
1426 1525 1458 1551 te
1486 1516 1685 1562 Ephraim?
1744 1519 1802 1553 An
1829 1522 1917 1556 sicut
1942 1524 2077 1558 Adama
2102 1537 2168 1569 po-

1175 1580 1256 1600 nam
1281 1570 1340 1601 te?
1395 1568 1470 1603 Imo
1496 1582 1706 1604 conversum
1732 1580 1782 1605 est
1805 1572 1841 1605 in
1863 1585 1918 1605 me
1952 1587 2011 1608 cor
2040 1588 2170 1618 meum,

1752 1622 1832 1656 'Non
1859 1624 1984 1658 faciam
2011 1627 2169 1660 furorem

1176 1773 1321 1816 patefeci
1350 1786 1404 1806 me
1430 1774 1547 1814 vobis,
1575 1775 1705 1807 tradidi
1738 1777 1839 1810 vobis
1864 1780 2010 1812 verbum
2037 1793 2168 1819 meum,

1322 1873 1367 1907 Et
1399 1874 1548 1908 Ioe12.:
1585 1876 1790 1911 Misericors
1821 1887 1870 1912 est
1904 1879 2098 1923 Dominus,
2135 1890 2169 1917 et

1178 1926 1332 1969 poenitet
1357 1939 1435 1958 eum
1456 1928 1557 1968 rnali,
1587 1928 1621 1960 id
1642 1935 1709 1969 est,
1737 1930 1874 1973 mitigat
1892 1943 2052 1974 poenam,

1278 1992 1400 2027 Altera
1420 1995 1508 2028 ratio
1527 2003 1597 2034 est,
1626 2008 1670 2029 ne
1689 1998 1831 2040 penitus
1850 1999 2076 2043 extinguatur
2103 2015 2169 2036 no-

1149 2037 1151 2046 ’
1177 2045 1256 2077 ticia
1276 2044 1358 2085 Dei,
1386 2052 1418 2078 et
1436 2046 1512 2079 laus
1531 2047 1793 2081 misericordiae
1821 2056 1852 2082 et
1880 2051 2050 2085 bonitatis
2081 2055 2165 2087 eius.

1149 2105 1150 2141 ξ
1175 2093 1264 2129 Non
1283 2096 1388 2128 estin
1404 2101 1517 2130 morte
1541 2098 1758 2145 ‹suimemor
1779 2104 1826 2133 Sil
1854 2101 1926 2139 tui,
1955 2101 1992 2134 in
2020 2103 2168 2151 inferno

1176 2147 1256 2192 quis
1275 2145 1502 2192 confilehilur
1519 2149 1598 2184 libi.
1640 2150 1765 2194 Mitiga
1785 2164 1913 2195 poenas
1931 2161 1962 2186 et
1983 2167 2080 2188 serva
2102 2168 2167 2195 me,

1176 2207 1212 2232 ut
1233 2199 1360 2232 noticia
1380 2207 1437 2232 tua
1458 2209 1687 2245 propagetur:
1718 2203 1798 2235 item
1822 2212 1858 2237 ut
1883 2215 1980 2246 agam
2004 2206 2066 2238 tibi
2088 2218 2168 2250 gra-

1175 2251 1260 2290 tias,
1288 2251 1460 2284 celebrem
1486 2260 1584 2285 tuum
1610 2253 1819 2286 beneficium
1849 2261 1881 2287 et
1905 2262 1999 2287 tuam
2029 2258 2168 2291 miseri-

1175 2302 1343 2337 cordiam.
1406 2301 1456 2336 lta
1484 2311 1628 2347 propter
1656 2304 1802 2346 gloriam
1831 2303 1895 2337 Dei
1922 2306 2167 2342 liberationem

1176 2354 1339 2397 petimus.
1394 2353 1493 2387 Sicut
1516 2361 1678 2398 precatur
1710 2354 1807 2387 losue
1841 2356 1877 2390 in
1909 2368 2045 2391 summo
2070 2361 2167 2405 peri-

1176 2405 1272 2438 culo:
1303 2404 1400 2447 Quid
1420 2405 1523 2438 facies
1540 2417 1666 2448 magno
1685 2406 1823 2438 nomini
1840 2413 1913 2440 tuo.
1955 2407 2002 2442 Et
2020 2409 2056 2442 in
2068 2409 2167 2444 Psal-

1175 2469 1233 2489 mo
1262 2456 1408 2488 dicitur:
1443 2456 1522 2489 Non
1556 2457 1685 2489 mortui
1721 2457 1918 2492 laudabunt
1942 2466 1974 2492 te
1998 2458 2164 2498 Domine.

1177 2565 1317 2591 ternum
1343 2558 1559 2591 celebratura
1575 2556 1688 2591 Deum
1707 2566 1812 2600 esset,
1840 2560 1867 2593 si
1884 2559 1980 2594 Deus
2004 2576 2076 2596 non
2101 2565 2167 2597 mi-

1179 2609 1303 2652 tigaret
1327 2608 1435 2648 iram,
1469 2615 1507 2642 ut
1534 2616 1567 2642 et
1590 2609 1626 2642 in
1652 2607 1717 2643 hac
1744 2611 1814 2645 vita
1836 2612 1907 2645 sint
1930 2613 2107 2653 doctores,
2136 2624 2167 2649 et

1152 2666 1155 2688 ¹.
1182 2667 1300 2703 postea
1325 2666 1444 2693 coetus
1467 2660 1504 2692 in
1521 2667 1660 2694 aeterna
1685 2661 1756 2695 vita
1771 2661 1886 2696 Deum
1912 2665 2107 2699 celebrans:
2137 2674 2170 2700 et

1647 2711 1694 2746 65
