2379 2948
239 94 333 130 1083

336 176 467 211 Versus
485 175 640 209 decimus
658 179 689 206 et
705 171 913 205 undecimus
931 170 1160 203 concionatur
1176 171 1218 201 de

234 232 350 263 fructu
379 226 559 272 passioniS.
621 224 713 266 Quia
739 223 789 255 ira
814 228 872 254 tna
900 222 1031 264 placata
1060 228 1108 254 est
1143 232 1216 252 mea

234 279 453 317 obedientia,
481 275 570 309 lianc
588 281 682 307 tuam
700 272 873 306 iusticiam
889 284 1049 304 arcanam
1068 278 1100 305 et
1117 271 1219 313 igno-

236 338 307 364 tam
326 329 460 362 mundo
481 326 696 370 praedicavi,
724 324 759 356 id
776 329 848 362 est,
883 322 1079 366 praedicavi
1101 320 1218 354 Evan-

236 381 384 424 gelinm,
413 385 451 411 ut
474 389 557 409 voce
573 374 758 417 Evangelii
782 373 884 406 multi
909 373 1104 416 acciperent
1129 370 1219 403 banc

237 430 428 468 iusticiam,
455 429 490 460 id
506 434 572 466 est,
599 427 780 458 crederent
804 435 838 456 se
863 424 968 467 recipi
990 429 1130 466 propter
1154 433 1220 459 me,

237 488 271 514 et
296 481 364 513 iam
390 491 425 511 se
449 479 558 511 iustos
582 475 810 520 pronunciari
834 472 898 507 hac
922 474 1057 507 iusticia
1080 485 1142 516 per
1167 484 1221 504 me

237 531 416 576 patefacta.
469 528 519 562 lta
543 539 642 570 saepe
660 527 744 559 alias
762 525 922 566 adiungit
945 524 1097 568 passioni
1122 535 1221 567 prae-

237 581 447 615 dicationem
463 578 668 621 Evangelii,
697 584 735 609 ut
760 575 851 609 Psal.
868 577 945 610 22:
973 575 1132 607 Narrabo
1157 586 1221 605 no-

238 644 318 664 men
342 638 442 664 tuum
468 630 636 662 fratribus
666 628 763 660 meis.
825 626 899 659 Nisi
926 626 1019 658 enim
1047 626 1222 657 accederet

239 681 451 726 praedicatio
480 678 685 722 Evangelii,
730 683 885 710 maneret
922 670 1080 719 ignotum
1117 677 1222 707 bene-

238 733 374 771 ficium,
406 743 470 763 nec
495 729 731 773 applicaretur
757 726 981 760 hominibus:
1009 738 1148 760 necesse
1175 732 1223 758 est

240 783 348 826 igitur
365 793 489 815 sonare
507 792 627 813 vocem
647 778 829 821 Evangelii
851 778 886 809 in
906 776 1073 810 Ecclesia.

341 841 533 885 Sequentes
548 850 668 871 versus
685 844 765 871 sunt
791 836 941 880 precatio
965 843 998 869 et
1023 835 1145 878 petitio
1164 847 1224 867 au-

239 892 316 926 xilii
329 918 336 931 ‚
363 892 465 935 plena
483 890 763 923 tristissimorum
782 888 985 920 affectuum:
1015 884 1116 931 Quia
1136 897 1225 924 vero,

240 942 374 987 inquit,
426 936 741 986 apprehenderunt
779 949 832 970 me
864 936 1078 983 iniquilales
1114 947 1223 968 meae.

240 993 341 1026 Hanc
367 998 499 1036 partem
527 991 649 1022 volunt
674 989 812 1021 recitari
836 988 872 1020 in
898 1000 1044 1032 persona
1068 986 1225 1020 Davidis.

240 1044 301 1077 sed
318 1043 466 1076 sciamus
494 1041 596 1074 etiam
615 1037 796 1073 Christum
821 1039 867 1071 sic
889 1039 1006 1082 loqui,
1034 1038 1094 1083 qui
1121 1037 1224 1070 sentit
1252 1055 1254 1071 τ

242 1095 279 1126 in
298 1105 332 1126 se
356 1092 521 1125 translata
548 1102 619 1123 esse
645 1097 762 1122 nostra
791 1094 940 1133 peccata.
992 1089 1030 1122 Id
1060 1096 1109 1121 est
1134 1088 1226 1121 enim

242 1145 315 1177 fieri
334 1141 484 1175 hostiam
507 1153 568 1185 pro
592 1147 750 1184 peccato,
778 1140 948 1173 sustinere
974 1140 1061 1172 iram
1087 1146 1120 1171 et
1146 1150 1225 1182 poe-

243 1207 323 1227 nam
349 1205 387 1226 ac
415 1204 513 1225 reum
539 1192 627 1231 dici,
655 1191 754 1235 quasi
780 1191 852 1234 ipse
876 1202 910 1223 se
935 1190 1146 1234 turpissimis
1164 1202 1228 1221 no-

243 1245 323 1279 stris
349 1243 537 1276 sceleribus
562 1242 754 1285 polluisset.

243 1296 445 1328 militatem:
483 1293 595 1325 Filius
620 1291 703 1331 Dei,
738 1292 800 1336 qui
827 1304 899 1324 non
933 1292 1014 1324 fecit
1038 1298 1230 1335 peccatum,

243 1346 333 1379 iacet
361 1349 554 1388 prostratus
579 1354 695 1375 coram
723 1349 864 1375 aeterno
894 1350 1008 1386 patre,
1036 1349 1068 1374 et
1095 1342 1131 1373 in
1159 1352 1230 1373 sese

245 1396 380 1429 derivat
397 1395 503 1433 iram,
530 1405 568 1425 ac
587 1393 614 1425 si
632 1393 703 1436 ipse
722 1393 904 1436 polluisset
922 1404 955 1425 se
973 1390 1027 1424 bis
1044 1391 1231 1424 horrendis

245 1445 407 1489 flagitiis,
433 1444 560 1488 quibus
582 1454 646 1475 nos
665 1443 781 1475 miseri
798 1443 923 1486 polluti
942 1454 1071 1475 snmus.
1110 1440 1231 1484 Agno-

246 1507 381 1530 scamus
409 1492 500 1527 hanc
527 1491 784 1531 humilitatem,
816 1499 854 1525 ut
877 1504 1019 1535 agamus
1048 1492 1140 1525 Filio
1164 1492 1231 1525 Dei

246 1547 384 1591 gratias,
413 1551 445 1577 et
469 1544 677 1577 beneficium
695 1544 768 1576 eius
787 1544 962 1576 discamus
980 1544 1046 1576 fide
1065 1543 1232 1586 accipere,

248 1605 279 1630 et
297 1596 386 1640 grati
409 1595 635 1628 celebremus.

384 1714 716 1758 Aryumentum
748 1722 798 1744 ac
823 1710 1079 1754 dispositio

584 1777 741 1816 Psalmi
775 1776 891 1815 XLI.

298 1863 440 1895 Beatus
459 1863 521 1905 qui
542 1861 721 1905 intelligi!
739 1869 851 1902 super
864 1869 1090 1901 pauperem,
1118 1860 1156 1892 in
1173 1858 1234 1892 die

301 1913 403 1945 mala
421 1910 594 1945 liberabit
615 1922 696 1944 eum
716 1911 909 1943 Dominus.

809 1239 843 1274 O
861 1241 1134 1274 inenarrabilem
1161 1238 1227 1273 hu-
1254 1254 1255 1262 ¹

827 84 953 120 PHlL.
980 83 1096 121 MEL.
1124 83 1332 119 SCRIPTA
1361 80 1659 118 EXEGET1CA.

1252 1122 1253 1129 ¹
1280 1111 1394 1143 officio
1412 1109 1577 1154 praemia.

1253 1184 1254 1194 2
1281 1162 1386 1194 cidas.

2156 81 2252 116 1084

1270 169 1417 202 ctrinam
1447 168 1505 212 pio
1528 167 1646 201 studio
1672 166 1867 211 amplexos,
1894 172 1927 200 et
1944 167 2064 199 fovent
2078 165 2253 200 Ecclesias

1270 226 1302 253 et
1327 220 1382 262 pia
1399 219 1513 252 studia
1531 230 1657 260 magno
1675 230 1738 250 suo
1752 224 1784 250 et
1801 229 1942 250 suarum
1961 217 2136 250 ditionum
2159 218 2253 261 peri-

1270 271 1359 303 culo.
1403 269 1562 309 fratibus
1580 267 1634 301 hic
1654 267 1813 301 Psalmus
1831 267 2067 300 dulcissimam
2094 268 2254 301 consola-

1270 321 1401 354 tionem
1429 320 1612 364 proponit,
1641 331 1678 351 ac
1704 319 1866 351 adfirmat
1889 317 2003 351 Deum
2028 317 2254 350 defensurum

1271 383 1342 404 esse
1367 369 1430 404 hos
1450 371 1562 414 ipsos,
1596 369 1657 414 qui
1675 369 1813 413 piorum
1836 368 2014 401 aerumnis
2034 367 2257 408 adficiuntur,

1272 429 1304 455 et
1320 422 1367 454 eis
1383 433 1484 464 opem
1503 421 1631 454 ferunt.

1373 478 1473 512 Nihil
1497 479 1724 512 obscuritatis
1751 485 1801 511 est
1826 477 1862 510 in
1880 474 1946 510 hoc
1964 475 2102 509 Psalmo
2118 504 2126 516 ‚
2151 477 2179 508 si
2205 476 2258 508 vi-

1273 538 1342 564 tam
1367 531 1495 573 ipsam,
1533 528 1710 562 Ecclesiae
1736 528 1909 573 pericula,
1935 525 2050 560 hostes
2079 535 2111 561 et
2137 525 2258 570 hospi-

1274 583 1319 615 tia
1345 581 1558 614 intueamur.
1619 579 1775 612 blaxima
1809 590 1887 623 pars
1922 576 2107 611 hominum
2136 584 2259 609 conte-

1274 632 1364 665 mnit
1390 638 1450 664 aut
1474 631 1548 663 odit
1572 629 1784 667 Ecclesiam,
1812 637 1845 662 et
1868 628 2063 661 adsentitur
2087 627 2259 673 tyrannis,

1275 690 1313 716 ut
1339 694 1433 715 nunc
1460 680 1603 724 plurimi
1634 680 1802 713 adiuvant
1835 679 2041 723 pontificum
2068 678 2260 711 saevitiam.

1277 731 1320 766 Et
1338 732 1466 775 singuli
1485 729 1646 764 homines
1664 731 1894 774 experiuntur
1915 741 2044 777 paucos
2062 741 2133 762 esse
2155 728 2261 760 mise-

1278 796 1398 816 rorum
1429 783 1568 815 amicos.
1628 780 1761 826 Estque
1794 781 1975 814 notissima
2001 787 2033 814 et
2064 778 2148 813 haec
2174 790 2260 823 que-

1277 835 1365 867 reta:

1382 894 1488 925 Donec
1506 897 1562 923 eris
1578 894 1655 923 felix
1672 895 1784 922 multos
1803 894 1971 922 numerabis
1989 893 2111 929 amicos,

1431 946 1581 984 Tempora
1600 948 1625 974 si
1640 946 1751 973 fuerint
1770 946 1872 972 nubila
1884 969 1890 981 ,
1920 942 2000 973 solus
2018 944 2083 971 eris.

1368 1008 1522 1041 licontra
1542 1020 1625 1040 vero
1639 1006 1797 1040 Psalnxus
1813 1008 1913 1039 docet
1930 1005 2175 1049 opitulandum
2193 1015 2264 1037 esse

1280 1059 1528 1092 innocentibus
1547 1059 1584 1090 in
1602 1058 1808 1092 calamitate.
1861 1056 1908 1090 Et
1925 1056 2099 1100 promittit
2119 1067 2181 1099 pro
2200 1052 2266 1087 hoc

1630 1107 1857 1151 Praeceptum
1875 1114 1998 1140 notum
2016 1113 2081 1140 est:
2111 1106 2190 1139 Non
2207 1117 2266 1138 oc-

1438 1159 1485 1193 Et
1498 1158 1732 1194 Proverb.24.
1751 1159 1896 1191 dicitur:
1926 1156 2032 1200 Eripe
2048 1169 2105 1190 eos
2124 1156 2184 1201 qui
2200 1157 2267 1189 du-

1253 1218 1255 1250 ξ
1282 1219 1410 1245 cuntur
1428 1213 1469 1244 ad
1490 1218 1655 1249 mortem,
1683 1211 1740 1242 sed
1767 1207 1832 1241 boc
1849 1209 1925 1241 loco
1946 1208 2130 1252 promissio
2148 1206 2267 1240 addita

1254 1282 1255 1302 ;
1283 1270 1348 1295 est:
1379 1260 1518 1294 Beatus
1536 1260 1601 1307 qui
1616 1258 1792 1304 intelligi!
1813 1271 1920 1305 super
1946 1270 2093 1304 egenum
2119 1261 2149 1290 et
2171 1269 2266 1303 pau-

1258 1642 1260 1672 ξ
1286 1623 1350 1655 bus
1367 1621 1509 1666 tyranni
1536 1621 1664 1653 iniusta
1689 1619 1857 1663 supplicia
1876 1620 2067 1652 minantur.

1259 1687 1260 1690 ¹
1287 1673 1370 1706 texit
1399 1672 1494 1705 Deus
1513 1672 1664 1704 Abdiam
1690 1677 1861 1713 tegentem
1885 1668 2094 1713 Prophetas,
2131 1672 2173 1703 de
2199 1681 2267 1713 quo

1280 1324 1416 1359 perem,
1453 1313 1487 1344 id
1512 1319 1581 1348 est,
1620 1312 1681 1355 qui
1710 1311 1871 1343 adficitur
1899 1310 2095 1343 calamitate
2126 1309 2266 1352 piorum

1283 1374 1546 1408 oppressorum:
1573 1361 1614 1395 In
1632 1363 1687 1393 die
1708 1361 1796 1393 mala
1813 1360 1978 1392 liberabit
1994 1371 2071 1392 eum
2082 1358 2266 1392 Dominus.

1386 1420 1460 1453 Hac
1483 1420 1715 1463 promissione
1741 1418 1954 1458 confirmati,
1985 1418 2052 1450 fide
2078 1423 2269 1451 statuamus

1285 1472 1418 1516 placere
1437 1470 1511 1503 Deo
1530 1468 1613 1502 haec
1627 1469 1739 1502 officia
1752 1496 1760 1509 ‚
1786 1469 1905 1510 fugere
1928 1468 2127 1501 societatem
2147 1473 2269 1511 tyran-

1284 1534 1411 1554 norum
1438 1520 1668 1553 saevientium
1695 1520 1731 1551 in
1748 1517 1939 1551 Ecclesiam
1957 1519 2124 1562 praebere
2148 1515 2269 1560 hospi-

1286 1573 1331 1605 tia
1350 1570 1515 1604 Ecclesiis
1540 1577 1571 1602 et
1598 1571 1662 1613 piis
1686 1569 1830 1609 studiis,
1860 1570 1978 1602 fovere
1998 1569 2161 1609 miseros,
2189 1567 2270 1612 qui-

2118 1618 2166 1653 Et
2183 1619 2271 1652 sicut

1288 1724 1385 1767 prius
1408 1723 1537 1755 dictum
1556 1729 1622 1761 est,
1651 1722 1695 1754 ita
1715 1727 1803 1763 teget
1823 1721 2013 1764 principes,
2041 1721 2209 1758 civitates,
2239 1727 2270 1753 et

1287 1774 1442 1816 singulos
1461 1772 1521 1818 qui
1542 1772 1765 1805 benefaciunt
1781 1772 1857 1815 piis.
1912 1770 1963 1805 lta
1980 1772 2095 1816 inquit
2111 1769 2272 1805 Christus

1289 1824 1417 1859 Mattb.
1438 1825 1510 1858 10.:
1540 1822 1577 1856 Si
1597 1823 1674 1867 quis
1699 1823 1752 1855 vel
1771 1829 1891 1866 potum
1911 1834 2020 1867 aquae
2046 1822 2182 1856 dederit
2203 1822 2271 1853 rni-

1260 1901 1261 1911 ,
1288 1875 1386 1907 nimo
1412 1887 1451 1907 ex
1477 1874 1660 1917 discipulis
1685 1873 1770 1905 meis
1797 1880 1939 1917 propter
1955 1873 2170 1913 doctrinam,
2198 1883 2270 1904 non

1259 1917 1262 1946 ὲ

352 1985 585 2017 Dulcissimus
603 1984 762 2017 psalmus
787 1990 853 2020 est,
882 1994 944 2014 nec
971 1988 1106 2015 tantum
1133 1983 1237 2015 adtli-
1260 1989 1261 1992 ’

252 2043 306 2070 cto
338 2036 421 2080 ipsi,
449 2036 506 2067 sed
535 2035 637 2067 etiam
665 2035 738 2066 eius
770 2034 1014 2065 defensoribus
1043 2034 1236 2066 conciona-

252 2095 318 2121 tur.
372 2084 423 2119 Ac
449 2086 600 2128 primum
627 2085 786 2118 doctrina
812 2090 844 2116 et
871 2084 1054 2126 promissio
1074 2085 1235 2124 traditur,

251 2136 415 2170 videlicet
428 2134 616 2169 Ecclesiam
636 2146 835 2179 oppressam
850 2135 893 2166 ab
913 2134 1027 2177 impiis
1046 2135 1232 2167 fovendam

253 2195 285 2221 et
317 2188 484 2220 tuendam
510 2198 591 2219 esse.
651 2185 697 2219 Et
727 2185 982 2228 promittuntur
1013 2186 1164 2228 praemia
1194 2186 1235 2218 iis

253 2238 313 2283 qui
334 2238 507 2270 Ecclesiae
532 2238 568 2269 in
594 2236 771 2269 aerumnis
799 2235 1041 2274 benefaciunt,
1074 2243 1112 2268 ut
1140 2234 1235 2269 Exo-

254 2290 287 2321 di
312 2290 341 2323 1.
370 2288 572 2321 obstetrices
589 2295 709 2320 contra
734 2286 886 2319 edictum
909 2286 998 2327 regis
1017 2293 1156 2319 servant
1181 2287 1236 2318 in-

254 2340 364 2372 fantes
389 2337 567 2371 Hebraeos
591 2338 624 2371 3.
649 2337 785 2381 Regum
815 2336 871 2370 18.
932 2335 1067 2369 Abdias
1100 2337 1236 2370 abdidit

255 2387 448 2432 Prophetas
468 2389 502 2421 in
521 2389 722 2431 speluncas,
751 2399 794 2420 ne
819 2394 1026 2430 raperentur
1047 2387 1089 2419 ad
1117 2399 1234 2420 necem

257 2440 299 2472 ab
317 2440 422 2483 impia
445 2446 476 2472 et
493 2440 675 2484 tyrannica
696 2439 824 2481 regina.
877 2436 1132 2471 Constantinus
1155 2438 1237 2470 texit

257 2488 447 2522 Ecclesiam
482 2497 602 2522 contra
635 2489 854 2522 Maxentium
889 2495 920 2521 et
945 2488 1133 2522 Licinium.
1193 2487 1238 2521 Et

260 2551 353 2571 nunc
375 2540 481 2583 aliqui
504 2541 548 2582 pii
570 2541 744 2584 principes
761 2539 889 2571 nolunt
913 2538 1079 2571 adiuvare
1102 2539 1237 2571 furores

261 2590 463 2633 pontificum
483 2598 514 2621 et
533 2602 650 2633 regum
671 2590 903 2623 exercentium
921 2589 1101 2622 saevitiam
1121 2590 1156 2621 in
1174 2587 1239 2622 bo-

261 2640 372 2672 mines
390 2640 611 2681 innocentes,
641 2653 755 2674 veram
779 2648 811 2673 et
827 2652 949 2684 puram
965 2637 1149 2682 Evangelii
1175 2641 1239 2673 do-

1260 2145 1262 2170 g
1289 2129 1461 2168 donosor‚
1487 2127 1704 2171 promittitur
1729 2133 1843 2159 tamen
1872 2125 2027 2158 defensio
2052 2126 2141 2170 regis
2165 2125 2273 2158 mini-
2317 2163 2319 2165 ι

1259 1951 1261 1956 ,
1290 1927 1409 1969 perdet
1432 1926 1636 1957 mercedem.

1690 1923 1733 1957 Et
1752 1923 1882 1957 Paulus
1898 1925 1931 1956 2.
1948 1921 2108 1956 Timoth.
2134 1923 2164 1956 1.
2189 1934 2270 1966 pre-

1290 1984 1388 2009 catur
1410 1989 1471 2019 pro
1494 1973 1629 2018 bospite
1647 1986 1708 2006 suo
1720 1972 1964 2020 Onesiphoro:
1990 1972 2057 2007 Det
2074 1974 2272 2007 misericor-

1289 2027 1383 2059 diam
1402 2026 1575 2060 Dominus
1595 2023 1812 2068 Onesipbori
1830 2024 1949 2057 domui
1963 2050 1971 2064 ‚
2000 2024 2081 2068 quia
2099 2035 2199 2067 saepe
2216 2035 2271 2056 me

1290 2078 1470 2111 recreavit.
1522 2075 1570 2110 Et
1597 2088 1674 2108 cum
1699 2075 1947 2120 lerosolymam
1978 2075 2107 2109 deleret
2131 2074 2272 2118 Nabog-

1260 2183 1262 2193 ⁴
1289 2186 1359 2212 stro
1378 2179 1436 2222 qui
1454 2178 1655 2210 defenderat
1675 2175 1879 2216 Ieremiam,
1909 2183 1947 2209 ut
1964 2176 2131 2220 scriptum
2148 2183 2198 2210 est
2216 2175 2271 2209 Ie·-

1289 2229 1417 2262 remiae
1429 2229 1503 2263 36.:
1536 2227 1630 2259 Vade
1648 2235 1679 2260 et
1698 2227 1753 2259 dic
1765 2224 2002 2259 Abedmelech
2015 2224 2200 2271 Aethiopi:
2227 2227 2270 2259 li-

1288 2280 1417 2312 berabo
1434 2286 1466 2312 te
1486 2280 1521 2311 in
1540 2278 1596 2310 die
1614 2278 1690 2317 illa,
1717 2278 1764 2311 ait
1780 2276 1975 2318 Dominus,
2003 2285 2065 2311 etc.

1390 2337 1567 2370 Hactenus
1599 2335 1742 2369 recitavi
1781 2336 1991 2369 sententiam
2029 2336 2274 2380 promissionis

1291 2401 1378 2434 quae
1398 2388 1628 2421 concionatur
1646 2384 1822 2419 Ecclesiae
1839 2387 2083 2420 defensoribus
2102 2387 2138 2419 in
2160 2387 2274 2421 tribus

1291 2440 1412 2483 primis
1433 2439 1600 2472 versibus.
1637 2437 1829 2482 Sequentes
1848 2449 1964 2470 versus
1980 2449 2090 2481 usque
2108 2438 2149 2470 ad
2168 2437 2272 2470 finem

1291 2497 1371 2522 sunt
1387 2489 1536 2533 precatio
1556 2498 1586 2521 et
1603 2489 1792 2531 gratiarum
1817 2488 1906 2520 actio
1926 2488 2034 2531 ipsius
2058 2487 2188 2520 adflicti
2213 2500 2273 2532 pe-

1292 2540 1395 2573 tentis
1411 2539 1675 2578 liberationem,
1702 2545 1737 2570 ut
1757 2537 1852 2571 Deus
1869 2539 2078 2577 celebretur,
2106 2545 2138 2571 et
2156 2545 2272 2582 postea

1293 2591 1418 2633 gratias
1441 2590 1572 2634 agentis
1589 2601 1654 2634 pro
1672 2588 1891 2623 liberatione.
1927 2586 1971 2621 Et
1988 2588 2154 2620 inseritur
2170 2589 2273 2631 longa

1294 2642 1444 2686 querela,
1472 2651 1649 2685 exponens
1666 2637 1818 2672 hostium
1837 2638 1915 2671 odia
1936 2645 1968 2671 et
1986 2638 2272 2683 conspirationes,
