2379 2948
181 107 253 142 545

475 185 572 229 Quid
598 187 652 217 est
681 175 875 227 Affectus?

289 266 444 298 Affectus
462 263 530 294 duo
564 265 692 291 tactum
725 252 939 288 comitantes
967 255 1048 284 sunt
1074 247 1170 281 dele-

189 317 294 351 ctatio
311 323 341 348 et
360 314 478 349 dolor,
507 310 567 355 qui
588 314 669 342 sunt
686 306 805 340 nervis
822 313 1025 337 communes
1044 301 1080 332 in
1096 305 1169 332 toto

189 379 346 412 corpore.
402 363 470 397 Sed
490 362 632 395 affectus
649 358 765 391 cordis
783 363 866 389 sunt
881 361 997 387 motus
1021 361 1171 395 sequen-

189 428 238 453 tes
263 415 521 458 cognitionem,
557 418 589 445 et
619 409 756 443 excitati
787 406 1006 450 cognitione,
1041 401 1171 446 quibus

188 481 247 502 cor
263 474 321 500 aut
334 465 559 510 prosequitur
578 468 635 495 aut
652 461 741 503 fugit
759 459 905 496 obiecta,
932 463 964 489 et
981 465 1066 499 quos
1083 463 1172 484 sem-
1197 478 1199 488 ,

188 531 251 563 per
275 518 490 551 comitantur
514 514 631 547 ultimi
660 512 822 550 affectus,
855 506 1059 544 delectatio,
1094 512 1173 534 cum

190 583 250 603 cor
267 569 398 602 fruitur
414 567 572 605 obiecto,
598 571 631 597 et
656 562 809 595 suaviter
832 559 1000 596 afficitur,
1028 561 1088 588 aut
1109 553 1173 584 ‹lo-

192 623 265 659 lor,
294 631 373 653 cum
392 616 608 651 contrarium
629 613 766 647 accidit.
810 611 903 644 Sunt
920 615 1034 641 autem
1053 602 1174 647 dupli-

192 684 246 705 ces
279 671 434 704 affectus.
494 667 567 700 Alii
593 663 790 701 durabiles,
822 667 862 694 ut
888 670 1007 697 amor,
1041 655 1175 691 odium,

193 720 454 760 misericordia,
482 715 688 751 invidentia.
744 713 792 746 Hi
814 718 896 745 sunt
918 709 1051 742 similes
1074 703 1177 738 liabi-

192 775 298 808 tibus.
350 771 424 804 Alii
451 776 532 802 sunt
557 766 666 800 subiti
691 770 827 803 motus,
860 761 921 806 qui
949 770 1068 793 revera
1092 767 1177 788 con-

192 830 323 868 gruunt
341 823 383 855 ad
403 820 674 862 descriptionem
696 811 970 859 praedicamenti
993 806 1176 854 passioniS.

193 874 241 909 [It
263 874 355 906 enim
375 870 574 904 verberatio
592 869 628 901 in
646 874 741 910 tergo
760 866 826 898 ciet
850 864 1028 901 dolorem,
1056 860 1103 891 ita
1127 858 1178 889 ira

192 925 308 959 subita
325 925 362 956 in
381 923 507 961 Aiace,
531 920 696 953 audiente
712 917 779 950 sibi
796 916 883 960 eripi
901 925 996 947 arma
1016 907 1179 947 Achillis,

195 984 244 1010 est
261 983 429 1019 tanquam
448 970 659 1010 verberatio,
686 981 752 1013 qua
769 979 829 1000 cor
844 966 981 1009 fugiens
999 962 1086 996 illud
1105 971 1179 991 ma-

194 1029 289 1064 lum,
319 1033 351 1059 et
369 1024 545 1068 depellere
565 1022 729 1059 stadem,
757 1018 987 1051 excruciatur.
1041 1011 1093 1047 Ex
1117 1009 1181 1043 hac

196 1077 425 1112 distinctione
467 1082 592 1107 natura
624 1071 814 1105 affectuum
849 1069 968 1112 aliquo
993 1066 1099 1098 modo
1123 1074 1181 1094 eo—

195 1129 313 1173 gnosci
334 1132 456 1172 potest.

373 1240 477 1280 Quae
500 1239 589 1271 sunt
608 1236 754 1279 species
771 1226 1009 1277 affectuum?

298 1316 469 1355 Laetitia,
506 1313 613 1358 Spes,
649 1309 831 1349 Tristitia,
864 1305 997 1340 Metus.
1050 1301 1104 1335 Ex
1128 1299 1183 1333 his

197 1367 379 1413 permixtis
397 1366 459 1398 alii
475 1365 660 1402 oriuntur,
687 1367 726 1393 ut
743 1371 863 1395 amor,
893 1356 1032 1394 odium,
1059 1353 1122 1386 ira.

298 1432 451 1466 Laetitia
474 1436 525 1463 est
541 1427 657 1462 suavis
674 1432 790 1458 motus
806 1422 941 1462 cordis,
968 1421 1030 1465 qui
1056 1418 1184 1452 excita-

199 1494 274 1523 tur,
303 1496 381 1517 cum
401 1494 461 1516 cor
479 1480 616 1514 obiecto
634 1476 786 1521 expetito
805 1473 947 1507 fruitur.

302 1551 389 1595 Spes
409 1557 459 1582 est
477 1547 593 1581 suavis
616 1551 732 1577 motus
756 1541 890 1581 cordis,
917 1539 979 1584 qui
1003 1537 1185 1576 excitatur,

199 1617 278 1638 cum
296 1614 356 1636 cor
373 1602 506 1633 bonum
523 1598 683 1631 futurum
703 1593 938 1638 prosequitur,
965 1590 1187 1633 praelucente

202 1654 265 1688 hac
282 1652 509 1696 cogitatione,
536 1648 629 1693 quod
651 1644 799 1690 potituri
819 1653 940 1675 sumus
959 1653 998 1674 eo
1019 1640 1168 1673 obiecto.

306 1718 468 1754 Tristitia
488 1723 537 1750 est
555 1715 730 1748 cruciatus
746 1710 862 1745 cordis
882 1707 1085 1752 compressi,
1110 1713 1189 1740 tan-

202 1785 307 1819 quam
324 1769 508 1814 fugitantis
524 1768 685 1800 futurum
703 1764 846 1797 malum.
892 1758 939 1793 Et
959 1757 1014 1792 his
1033 1758 1190 1791 motibus

204 1823 320 1858 cordis
337 1821 496 1854 serviunt
522 1816 716 1851 humorum
743 1821 860 1847 motus
886 1812 923 1843 in
947 1811 1087 1854 reliquo
1111 1821 1190 1841 cor-

205 1887 308 1920 pore,
341 1879 379 1905 ut
406 1872 442 1903 in
464 1868 624 1915 Physicis
648 1867 837 1899 dicendum
865 1869 926 1897 est.
979 1861 1082 1894 Nunc
1110 1859 1192 1892 satis

203 1927 268 1966 sit,
295 1922 515 1956 domicilium
537 1920 726 1953 affectuum
746 1921 969 1949 monstrasse.

425 2045 526 2083 Quae
554 2044 610 2074 est
640 2041 776 2083 quarta
801 2031 970 2080 species?

309 2120 458 2162 Figura,
484 2129 572 2161 quae
589 2115 732 2159 proprie
749 2113 875 2145 modus
900 2117 959 2144 aut
983 2108 1118 2153 positus
1144 2113 1194 2140 est
1219 2140 1221 2152 x

210 2172 465 2218 quantitatum,
500 2175 538 2201 ut
568 2166 754 2204 Cir-culus,
792 2161 1049 2204 Triangulum,
1095 2158 1193 2200 Qua-

210 2222 434 2265 drangulum.
487 2217 565 2252 Etsi
580 2224 697 2251 autem
714 2213 773 2248 hic
796 2213 931 2257 positus
958 2223 994 2243 re
1021 2212 1095 2254 ipsa
1120 2222 1193 2242 non

208 2275 303 2307 aliud
324 2279 390 2312 est,
419 2270 487 2303 nisi
508 2270 587 2303 talis
604 2268 691 2301 ordo
710 2265 863 2310 partium
882 2261 1109 2307 quantitatiS,
1134 2273 1193 2293 seu

211 2326 344 2367 positus
364 2322 538 2367 partium,
566 2327 684 2353 tamen
707 2317 790 2362 quia
805 2311 1049 2348 Mathematici
1071 2311 1118 2343 sic
1141 2312 1194 2343 lo-

421 97 630 136 SCRIPTA
658 95 732 130 PII.
761 89 875 126 MEL.
902 88 969 124 AD
997 85 1124 123 HIST.
1152 81 1294 121 PROF.
1322 81 1386 118 ET
1414 80 1607 119 PHILOS.
1634 82 1953 120 SPECTANTIA.

1214 1764 1217 1780 ἱ

2131 85 2204 120 544

1363 172 1456 212 Quot
1472 173 1561 204 sunt
1573 172 1821 215 proprietates
1837 172 2062 216 qualitatis?

1326 237 1424 273 Tres.
1477 236 1597 270 Prima
1624 244 1689 270 est:
1717 235 1956 272 Contrarietas
1978 239 2122 283 propria
2155 246 2206 273 est

1224 290 1432 334 qualitatum
1452 288 1544 322 inter
1561 300 1595 321 se
1618 288 1874 332 pugnantium,
1900 295 1938 321 ut
1962 290 2148 323 caliditatis
2174 297 2207 324 et

1224 340 1444 384 frigiditatis,
1472 351 1560 384 quae
1585 346 1667 372 sunt
1694 340 1759 372 sub
1783 339 1905 371 eodem
1930 351 2066 382 genere.
2117 339 2208 373 Nam

1226 390 1290 424 hae
1311 398 1447 424 tantum
1472 390 1564 424 inter
1587 401 1622 422 se
1651 396 1828 433 pugnant,
1863 397 1917 423 ut:
1952 390 2111 423 caliditas
2134 402 2207 425 non

1227 448 1360 487 pugnat
1384 453 1462 474 cum
1487 441 1604 474 colore
1630 449 1689 475 aut
1713 441 1807 480 luce,
1833 441 1892 474 sed
1911 452 1990 474 cum
2007 441 2210 484 frigiditate.

1324 498 1486 555 Secunda
1511 499 1722 543 proprietas:
1764 498 1926 541 Qualitas
1953 498 2079 543 recipit
2101 498 2212 542 magis

1228 555 1261 581 et
1284 561 1423 589 nunus,
1451 557 1490 583 ut
1513 550 1697 583 manifeste
1714 561 1835 583 sensus
1856 549 2001 583 iudicat.
2053 548 2158 583 Calor
2175 549 2214 582 in

1229 600 1351 632 eodem
1369 612 1516 643 corpore
1531 600 1618 632 alias
1637 601 1766 641 maior,
1794 601 1879 633 alias
1903 601 2022 634 minor
2046 608 2106 635 est.
2159 600 2213 633 Ita

1229 657 1309 683 suut
1328 651 1427 690 lucis,
1447 650 1620 690 colorum,
1647 657 1680 684 et
1696 664 1806 695 paene
1822 652 1983 685 omnium
2003 651 2214 696 qualitatum
2238 681 2241 682 γ

1230 703 1377 744 gradus,
1405 701 1510 735 etiarn
1532 701 1765 745 noficiarum,
1794 703 1987 740 virtutum,
2014 702 2215 735 affectuum.

1232 752 1272 787 ln
1298 753 1418 785 eodem
1445 749 1589 784 homine
1613 764 1713 786 amor
1732 753 1887 786 eiusdem
1912 754 1963 786 rei
1980 754 2067 786 alias
2086 754 2216 786 arden-

1233 805 1319 841 tior,
1347 803 1434 836 alias
1459 803 1623 845 frigidior
1647 811 1716 841 est,
1745 811 1783 837 ut
1808 805 1953 838 dicitur:
1983 804 2095 837 Intrat
2117 815 2217 837 amor

1232 861 1364 888 mentes
1382 866 1446 887 usu
1459 880 1467 894 ,
1489 854 1683 887 dediscitur
1700 866 1777 890 usn.
1819 854 1988 888 Eiusdem
2003 855 2216 899 propositio-

1233 906 1288 938 nis
1315 905 1445 938 noticia
1474 904 1647 938 illustrior
1673 912 1722 939 est
1752 906 1828 937 seni
1857 905 2077 946 Ptolemaeo,
2110 918 2217 950 quam

1234 957 1364 991 iuveni.
1425 955 1494 988 Sed
1530 953 1615 988 haec
1646 957 1843 1000 proprietas
1874 954 1965 988 nihil
1999 956 2151 1000 pertinet
2175 957 2219 989 ad

1234 1008 1381 1050 figuras,
1416 1007 1496 1050 quia
1520 1006 1734 1051 quantitates
1758 1014 1860 1048 sunt,
1889 1014 1928 1040 ut
1954 1019 2060 1050 supra
2085 1007 2219 1041 dictum

1235 1066 1305 1096 est,
1333 1065 1387 1091 ut:
1411 1056 1574 1090 Circulus
1591 1070 1663 1090 non
1680 1058 1806 1102 recipit
1824 1058 1933 1101 magis
1955 1058 2161 1093 autminus.

1340 1117 1460 1150 Tertia
1484 1117 1694 1160 proprietas:
1724 1116 1861 1150 Multae
1885 1117 2075 1150 relationes
2097 1117 2222 1150 oriun-

1236 1177 1294 1203 tur
1312 1181 1350 1201 ex
1369 1168 1620 1213 qualitatibuS,
1642 1167 1784 1206 Simile,
1812 1168 2006 1209 dissimile,
2029 1168 2119 1211 Lex,
2143 1180 2223 1212 pec—

1237 1228 1350 1254 catum
1363 1247 1371 1260 ,
1395 1219 1506 1262 gloria
1519 1246 1527 1260 ,
1556 1220 1599 1252 de
1617 1219 1746 1263 quibus
1762 1231 1843 1252 mox
1862 1219 2029 1252 dicemus.
2231 1209 2234 1211 ⁵

1527 1340 1600 1379 De
1648 1340 1933 1379 Relativis.

1334 1425 1436 1463 Quae
1471 1427 1528 1456 est
1559 1424 1684 1466 prima
1715 1422 1847 1468 reyztla
1884 1423 1924 1456 in
1958 1420 2130 1456 doctrina

1601 1474 1869 1507 Relativorum.

1342 1540 1495 1574 Nomina
1514 1540 1582 1573 alia
1597 1541 1766 1574 dicuntur
1783 1541 1957 1581 absoluta,
1984 1540 2051 1572 alia
2070 1539 2227 1573 relativa.

1240 1592 1413 1626 Absoluta
1445 1597 1527 1624 sunt
1561 1591 1706 1624 nomina
1738 1590 1971 1633 significantia
2003 1591 2228 1632 substantias,

1241 1650 1301 1677 aut
1317 1642 1550 1687 quantitates,
1577 1648 1636 1675 aut
1654 1642 1848 1686 qualitates.
1903 1641 2111 1685 Significant
2132 1642 2227 1675 enim

1242 1706 1296 1727 res
1320 1700 1449 1733 certas,
1479 1705 1568 1737 quae
1592 1693 1666 1726 sine
1692 1692 1881 1726 collatione
1905 1692 2049 1735 cogitari
2071 1700 2230 1736 possunt,

1242 1752 1281 1779 ut
1299 1743 1458 1778 caliditas
1476 1750 1525 1777 est
1543 1755 1618 1784 res,
1646 1756 1734 1789 quae
1752 1744 1854 1776 etiam
1882 1743 1958 1777 sine
1983 1743 2172 1777 collatione
2196 1751 2230 1778 et

1244 1808 1348 1830 sensu
1374 1794 1524 1838 percipi,
1550 1802 1583 1828 et
1609 1801 1724 1828 mente
1751 1795 1897 1837 cogitari
1921 1801 2043 1838 potest.
2097 1792 2151 1827 Ex
2173 1792 2229 1829 his

1245 1846 1414 1881 absolutis
1438 1845 1605 1879 oriuntur
1631 1846 1830 1881 relationes.
1885 1845 1977 1879 Sunt
2000 1851 2115 1878 autem
2137 1846 2229 1879 rela—

1246 1899 1373 1938 tiones,
1401 1904 1460 1929 aut
1477 1897 1730 1941 applicationes
1746 1908 1876 1934 rerum,
1902 1902 1961 1929 aut
1978 1895 2231 1938 ordinationes,

1246 1956 1305 1983 aut
1327 1947 1550 1987 collationes,
1586 1954 1623 1980 ut
1649 1947 1826 1980 calefactio
1854 1953 1905 1980 est
1928 1946 2136 1990 applicatio,
2162 1960 2230 1992 qua

1246 2000 1456 2034 transfertur
1473 1998 1630 2030 caliditas
1650 1998 1686 2030 in
1710 1998 1818 2030 aliud.
1861 1996 2058 2030 Paternitas
2078 2005 2126 2031 est
2142 2000 2230 2032 ordo

1247 2052 1339 2091 eius,
1367 2049 1427 2094 qui
1446 2048 1568 2091 genuit
1583 2049 1625 2081 ad
1645 2048 1814 2092 genitum.
1851 2047 2058 2081 Similitudo
2075 2055 2125 2081 est
2142 2050 2231 2083 dua-

1247 2114 1323 2135 rum
1341 2100 1552 2145 qualitatum
1568 2099 1834 2139 convenientia,
1862 2111 1951 2143 quae
1972 2099 2160 2133 collatione
2175 2101 2231 2134 in-

1246 2153 1428 2195 telligitur.
1463 2149 1622 2183 Primum
1641 2151 1748 2193 igitur
1766 2147 1834 2183 hoc
1850 2150 2079 2183 meminerint
2095 2151 2233 2185 discen-

1220 2229 1221 2234 ,
1247 2212 1315 2244 tes,
1350 2200 1486 2235 Omnes
1509 2201 1715 2242 relationes,
1752 2208 1811 2234 aut
1834 2213 1952 2234 rerum
1979 2201 2232 2245 applicationes

1220 2271 1222 2300 5
1248 2267 1337 2295 esse,
1372 2260 1432 2287 aut
1457 2252 1718 2292 ordinationes,
1754 2259 1813 2285 aut
1837 2252 2053 2286 collationes.

2108 2253 2231 2287 Minus

1220 2308 1221 2317 ¹
1248 2304 1394 2340 illustris
1417 2310 1467 2337 est
1492 2303 1621 2336 noticia
1648 2304 1880 2343 relationum,
1917 2315 2021 2348 quam
2053 2304 2233 2338 absoluto-

211 2382 388 2420 quuntur,
416 2369 558 2418 quibos
576 2370 700 2404 modos
716 2373 844 2401 vocant
869 2363 1026 2407 corporis
1048 2360 1195 2407 ποιότη-
1220 2374 1222 2380 ’

212 2438 294 2465 τας,
322 2423 591 2458 vetustissimam
615 2417 909 2454 consuetudinem
936 2420 969 2448 et
986 2411 1193 2446 Aristoteles

213 2482 349 2509 secutus
368 2482 428 2508 est.
461 2473 691 2508 Recentiores
710 2477 831 2504 contra
851 2467 1088 2510 disputarunt.
1125 2462 1193 2497 Sed

212 2526 315 2560 toties
345 2526 413 2557 iam
445 2526 577 2557 dictum
605 2529 672 2561 est,
715 2520 918 2564 fugiendam
945 2527 1017 2549 esse
1042 2515 1193 2547 ociosam
1219 2518 1220 2560 J

213 2576 456 2610 subtilitatem.
511 2573 557 2608 Et
582 2572 869 2607 honestissimum
895 2576 963 2611 est,
991 2566 1087 2611 loqui
1115 2578 1193 2599 cum

214 2625 505 2670 ingeniosissimis
531 2632 562 2658 et
588 2623 798 2658 doctissimis
828 2619 1035 2654 hominibus
1066 2616 1193 2650 veteri-

212 2681 277 2712 bus
298 2676 507 2711 Geometris.

1248 2370 1346 2397 rum,
1373 2355 1454 2400 quia
1480 2355 1691 2399 quantitates
1716 2362 1747 2388 et
1773 2354 1960 2399 qualitates
1984 2354 2170 2387 incurrunt
2195 2355 2233 2387 in

1247 2419 1380 2450 sensus,
1409 2413 1440 2439 et
1458 2413 1540 2438 sunt
1558 2417 1622 2446 res,
1650 2418 1758 2451 quae,
1789 2412 1826 2438 ut
1843 2406 1890 2439 ita
1909 2406 2040 2444 dicam,
2067 2406 2233 2439 manibus

1248 2463 1511 2493 contrectantur
1546 2463 1577 2489 et
1612 2457 1723 2489 oculis
1747 2462 1952 2491 cernuntur.
2005 2454 2073 2489 Sed
2101 2457 2233 2491 multae

1247 2510 1453 2547 relationes,
1481 2519 1569 2551 quae
1591 2508 1678 2542 fiunt
1697 2514 1815 2541 nostra
1833 2500 2066 2546 institutione,
2094 2514 2232 2541 tantum

1247 2568 1362 2594 mente
1381 2559 1596 2602 cogitantur,
1623 2566 1662 2592 ut
1680 2570 1767 2603 puer
1788 2558 1891 2591 etiam
1916 2569 1994 2590 cum
2021 2558 2117 2591 videt
2143 2559 2232 2602 lapi-

1247 2614 1336 2653 dem,
1352 2617 1469 2644 tamen
1486 2621 1530 2642 an
1550 2610 1593 2643 sit
1611 2610 1722 2650 limes,
1750 2615 1809 2642 aut
1825 2608 1909 2652 quid
1927 2608 1971 2642 sit
1988 2608 2101 2649 limes,
2131 2609 2233 2652 igno-

1218 2700 1220 2704 ,
1247 2671 1320 2704 rat,
1346 2662 1413 2695 nisi
1432 2661 1475 2694 sit
1492 2661 1715 2701 admonitus,
1743 2659 1908 2693 collocari
1932 2659 2065 2704 lapides
2089 2660 2126 2693 in
2152 2660 2233 2693 fini-
