2379 2948
167 100 263 138 1145

162 187 256 233 quod
281 187 489 220 adversatur
502 184 700 226 Ecclesiae,
728 187 916 221 dissimiles
935 194 1017 221 sunt
1032 185 1152 221 homi-

160 249 240 276 neS,
268 238 328 270 alii
354 245 436 272 sunt
460 239 654 280 sanabiles,
682 239 742 271 alii
766 236 982 282 blasphemi,
1009 239 1098 271 sicut
1119 247 1151 273 et

159 288 291 322 Paulus
313 287 419 324 Rom.
439 289 496 323 10.
513 296 546 323 et
566 290 622 325 11.
648 289 816 323 discernit
840 288 987 323 Iudaeos
1008 290 1149 323 sanabi-

159 340 208 373 les
226 346 259 373 et
276 338 511 384 blasphemos.

261 390 304 424 In
328 402 431 424 versu
454 390 602 435 septimo
627 390 799 434 significat
822 390 925 435 quale
945 391 987 425 sit
1003 391 1148 433 bellum,

158 454 237 476 cum
276 442 409 487 inquit:
446 439 496 474 In
536 439 655 474 labris
690 438 851 474 hostium
879 439 1034 487 gladios
1064 453 1147 481 esse,

158 493 330 536 significat
369 492 463 526 enim
498 493 694 536 oppugnari
727 493 910 527 veritatem
942 494 1147 534 mendaciis,

158 544 362 584 calumniis,
399 543 593 587 praestigiis
623 540 898 588 sophismatum,
933 556 1077 589 prorsus
1109 552 1147 578 ut

156 607 252 629 nunc
269 595 395 628 veritas
413 600 647 638 oppugnatur.

258 644 299 678 In
323 657 425 678 versu
444 657 540 678 nono
559 645 679 678 miscet
697 647 953 690 precationem,
982 659 1060 679 cum
1080 643 1145 679 ho-

155 697 260 731 stium
285 696 440 740 potentia
466 703 658 739 grassatur:
687 695 774 742 Ego
795 702 827 731 te
850 695 1064 735 obsercabm
1094 695 1148 730 ad

155 752 186 781 te
216 745 449 795 confugiam,
484 759 502 780 a
534 754 566 781 te
598 749 769 782 auxilium
802 750 1008 794 expectabo,
1045 748 1144 793 quasi

154 800 262 833 dicat:
295 798 415 842 magni
447 805 528 832 sunt
561 811 689 843 agones
715 807 748 834 et
773 800 1028 845 aliquantisper
1052 800 1144 832 blas-

153 848 274 898 phemi
298 856 465 892 regnant,
493 857 526 883 et
550 851 706 884 veritatis
725 851 1012 895 propagationem
1032 851 1143 894 impe-

151 900 275 944 diunt,
303 901 361 933 sed
383 901 445 933 tali
465 907 639 944 tempore,
668 902 804 947 inquit,
831 914 903 935 non
922 902 1064 944 frangar
1082 903 1142 934 de-

151 951 368 995 speratione,
401 951 472 985 seio
503 952 684 998 aliquanto
715 960 795 997 post
820 965 960 986 rursum
986 965 1142 986 emersu-

150 1015 223 1036 ram
243 1014 314 1035 esse
334 1010 526 1038 veritatem.

252 1052 293 1086 ln
325 1066 427 1087 versu
458 1054 648 1087 undecimo
678 1066 812 1098 poenae
836 1056 1054 1089 atrocitatem
1080 1056 1141 1088 de-

149 1103 285 1138 scribit:
313 1102 372 1139 Ne
396 1102 540 1138 occidas
562 1116 638 1143 θος,
667 1116 709 1138 ne
728 1104 968 1139 obliviscatur
982 1104 1140 1152 populus
1167 1111 1169 1142 ξ
1196 1131 1408 1165 testimoniis
1455 1132 1584 1176 quibus
1602 1143 1636 1164 se
1660 1129 1755 1163 Deus
1776 1131 1936 1174 patefecit

1165 1161 1169 1167 ,
1418 1158 1426 1172 ,
1940 1157 1947 1165 .

1167 1210 1168 1215 ,
1195 1183 1269 1225 lege
1285 1182 1458 1216 divinitus
1483 1183 1610 1215 tradita
1636 1182 1830 1215 manifestis
1851 1181 2081 1221 testimoniis,
2109 1181 2189 1226 qui-

1167 1239 1168 1248 *
1195 1234 1260 1266 bus
1285 1233 1389 1266 etiam
1410 1233 1633 1266 confirmavit
1651 1232 1747 1265 Deus
1766 1233 2018 1277 promissiones
2043 1239 2072 1265 et
2092 1245 2189 1265 com-

1165 1313 1168 1321 ,
1195 1285 1429 1325 minationes,
1465 1284 1672 1318 collectione
1696 1296 1798 1316 verae
1823 1291 1855 1317 et
1879 1290 2041 1317 aeternae
2066 1281 2189 1317 Eccle-

148 1167 259 1191 meuS.
315 1155 411 1189 Haec
443 1157 547 1190 verba
580 1156 778 1199 significant
802 1155 982 1191 Psalmum
1016 1158 1140 1191 vatici—

147 1206 228 1240 nari
251 1209 293 1241 de
317 1208 535 1252 dispersione
559 1208 671 1250 gentis
696 1207 857 1241 Iudaicae
879 1208 967 1242 sacta
987 1216 1063 1252 post
1081 1221 1140 1241 ex-

147 1257 280 1292 cidium
298 1257 543 1305 Ierosolymae.

247 1308 329 1343 Duo
363 1309 533 1353 postremi
563 1320 682 1342 versus
714 1316 795 1343 sunt
821 1310 1012 1353 gratiarnm
1039 1310 1140 1349 actio,

146 1372 234 1404 quae
252 1360 418 1394 recitatur
434 1367 473 1394 ut
486 1360 552 1392 Dei
571 1360 681 1402 gloria
699 1361 908 1401 celebretur,
934 1368 966 1394 et
983 1368 1021 1394 ut
1036 1361 1138 1393 multi

146 1411 342 1445 confirmati
366 1409 432 1444 hoc
456 1411 614 1454 exemplo
638 1411 676 1442 in
701 1411 877 1445 similibus
895 1412 1061 1453 periculis
1078 1423 1137 1455 pe—

144 1468 222 1496 tant
243 1469 277 1496 et
296 1469 477 1506 expectent
494 1461 665 1495 auxilium
678 1486 685 1500 ‚
714 1469 748 1496 et
764 1462 900 1496 discant
917 1461 1029 1496 Deum
1049 1463 1138 1495 velle

144 1509 210 1546 hac
229 1513 296 1546 fide
314 1519 346 1546 et
364 1524 424 1557 spe
442 1513 521 1548 coli.

278 1643 616 1688 Argumentum
653 1652 708 1675 ac
744 1640 1000 1685 dispositio

489 1708 648 1748 Psalmi
692 1708 791 1748 LX.

194 1795 300 1829 Deus
320 1792 500 1837 repulisti
522 1802 588 1825 nos
605 1794 643 1824 et
663 1789 877 1835 dispersisti
893 1801 980 1834 nos,
1009 1792 1135 1825 iratus

194 1857 254 1888 es,
279 1849 461 1879 revertere
479 1842 530 1877 ad
546 1853 633 1885 nos,
662 1846 735 1876 etc.

244 1919 478 1954 ManIfestum
515 1925 565 1952 est
600 1915 696 1951 hunc
730 1916 909 1951 Psalmum
941 1917 1133 1960 gratiarum

141 1972 315 2006 actionem
333 1982 422 2012 esse,
450 1977 483 2004 et
500 1976 668 2014 tanquam
688 1966 885 2012 ἐπινίκιον,
914 1969 950 2001 in
968 1981 1037 2013 quo
1053 1981 1135 2001 nar-

142 2030 267 2057 rantur
296 2022 452 2065 insignes
486 2021 670 2054 victoriae:
713 2027 745 2054 et
776 2031 935 2064 expressa
967 2018 1134 2053 antithesi

142 2079 379 2113 asseveratur,
408 2084 546 2106 causam
570 2071 739 2105 victoriae
761 2084 834 2105 non
854 2083 926 2104 esse
945 2071 1055 2104 solam
1075 2077 1134 2104 aut

140 2125 365 2170 praecipuam
377 2121 562 2157 hominum
575 2123 734 2164 consilia,
760 2123 1041 2162 multitudinem,
1069 2134 1133 2166 po-

140 2175 307 2216 tentiam,
334 2174 566 2214 industriam,
593 2174 653 2208 sed
681 2174 853 2208 auxilium
878 2173 955 2209 Dei.
1009 2171 1062 2207 Ac
1088 2173 1132 2207 ti-

140 2227 236 2262 tulus
259 2232 370 2259 certas
395 2226 563 2271 quasdam
589 2225 755 2259 victorias
780 2225 960 2266 nominat,
989 2224 1027 2257 in
1051 2225 1132 2270 qui-

138 2279 204 2312 bus
221 2276 337 2311 David
362 2277 494 2321 potitus
518 2283 570 2310 est
593 2283 691 2321 parte
706 2276 850 2323 Syriae,
878 2283 911 2310 et
928 2276 1071 2310 accessit
1087 2277 1132 2309 ad
1158 2298 1159 2304 η

138 2326 334 2374 Euphratis
365 2339 441 2361 eam
474 2339 589 2369 oram,
631 2340 719 2373 quae
750 2335 868 2373 postea
902 2339 1033 2360 nomen
1066 2324 1131 2360 ha-

137 2381 215 2414 buit
238 2379 538 2424 Mesopotamiae,
568 2379 650 2424 quia
674 2379 718 2413 sit
740 2379 834 2414 inter
849 2376 1072 2424 Euphratem
1097 2385 1130 2412 et

138 2431 290 2476 Tigrim.

241 2482 389 2516 Constat
419 2486 534 2514 autem
560 2493 600 2514 ex
624 2481 828 2515 narratione
853 2483 890 2516 in
915 2484 950 2519 2,
969 2483 1029 2518 lib.
1054 2481 1127 2517 Re-

138 2546 219 2578 gum
244 2546 316 2578 cap.
335 2532 367 2566 8.
392 2539 424 2565 et
448 2533 486 2564 in
515 2533 546 2565 1.
563 2531 676 2565 Paral.
695 2544 767 2576 cap.
785 2533 842 2569 18.
872 2534 1043 2568 Davidem
1064 2547 1127 2578 po-
1152 2560 1154 2563 .

1152 2583 1154 2588 ’
1180 2588 1298 2621 Deum
1325 2597 1393 2619 una
1421 2597 1506 2618 voce
1531 2585 1632 2618 multi
1658 2585 1883 2624 invocarent,
1912 2590 1944 2617 et
1963 2584 1992 2616 ei
2010 2595 2089 2616 vere
2109 2584 2172 2615 ob-

136 2586 240 2619 titum
267 2596 339 2618 esse
357 2582 546 2622 Damasco,
575 2590 608 2617 et
632 2581 716 2617 huic
740 2584 858 2617 vicina
876 2585 943 2619 fuit
961 2587 1025 2619 alia
1046 2598 1126 2630 pars

137 2635 278 2682 Syriae,
314 2647 418 2681 quam
444 2635 631 2668 nominant
655 2634 795 2680 Syriam
819 2634 924 2671 Soba.

135 2699 219 2721 vero
254 2686 434 2721 ulterioris
462 2698 546 2720 orae
576 2687 619 2719 ad
651 2683 893 2730 Euphratem,
941 2695 1001 2721 aut
1033 2689 1126 2721 inter

759 101 820 137 IX.
874 99 1240 137 COMMENTARII
1267 101 1319 136 IN
1346 100 1589 139 PSALMOS.

987 2636 1125 2671 Nomen
1150 2660 1152 2666 ι

1150 2686 1151 2690 ’
1179 2690 1315 2724 tudinis
1333 2700 1410 2722 cum
1430 2699 1482 2720 eo.

2097 104 2193 139 1146

1206 184 1425 231 Euphratem
1450 195 1481 221 et
1498 188 1654 231 Tigrim,
1683 187 1749 223 lioc
1767 190 1844 222 loco
1863 189 1993 223 dicitur
2008 189 2109 235 Syria
2127 191 2195 224 ssu—

1206 239 1366 278 viorum,
1396 239 1526 273 scilicet
1544 238 1739 284 Euphratis
1756 248 1789 275 et
1806 240 1975 284 Tigridis.

1306 297 1382 331 Hac
1407 299 1645 344 qualicunque
1678 301 1893 334 indicatione
1919 300 2078 334 locorum
2098 300 2195 334 con-

1203 349 1290 383 tenti
1307 349 1435 388 simus,
1462 357 1493 382 et
1513 350 1617 383 situm
1635 349 1797 384 Damasci
1817 358 1849 386 et
1865 351 2061 386 vicinarum
2080 353 2196 395 regio-

1202 413 1288 433 num
1318 400 1354 432 in
1380 400 1509 434 tabulis
1533 403 1834 445 contemplemur,
1875 409 1915 436 ut
1941 415 2045 447 quam
2069 403 2194 447 procul

1202 463 1220 483 a
1251 450 1389 484 Libano
1421 451 1507 484 fines
1539 453 1638 495 regni
1671 454 1859 496 protulerit
1885 452 2001 488 David
2035 454 2195 488 conside-

1202 514 1331 536 remus.

1302 559 1490 595 Caeterum
1522 558 1700 596 ἐπινίκιον
1725 563 1885 605 generale
1909 569 1976 602 est,
2011 569 2044 596 et
2073 564 2115 596 ad
2140 564 2195 596 in-

1200 612 1315 655 signes
1342 612 1506 646 victorias
1533 624 1760 658 quascunque
1783 613 2044 646 accommodari
2068 620 2191 657 potest.

1199 661 1277 696 Hoc
1300 675 1440 708 quoque
1467 663 1503 695 in
1530 663 1633 696 titulo
1657 664 1940 697 consideratione
1965 663 2111 707 dignum
2134 673 2194 705 est,

1199 715 1293 759 quod
1319 726 1467 758 regnum
1493 714 1654 748 nominat
1676 714 1827 755 Rosam,
1864 715 2016 747 Carmen
2042 716 2084 747 de
2101 727 2192 756 rosa,
2230 746 2232 749 .

1199 765 1234 798 id
1253 772 1313 806 est,
1342 766 1384 798 de
1400 777 1520 809 regno,
1549 766 1643 810 quod
1660 766 1707 799 ait
1724 772 1971 799 ornamentum
1989 776 2072 806 esse,
2098 766 2193 799 velut

1198 817 1331 849 monile
1350 824 1411 851 aut
1430 824 1590 862 torquem
1609 817 1652 849 de
1677 817 1768 850 collo
1788 817 2014 861 pendentem.

1299 876 1380 909 Hae
1399 877 1529 919 figurae
1546 877 1738 909 admodum
1760 877 1880 909 dulces
1900 882 1999 913 sunt,
2028 876 2086 909 sed
2107 877 2191 909 dex-

1197 934 1248 960 tre
1265 927 1528 970 intelligantur,
1552 934 1584 960 et
1600 934 1692 960 recte
1710 927 2030 962 accommodentur.
2073 926 2191 970 Quare

1196 976 1263 1011 hoc
1280 990 1426 1021 regnum
1445 978 1607 1011 nominat
1632 990 1747 1011 rosam
1773 986 1805 1012 et
1828 978 1984 1011 monile?
2019 978 2102 1023 quia
2125 975 2191 1011 hoc

1196 1041 1345 1072 regnum
1361 1030 1506 1062 unicum
1531 1029 1635 1071 longe
1653 1036 1794 1073 superat
1819 1029 1938 1062 omnia
1957 1029 2024 1062 alia
2043 1029 2189 1072 imperia

1196 1078 1251 1113 his
1276 1081 1401 1121 rebus,
1437 1080 1671 1124 promissione
1696 1080 1816 1113 divina
1841 1080 1970 1113 tradita
1994 1080 2190 1113 manifestis

2002 1129 2141 1163 Deinde
2159 1138 2191 1164 et

1194 1335 1263 1368 siae
1281 1335 1316 1367 in
1336 1333 1402 1368 hoc
1420 1336 1571 1379 populo,
1596 1335 1763 1368 missione
1781 1332 2058 1378 Prophetarum,
2087 1346 2188 1378 praem

1194 1387 1303 1419 sentia
1327 1393 1359 1420 et
1384 1387 1516 1419 auxilio
1541 1384 1627 1423 Dei,
1664 1385 1834 1418 modestia
1861 1385 2087 1428 disciplinae,
2114 1392 2189 1419 stu-

1193 1437 1260 1470 diis
1277 1437 1458 1470 doctrinae
1476 1438 1519 1469 de
1535 1436 1610 1470 Deo
1626 1464 1634 1477 ‚
1662 1443 1694 1469 et
1710 1436 1786 1469 aliis
1810 1435 1914 1469 bonis
1932 1436 2048 1471 rebus.

1294 1496 1391 1530 Haec
1413 1497 1507 1529 bona
1532 1508 1609 1528 cum
1630 1495 1803 1540 sapientes
1819 1502 1851 1532 et
1868 1495 1918 1540 pii
1942 1495 2185 1534 intuebantur,

1193 1547 1339 1580 mirifica
1367 1548 1503 1581 laeticia
1527 1547 1788 1587 afficiebantur,
1817 1554 1848 1580 et
1867 1544 2089 1591 gratiasJDeo
2107 1558 2186 1589 age·

1164 1629 1165 1639 ,
1192 1599 1296 1639 bant,
1322 1605 1355 1632 et
1373 1596 1456 1632 haec
1472 1605 1568 1632 tanta
1586 1598 1752 1631 beneficia
1772 1598 2007 1637 celebrabant,
2035 1603 2067 1630 et
2087 1604 2187 1641 opta-

1192 1649 1277 1683 bant
1301 1661 1374 1682 esse
1399 1650 1585 1682 diuturna:
1613 1649 1803 1682 studebant
1827 1648 1932 1682 etiam
1957 1659 1994 1681 ea
2019 1659 2080 1681 sua
2102 1649 2186 1681 obe-

1191 1700 1323 1733 dientia
1336 1728 1344 1741 ,
1373 1700 1443 1733 suis
1462 1700 1644 1734 laboribus
1663 1707 1695 1734 et
1710 1699 1878 1743 exemplis
1894 1699 1995 1733 tueri.

1295 1759 1335 1792 In
1362 1760 1439 1793 aliis
1465 1759 1582 1803 regnis
1606 1760 1667 1792 ubi
1686 1765 1758 1792 erat
1780 1759 1899 1802 ignota
1923 1770 2005 1792 vera
2023 1759 2184 1792 doctrina

1190 1812 1232 1844 de
1259 1811 1352 1851 Deo,
1381 1822 1515 1843 summa
1541 1817 1746 1844 ornamenta
1773 1818 1872 1845 erant
1897 1811 2006 1853 leges,
2039 1810 2183 1851 iudicia,

1192 1863 1380 1895 mediocris
1397 1862 1603 1905 disciplina,
1631 1861 1804 1905 praesidia
1826 1862 2060 1900 exercituum,
2088 1873 2183 1905 opes.

1190 1912 1285 1946 Haec
1302 1913 1438 1946 etiamsi
1458 1920 1541 1947 sunt
1560 1914 1670 1954 bona,
1698 1920 1815 1946 tamen
1833 1913 1895 1946 ubi
1912 1919 1994 1946 sunt
2011 1912 2087 1945 sine
2099 1924 2181 1944 vera

1189 1964 1370 2007 agnitione
1395 1962 1477 2005 Dei,
1512 1971 1650 1998 tantum
1677 1963 1837 1997 serviunt
1861 1961 1945 1996 huic
1968 1963 2111 1997 mortali
2128 1963 2182 1995 vi-

1190 2023 1262 2056 tae,
1290 2028 1378 2060 quae
1404 2023 1436 2049 et
1460 2015 1666 2048 brevissima
1691 2021 1760 2053 est,
1788 2021 1821 2048 et
1844 2020 1981 2048 tantum
2002 2015 2044 2047 ad
2065 2020 2180 2047 aeter-

1188 2079 1269 2100 nam
1289 2067 1466 2099 miseriam
1487 2066 1552 2100 iter
1570 2073 1633 2100 est:
1663 2078 1726 2099 nec
1745 2072 1826 2099 sunt
1846 2066 1906 2099 ille
1923 2065 2071 2099 ultimus
2089 2065 2180 2105 finis,

1188 2118 1229 2150 ad
1262 2130 1365 2162 quem
1389 2116 1484 2151 Deus
1509 2124 1542 2151 et
1564 2125 1727 2152 naturam
1752 2114 1938 2150 hominum
1964 2115 2123 2149 condidit
2147 2121 2179 2148 et

1186 2169 1386 2203 societatem
1407 2168 1587 2213 politicam
1604 2168 1767 2206 instituit,
1797 2174 1829 2201 et
1846 2166 2017 2200 mirandis
2035 2174 2066 2200 et
2085 2166 2178 2199 mul—

1186 2221 1230 2253 tis
1266 2220 1417 2254 vinculis
1458 2220 1653 2264 copulavit,
1697 2218 1958 2263 procreatione,
2001 2217 2179 2260 coniugio,

1187 2272 1310 2304 officiis
1350 2271 1588 2311 educationis,
1636 2270 1867 2310 eruditionis,
1921 2267 2178 2309 medicationis,

1184 2323 1471 2366 gubernationis,
1498 2321 1732 2362 defensionis,
1760 2320 1999 2354 contractibus
2025 2326 2058 2353 et
2083 2319 2177 2352 mul-

1184 2381 1303 2408 torum
1320 2375 1469 2407 aliorum
1489 2373 1686 2406 officiorum
1704 2371 2040 2405 communicatione.

1285 2432 1381 2466 Haec
1398 2432 1517 2466 omnia
1535 2431 1647 2465 voluit
1665 2443 1737 2464 esse
1755 2442 1883 2464 nervos
1902 2430 2077 2463 societatis
2093 2441 2177 2473 pro-

1183 2492 1260 2530 pter
1277 2483 1371 2517 hunc
1388 2484 1553 2516 ultimum
1572 2483 1675 2514 finem
1687 2507 1695 2520 ,
1724 2488 1762 2515 ut
1780 2481 1817 2513 in
1835 2489 1935 2515 coetu
1953 2488 2094 2514 sonaret
2110 2482 2175 2513 do-

1182 2537 1293 2570 ctrina
1321 2537 1362 2568 de
1387 2533 1480 2574 Deo,
1509 2541 1541 2567 et
1564 2534 1624 2566 alii
1650 2533 1738 2566 alios
1760 2534 1925 2566 docerent
1950 2533 1993 2565 de
2017 2531 2111 2572 Deo,
2140 2538 2172 2565 et

1179 2643 1433 2683 temperarent,
1461 2642 1493 2670 et
1514 2636 1635 2670 fierent
1654 2633 1823 2669 haeredes
1837 2642 1998 2669 aeternae
2016 2646 2125 2668 consu
2137 2646 2173 2666 e-
