<?xml version="1.0" encoding="UTF-8"?>
<!DOCTYPE html PUBLIC "-//W3C//DTD XHTML 1.0 Transitional//EN"
    "http://www.w3.org/TR/xhtml1/DTD/xhtml1-transitional.dtd">
<html xmlns="http://www.w3.org/1999/xhtml" xml:lang="en" lang="en">
 <head>
  <title>
</title>
<meta http-equiv="Content-Type" content="text/html;charset=utf-8" />
  <meta name='ocr-system' content='tesseract 3.04.00' />
  <meta name='ocr-capabilities' content='ocr_page ocr_carea ocr_par ocr_line ocrx_word'/>
</head>
<body>
  <div class='ocr_page' id='page_1' title='image "./operaquaesupersu13melauoft_0634.png"; bbox 0 0 2379 2948; ppageno 0'>
   <div class='ocr_carea' id='block_1_1' title="bbox 220 120 315 156">
    <p class='ocr_par' dir='ltr' id='par_1_1' title="bbox 220 120 315 156">
     <span class='ocr_line' id='line_1_1' title="bbox 220 120 315 156; baseline -0.032 0"><span class='ocrx_word' id='word_1_1' title='bbox 220 120 315 156; x_wconf 73' lang='lat'>1247</span> 
     </span>
    </p>
   </div>
   <div class='ocr_carea' id='block_1_2' title="bbox 216 197 1207 295">
    <p class='ocr_par' dir='ltr' id='par_1_2' title="bbox 216 197 1207 295">
     <span class='ocr_line' id='line_1_2' title="bbox 318 197 1207 241; baseline -0.01 -2"><span class='ocrx_word' id='word_1_2' title='bbox 318 204 357 239; x_wconf 93' lang='lat' dir='ltr'>ln</span> <span class='ocrx_word' id='word_1_3' title='bbox 374 216 411 238; x_wconf 90' lang='lat' dir='ltr'>ea</span> <span class='ocrx_word' id='word_1_4' title='bbox 425 201 616 237; x_wconf 80' lang='lat' dir='ltr'>Academia</span> <span class='ocrx_word' id='word_1_5' title='bbox 637 212 715 234; x_wconf 90' lang='lat' dir='ltr'>cum</span> <span class='ocrx_word' id='word_1_6' title='bbox 733 198 792 232; x_wconf 90' lang='lat' dir='ltr'>alii</span> <span class='ocrx_word' id='word_1_7' title='bbox 812 198 914 232; x_wconf 86' lang='lat' dir='ltr'>multi</span> <span class='ocrx_word' id='word_1_8' title='bbox 932 197 996 231; x_wconf 90' lang='lat' dir='ltr'>tibi</span> <span class='ocrx_word' id='word_1_9' title='bbox 1019 197 1207 241; x_wconf 85' lang='lat' dir='ltr'>gratitudi-</span> 
     </span>
     <span class='ocr_line' id='line_1_3' title="bbox 216 250 1205 295; baseline -0.01 -4"><span class='ocrx_word' id='word_1_10' title='bbox 216 269 297 291; x_wconf 89' lang='lat' dir='ltr'>nem</span> <span class='ocrx_word' id='word_1_11' title='bbox 316 267 412 290; x_wconf 90' lang='lat' dir='ltr'>suam</span> <span class='ocrx_word' id='word_1_12' title='bbox 425 282 434 295; x_wconf 89' lang='lat'><em>‚</em></span> <span class='ocrx_word' id='word_1_13' title='bbox 461 253 523 287; x_wconf 89' lang='lat' dir='ltr'>ubi</span> <span class='ocrx_word' id='word_1_14' title='bbox 542 252 640 285; x_wconf 91' lang='lat' dir='ltr'>nulla</span> <span class='ocrx_word' id='word_1_15' title='bbox 665 257 769 284; x_wconf 90' lang='lat' dir='ltr'>erunt</span> <span class='ocrx_word' id='word_1_16' title='bbox 789 250 905 283; x_wconf 82' lang='lat' dir='ltr'>fucata</span> <span class='ocrx_word' id='word_1_17' title='bbox 925 250 1058 292; x_wconf 79' lang='lat' dir='ltr'>officia,</span> <span class='ocrx_word' id='word_1_18' title='bbox 1088 255 1205 282; x_wconf 86' lang='lat' dir='ltr'>osten-</span> 
     </span>
    </p>
   </div>
   <div class='ocr_carea' id='block_1_3' title="bbox 217 403 1209 859">
    <p class='ocr_par' dir='ltr' id='par_1_3' title="bbox 217 403 1209 859">
     <span class='ocr_line' id='line_1_4' title="bbox 218 403 1206 448; baseline -0.011 -4"><span class='ocrx_word' id='word_1_19' title='bbox 218 409 420 444; x_wconf 88' lang='lat' dir='ltr'>coelestium</span> <span class='ocrx_word' id='word_1_20' title='bbox 438 413 469 439; x_wconf 89' lang='lat' dir='ltr'>et</span> <span class='ocrx_word' id='word_1_21' title='bbox 486 406 666 439; x_wconf 84' lang='lat' dir='ltr'>stellarum</span> <span class='ocrx_word' id='word_1_22' title='bbox 687 404 839 448; x_wconf 79' lang='lat' dir='ltr'>picturas</span> <span class='ocrx_word' id='word_1_23' title='bbox 857 403 1010 446; x_wconf 87' lang='lat' dir='ltr'>primum</span> <span class='ocrx_word' id='word_1_24' title='bbox 1029 408 1206 434; x_wconf 88' lang='lat' dir='ltr'>monstra-</span> 
     </span>
     <span class='ocr_line' id='line_1_5' title="bbox 218 454 1208 501; baseline -0.011 -6"><span class='ocrx_word' id='word_1_25' title='bbox 218 462 280 501; x_wconf 89' lang='lat' dir='ltr'>sti,</span> <span class='ocrx_word' id='word_1_26' title='bbox 309 467 341 493; x_wconf 89' lang='lat' dir='ltr'>et</span> <span class='ocrx_word' id='word_1_27' title='bbox 358 459 503 492; x_wconf 87' lang='lat' dir='ltr'>insitum</span> <span class='ocrx_word' id='word_1_28' title='bbox 523 456 640 489; x_wconf 85' lang='lat' dir='ltr'>animo</span> <span class='ocrx_word' id='word_1_29' title='bbox 658 466 813 488; x_wconf 85' lang='lat' dir='ltr'>amorem</span> <span class='ocrx_word' id='word_1_30' title='bbox 833 454 1122 497; x_wconf 88' lang='lat' dir='ltr'>pulcerrimarum</span> <span class='ocrx_word' id='word_1_31' title='bbox 1151 464 1208 485; x_wconf 88' lang='lat' dir='ltr'>ar-</span> 
     </span>
     <span class='ocr_line' id='line_1_6' title="bbox 219 505 1208 556; baseline -0.01 -11"><span class='ocrx_word' id='word_1_32' title='bbox 219 513 304 546; x_wconf 89' lang='lat' dir='ltr'>tium</span> <span class='ocrx_word' id='word_1_33' title='bbox 325 510 459 556; x_wconf 90' lang='lat' dir='ltr'>primus</span> <span class='ocrx_word' id='word_1_34' title='bbox 478 507 577 553; x_wconf 87' lang='lat' dir='ltr'>quasi</span> <span class='ocrx_word' id='word_1_35' title='bbox 594 507 666 539; x_wconf 90' lang='lat' dir='ltr'>face</span> <span class='ocrx_word' id='word_1_36' title='bbox 685 507 837 544; x_wconf 83' lang='lat' dir='ltr'>admota,</span> <span class='ocrx_word' id='word_1_37' title='bbox 856 505 926 537; x_wconf 88' lang='lat' dir='ltr'>illis</span> <span class='ocrx_word' id='word_1_38' title='bbox 946 505 1014 537; x_wconf 88' lang='lat' dir='ltr'>tuis</span> <span class='ocrx_word' id='word_1_39' title='bbox 1031 509 1208 536; x_wconf 87' lang='lat' dir='ltr'>monstra—</span> 
     </span>
     <span class='ocr_line' id='line_1_7' title="bbox 218 554 1208 602; baseline -0.01 -6"><span class='ocrx_word' id='word_1_40' title='bbox 218 563 378 597; x_wconf 73' lang='lat' dir='ltr'>tionibus</span> <span class='ocrx_word' id='word_1_41' title='bbox 414 558 611 593; x_wconf 82' lang='lat' dir='ltr'>exuscitasti</span> <span class='ocrx_word' id='word_1_42' title='bbox 652 564 755 602; x_wconf 89' lang='lat' dir='ltr'>atque</span> <span class='ocrx_word' id='word_1_43' title='bbox 798 555 1008 598; x_wconf 76' lang='lat' dir='ltr'>accendisti,</span> <span class='ocrx_word' id='word_1_44' title='bbox 1055 554 1208 599; x_wconf 91' lang='lat' dir='ltr'>denique</span> 
     </span>
     <span class='ocr_line' id='line_1_8' title="bbox 218 606 1208 659; baseline -0.01 -12"><span class='ocrx_word' id='word_1_45' title='bbox 218 614 311 659; x_wconf 87' lang='lat' dir='ltr'>quod</span> <span class='ocrx_word' id='word_1_46' title='bbox 337 609 427 645; x_wconf 86' lang='lat' dir='ltr'>mihi</span> <span class='ocrx_word' id='word_1_47' title='bbox 449 609 609 644; x_wconf 83' lang='lat' dir='ltr'>hortator</span> <span class='ocrx_word' id='word_1_48' title='bbox 632 608 730 642; x_wconf 88' lang='lat' dir='ltr'>suisti</span> <span class='ocrx_word' id='word_1_49' title='bbox 754 607 941 640; x_wconf 88' lang='lat' dir='ltr'>discendae</span> <span class='ocrx_word' id='word_1_50' title='bbox 959 606 1140 639; x_wconf 89' lang='lat' dir='ltr'>doctrinae</span> <span class='ocrx_word' id='word_1_51' title='bbox 1165 606 1208 638; x_wconf 91' lang='lat' dir='ltr'>de</span> 
     </span>
     <span class='ocr_line' id='line_1_9' title="bbox 218 657 1209 699; baseline -0.009 -1"><span class='ocrx_word' id='word_1_52' title='bbox 218 664 304 699; x_wconf 93' lang='lat' dir='ltr'>Deo.</span> <span class='ocrx_word' id='word_1_53' title='bbox 337 663 432 696; x_wconf 85' lang='lat' dir='ltr'>Haec</span> <span class='ocrx_word' id='word_1_54' title='bbox 449 669 508 695; x_wconf 89' lang='lat' dir='ltr'>tua</span> <span class='ocrx_word' id='word_1_55' title='bbox 525 660 693 694; x_wconf 85' lang='lat' dir='ltr'>beneficia</span> <span class='ocrx_word' id='word_1_56' title='bbox 719 671 797 692; x_wconf 89' lang='lat' dir='ltr'>cum</span> <span class='ocrx_word' id='word_1_57' title='bbox 815 658 956 690; x_wconf 81' lang='lat' dir='ltr'>maximi</span> <span class='ocrx_word' id='word_1_58' title='bbox 980 657 1122 697; x_wconf 81' lang='lat' dir='ltr'>faciam,</span> <span class='ocrx_word' id='word_1_59' title='bbox 1147 669 1209 690; x_wconf 85' lang='lat' dir='ltr'>vo-</span> 
     </span>
     <span class='ocr_line' id='line_1_10' title="bbox 217 708 1208 750; baseline -0.01 -1"><span class='ocrx_word' id='word_1_60' title='bbox 217 716 268 749; x_wconf 86' lang='lat' dir='ltr'>tui</span> <span class='ocrx_word' id='word_1_61' title='bbox 292 715 357 749; x_wconf 87' lang='lat' dir='ltr'>mei</span> <span class='ocrx_word' id='word_1_62' title='bbox 385 712 507 746; x_wconf 88' lang='lat' dir='ltr'>iudicii</span> <span class='ocrx_word' id='word_1_63' title='bbox 531 719 563 746; x_wconf 90' lang='lat' dir='ltr'>et</span> <span class='ocrx_word' id='word_1_64' title='bbox 586 722 682 744; x_wconf 86' lang='lat' dir='ltr'>meae</span> <span class='ocrx_word' id='word_1_65' title='bbox 700 710 892 742; x_wconf 76' lang='lat' dir='ltr'>voluntatis</span> <span class='ocrx_word' id='word_1_66' title='bbox 917 708 1208 750; x_wconf 79' lang='lat' dir='ltr'>significationem</span> 
     </span>
     <span class='ocr_line' id='line_1_11' title="bbox 217 758 1209 812; baseline -0.01 -12"><span class='ocrx_word' id='word_1_67' title='bbox 217 768 371 812; x_wconf 77' lang='lat' dir='ltr'>aliquam</span> <span class='ocrx_word' id='word_1_68' title='bbox 397 770 526 797; x_wconf 79' lang='lat' dir='ltr'>extare.</span> <span class='ocrx_word' id='word_1_69' title='bbox 581 761 663 795; x_wconf 86' lang='lat' dir='ltr'>Ideo</span> <span class='ocrx_word' id='word_1_70' title='bbox 688 773 766 793; x_wconf 90' lang='lat' dir='ltr'>cum</span> <span class='ocrx_word' id='word_1_71' title='bbox 798 758 861 792; x_wconf 88' lang='lat' dir='ltr'>hos</span> <span class='ocrx_word' id='word_1_72' title='bbox 891 759 1031 792; x_wconf 89' lang='lat' dir='ltr'>libellos</span> <span class='ocrx_word' id='word_1_73' title='bbox 1059 760 1209 799; x_wconf 81' lang='lat' dir='ltr'><strong>ederem,</strong></span> 
     </span>
     <span class='ocr_line' id='line_1_12' title="bbox 218 811 797 859; baseline -0.014 -8"><span class='ocrx_word' id='word_1_74' title='bbox 218 816 308 851; x_wconf 83' lang='lat' dir='ltr'>lianc</span> <span class='ocrx_word' id='word_1_75' title='bbox 324 817 367 850; x_wconf 89' lang='lat' dir='ltr'>ad</span> <span class='ocrx_word' id='word_1_76' title='bbox 381 822 413 849; x_wconf 91' lang='lat' dir='ltr'>te</span> <span class='ocrx_word' id='word_1_77' title='bbox 430 813 626 859; x_wconf 88' lang='lat' dir='ltr'>Epistolam</span> <span class='ocrx_word' id='word_1_78' title='bbox 644 811 797 857; x_wconf 79' lang='lat' dir='ltr'>praefixi.</span> 
     </span>
    </p>
   </div>
   <div class='ocr_carea' id='block_1_4' title="bbox 217 875 1210 1535">
    <p class='ocr_par' dir='ltr' id='par_1_4' title="bbox 217 875 1210 1535">
     <span class='ocr_line' id='line_1_13' title="bbox 318 875 1210 927; baseline -0.01 -9"><span class='ocrx_word' id='word_1_79' title='bbox 318 884 371 919; x_wconf 90' lang='lat' dir='ltr'>De</span> <span class='ocrx_word' id='word_1_80' title='bbox 390 883 473 927; x_wconf 88' lang='lat' dir='ltr'>ipsis</span> <span class='ocrx_word' id='word_1_81' title='bbox 499 888 615 915; x_wconf 81' lang='lat' dir='ltr'>autem</span> <span class='ocrx_word' id='word_1_82' title='bbox 640 878 902 913; x_wconf 87' lang='lat' dir='ltr'>commentariis</span> <span class='ocrx_word' id='word_1_83' title='bbox 924 878 989 912; x_wconf 84' lang='lat' dir='ltr'>tibi</span> <span class='ocrx_word' id='word_1_84' title='bbox 1016 885 1048 911; x_wconf 88' lang='lat' dir='ltr'>et</span> <span class='ocrx_word' id='word_1_85' title='bbox 1068 875 1123 910; x_wconf 83' lang='lat' dir='ltr'>his</span> <span class='ocrx_word' id='word_1_86' title='bbox 1143 889 1210 910; x_wconf 88' lang='lat' dir='ltr'>no—</span> 
     </span>
     <span class='ocr_line' id='line_1_14' title="bbox 218 929 1210 974; baseline -0.011 -3"><span class='ocrx_word' id='word_1_87' title='bbox 218 937 298 971; x_wconf 90' lang='lat' dir='ltr'>stris</span> <span class='ocrx_word' id='word_1_88' title='bbox 317 933 518 969; x_wconf 74' lang='lat' dir='ltr'>Academiis</span> <span class='ocrx_word' id='word_1_89' title='bbox 536 931 707 965; x_wconf 88' lang='lat' dir='ltr'>iudicium</span> <span class='ocrx_word' id='word_1_90' title='bbox 733 930 917 974; x_wconf 76' lang='lat' dir='ltr'>permitto,</span> <span class='ocrx_word' id='word_1_91' title='bbox 954 941 1042 974; x_wconf 87' lang='lat' dir='ltr'>quos</span> <span class='ocrx_word' id='word_1_92' title='bbox 1066 929 1210 973; x_wconf 81' lang='lat' dir='ltr'>quidem</span> 
     </span>
     <span class='ocr_line' id='line_1_15' title="bbox 218 980 1208 1029; baseline -0.011 -7"><span class='ocrx_word' id='word_1_93' title='bbox 218 1001 257 1022; x_wconf 89' lang='lat' dir='ltr'>eo</span> <span class='ocrx_word' id='word_1_94' title='bbox 280 987 396 1027; x_wconf 88' lang='lat' dir='ltr'>edidi,</span> <span class='ocrx_word' id='word_1_95' title='bbox 425 985 578 1029; x_wconf 89' lang='lat' dir='ltr'>primum</span> <span class='ocrx_word' id='word_1_96' title='bbox 591 1010 599 1023; x_wconf 86' lang='lat'>‚</span> <span class='ocrx_word' id='word_1_97' title='bbox 624 982 706 1027; x_wconf 86' lang='lat' dir='ltr'>quia</span> <span class='ocrx_word' id='word_1_98' title='bbox 723 981 902 1026; x_wconf 81' lang='lat' dir='ltr'>aliquibus</span> <span class='ocrx_word' id='word_1_99' title='bbox 921 980 1065 1013; x_wconf 84' lang='lat' dir='ltr'>lecturis</span> <span class='ocrx_word' id='word_1_100' title='bbox 1084 980 1208 1023; x_wconf 84' lang='lat' dir='ltr'>profu-</span> 
     </span>
     <span class='ocr_line' id='line_1_16' title="bbox 218 1029 1210 1080; baseline -0.011 -7"><span class='ocrx_word' id='word_1_101' title='bbox 218 1047 317 1074; x_wconf 84' lang='lat' dir='ltr'>turos</span> <span class='ocrx_word' id='word_1_102' title='bbox 335 1049 406 1071; x_wconf 89' lang='lat' dir='ltr'>esse</span> <span class='ocrx_word' id='word_1_103' title='bbox 427 1047 526 1080; x_wconf 89' lang='lat' dir='ltr'>spero</span> <span class='ocrx_word' id='word_1_104' title='bbox 540 1062 548 1075; x_wconf 89' lang='lat'>,</span> <span class='ocrx_word' id='word_1_105' title='bbox 575 1033 778 1078; x_wconf 84' lang='lat' dir='ltr'>praesertim</span> <span class='ocrx_word' id='word_1_106' title='bbox 797 1044 874 1065; x_wconf 87' lang='lat' dir='ltr'>cum</span> <span class='ocrx_word' id='word_1_107' title='bbox 892 1031 929 1064; x_wconf 89' lang='lat' dir='ltr'>in</span> <span class='ocrx_word' id='word_1_108' title='bbox 946 1029 1102 1064; x_wconf 80' lang='lat' dir='ltr'>Ecclesia</span> <span class='ocrx_word' id='word_1_109' title='bbox 1119 1042 1210 1063; x_wconf 84' lang='lat' dir='ltr'>sem—</span> 
     </span>
     <span class='ocr_line' id='line_1_17' title="bbox 217 1081 1208 1135; baseline -0.011 -11"><span class='ocrx_word' id='word_1_110' title='bbox 217 1103 279 1135; x_wconf 87' lang='lat' dir='ltr'>per</span> <span class='ocrx_word' id='word_1_111' title='bbox 298 1089 406 1134; x_wconf 81' lang='lat' dir='ltr'>prosit</span> <span class='ocrx_word' id='word_1_112' title='bbox 425 1094 540 1119; x_wconf 77' lang='lat' dir='ltr'>extare</span> <span class='ocrx_word' id='word_1_113' title='bbox 559 1085 759 1119; x_wconf 77' lang='lat' dir='ltr'>testimonia</span> <span class='ocrx_word' id='word_1_114' title='bbox 779 1095 899 1116; x_wconf 87' lang='lat' dir='ltr'>eorum</span> <span class='ocrx_word' id='word_1_115' title='bbox 913 1110 921 1123; x_wconf 89' lang='lat'>,</span> <span class='ocrx_word' id='word_1_116' title='bbox 950 1082 1008 1127; x_wconf 88' lang='lat' dir='ltr'>qui</span> <span class='ocrx_word' id='word_1_117' title='bbox 1028 1083 1120 1115; x_wconf 89' lang='lat' dir='ltr'>bona</span> <span class='ocrx_word' id='word_1_118' title='bbox 1141 1081 1208 1114; x_wconf 85' lang='lat' dir='ltr'>fide</span> 
     </span>
     <span class='ocr_line' id='line_1_18' title="bbox 217 1133 1208 1178; baseline -0.01 -3"><span class='ocrx_word' id='word_1_119' title='bbox 217 1142 414 1175; x_wconf 84' lang='lat' dir='ltr'>doctrinam</span> <span class='ocrx_word' id='word_1_120' title='bbox 434 1138 598 1172; x_wconf 80' lang='lat' dir='ltr'>traditam</span> <span class='ocrx_word' id='word_1_121' title='bbox 620 1148 637 1168; x_wconf 90' lang='lat' dir='ltr'>a</span> <span class='ocrx_word' id='word_1_122' title='bbox 655 1136 747 1168; x_wconf 89' lang='lat' dir='ltr'>notis</span> <span class='ocrx_word' id='word_1_123' title='bbox 766 1142 798 1168; x_wconf 91' lang='lat' dir='ltr'>et</span> <span class='ocrx_word' id='word_1_124' title='bbox 817 1134 972 1178; x_wconf 83' lang='lat' dir='ltr'>probatis</span> <span class='ocrx_word' id='word_1_125' title='bbox 992 1133 1208 1167; x_wconf 82' lang='lat' dir='ltr'>Ductoribus</span> 
     </span>
     <span class='ocr_line' id='line_1_19' title="bbox 218 1183 1208 1236; baseline -0.011 -10"><span class='ocrx_word' id='word_1_126' title='bbox 218 1196 441 1236; x_wconf 80' lang='lat' dir='ltr'>acceperunt.</span> <span class='ocrx_word' id='word_1_127' title='bbox 496 1188 637 1221; x_wconf 84' lang='lat' dir='ltr'>Deinde</span> <span class='ocrx_word' id='word_1_128' title='bbox 654 1186 736 1231; x_wconf 86' lang='lat' dir='ltr'>qnia</span> <span class='ocrx_word' id='word_1_129' title='bbox 756 1183 821 1218; x_wconf 87' lang='lat' dir='ltr'>hae</span> <span class='ocrx_word' id='word_1_130' title='bbox 841 1192 874 1218; x_wconf 87' lang='lat' dir='ltr'>et</span> <span class='ocrx_word' id='word_1_131' title='bbox 892 1184 1023 1217; x_wconf 86' lang='lat' dir='ltr'>similes</span> <span class='ocrx_word' id='word_1_132' title='bbox 1041 1184 1208 1217; x_wconf 88' lang='lat' dir='ltr'>lucubra-</span> 
     </span>
     <span class='ocr_line' id='line_1_20' title="bbox 218 1232 1209 1281; baseline -0.011 -4"><span class='ocrx_word' id='word_1_133' title='bbox 218 1245 332 1278; x_wconf 82' lang='lat' dir='ltr'>tiones</span> <span class='ocrx_word' id='word_1_134' title='bbox 350 1238 708 1274; x_wconf 85' lang='lat' dir='ltr'>refutantcalumuias</span> <span class='ocrx_word' id='word_1_135' title='bbox 724 1249 812 1281; x_wconf 87' lang='lat' dir='ltr'>quae</span> <span class='ocrx_word' id='word_1_136' title='bbox 831 1248 847 1268; x_wconf 90' lang='lat' dir='ltr'>a</span> <span class='ocrx_word' id='word_1_137' title='bbox 866 1235 987 1269; x_wconf 90' lang='lat' dir='ltr'>multis</span> <span class='ocrx_word' id='word_1_138' title='bbox 1006 1242 1126 1268; x_wconf 83' lang='lat' dir='ltr'>contra</span> <span class='ocrx_word' id='word_1_139' title='bbox 1145 1232 1209 1266; x_wconf 80' lang='lat' dir='ltr'>ba-</span> 
     </span>
     <span class='ocr_line' id='line_1_21' title="bbox 218 1285 1209 1336; baseline -0.01 -7"><span class='ocrx_word' id='word_1_140' title='bbox 218 1307 296 1329; x_wconf 87' lang='lat' dir='ltr'>rum</span> <span class='ocrx_word' id='word_1_141' title='bbox 330 1293 514 1336; x_wconf 84' lang='lat' dir='ltr'>regionum</span> <span class='ocrx_word' id='word_1_142' title='bbox 539 1288 712 1322; x_wconf 87' lang='lat' dir='ltr'>Ecclesias</span> <span class='ocrx_word' id='word_1_143' title='bbox 747 1288 941 1330; x_wconf 85' lang='lat' dir='ltr'>finguntur.</span> <span class='ocrx_word' id='word_1_144' title='bbox 1006 1285 1209 1328; x_wconf 77' lang='lat' dir='ltr'>intelligent</span> 
     </span>
     <span class='ocr_line' id='line_1_22' title="bbox 218 1336 1210 1380; baseline -0.011 -1"><span class='ocrx_word' id='word_1_145' title='bbox 218 1347 311 1380; x_wconf 90' lang='lat' dir='ltr'>enim</span> <span class='ocrx_word' id='word_1_146' title='bbox 330 1342 459 1377; x_wconf 87' lang='lat' dir='ltr'>eruditi</span> <span class='ocrx_word' id='word_1_147' title='bbox 479 1348 511 1374; x_wconf 88' lang='lat' dir='ltr'>et</span> <span class='ocrx_word' id='word_1_148' title='bbox 530 1342 649 1374; x_wconf 80' lang='lat' dir='ltr'>dextre</span> <span class='ocrx_word' id='word_1_149' title='bbox 668 1339 882 1377; x_wconf 90' lang='lat' dir='ltr'>iudicantes,</span> <span class='ocrx_word' id='word_1_150' title='bbox 908 1337 1054 1370; x_wconf 88' lang='lat' dir='ltr'>retineri</span> <span class='ocrx_word' id='word_1_151' title='bbox 1071 1349 1088 1369; x_wconf 89' lang='lat' dir='ltr'>a</span> <span class='ocrx_word' id='word_1_152' title='bbox 1106 1336 1210 1369; x_wconf 90' lang='lat' dir='ltr'>nobis</span> 
     </span>
     <span class='ocr_line' id='line_1_23' title="bbox 218 1385 1209 1441; baseline -0.011 -10"><span class='ocrx_word' id='word_1_153' title='bbox 218 1407 420 1441; x_wconf 84' lang='lat' dir='ltr'>germanam</span> <span class='ocrx_word' id='word_1_154' title='bbox 456 1400 487 1427; x_wconf 82' lang='lat' dir='ltr'>et</span> <span class='ocrx_word' id='word_1_155' title='bbox 510 1392 751 1434; x_wconf 85' lang='lat' dir='ltr'>incorruptam</span> <span class='ocrx_word' id='word_1_156' title='bbox 782 1388 978 1422; x_wconf 87' lang='lat' dir='ltr'>doctrinam</span> <span class='ocrx_word' id='word_1_157' title='bbox 1004 1385 1209 1422; x_wconf 83' lang='lat' dir='ltr'>Catholicae</span> 
     </span>
     <span class='ocr_line' id='line_1_24' title="bbox 217 1437 1208 1484; baseline -0.011 -3"><span class='ocrx_word' id='word_1_158' title='bbox 217 1446 393 1481; x_wconf 80' lang='lat' dir='ltr'>Ecclesiae</span> <span class='ocrx_word' id='word_1_159' title='bbox 410 1443 488 1484; x_wconf 86' lang='lat' dir='ltr'>Dei,</span> <span class='ocrx_word' id='word_1_160' title='bbox 517 1450 550 1476; x_wconf 91' lang='lat' dir='ltr'>et</span> <span class='ocrx_word' id='word_1_161' title='bbox 565 1441 691 1475; x_wconf 89' lang='lat' dir='ltr'>deduci</span> <span class='ocrx_word' id='word_1_162' title='bbox 711 1441 783 1484; x_wconf 90' lang='lat' dir='ltr'>pias</span> <span class='ocrx_word' id='word_1_163' title='bbox 801 1446 934 1472; x_wconf 84' lang='lat' dir='ltr'>mentes</span> <span class='ocrx_word' id='word_1_164' title='bbox 951 1439 992 1472; x_wconf 89' lang='lat' dir='ltr'>ad</span> <span class='ocrx_word' id='word_1_165' title='bbox 1016 1450 1133 1471; x_wconf 87' lang='lat' dir='ltr'>veram</span> <span class='ocrx_word' id='word_1_166' title='bbox 1143 1437 1208 1470; x_wconf 92' lang='lat' dir='ltr'>Dei</span> 
     </span>
     <span class='ocr_line' id='line_1_25' title="bbox 217 1488 1209 1535; baseline -0.011 -3"><span class='ocrx_word' id='word_1_167' title='bbox 217 1497 499 1535; x_wconf 73' lang='lat' dir='ltr'>invocationem,</span> <span class='ocrx_word' id='word_1_168' title='bbox 526 1500 558 1527; x_wconf 91' lang='lat' dir='ltr'>et</span> <span class='ocrx_word' id='word_1_169' title='bbox 586 1492 757 1525; x_wconf 82' lang='lat' dir='ltr'>virtutum</span> <span class='ocrx_word' id='word_1_170' title='bbox 783 1490 965 1531; x_wconf 82' lang='lat' dir='ltr'>exercitia,</span> <span class='ocrx_word' id='word_1_171' title='bbox 1000 1501 1088 1535; x_wconf 86' lang='lat' dir='ltr'>quae</span> <span class='ocrx_word' id='word_1_172' title='bbox 1113 1488 1209 1523; x_wconf 93' lang='lat' dir='ltr'>Deus</span> 
     </span>
    </p>
   </div>
   <div class='ocr_carea' id='block_1_5' title="bbox 219 1549 383 1594">
    <p class='ocr_par' dir='ltr' id='par_1_5' title="bbox 219 1549 383 1594">
     <span class='ocr_line' id='line_1_26' title="bbox 219 1549 383 1594; baseline -0.018 -10"><span class='ocrx_word' id='word_1_173' title='bbox 219 1549 383 1594; x_wconf 89' lang='lat' dir='ltr'>postulat.</span> 
     </span>
    </p>
   </div>
   <div class='ocr_carea' id='block_1_6' title="bbox 217 1609 1212 2318">
    <p class='ocr_par' dir='ltr' id='par_1_6' title="bbox 217 1609 1212 2318">
     <span class='ocr_line' id='line_1_27' title="bbox 318 1609 1209 1658; baseline -0.011 -9"><span class='ocrx_word' id='word_1_174' title='bbox 318 1615 390 1649; x_wconf 77' lang='lat' dir='ltr'>Nec</span> <span class='ocrx_word' id='word_1_175' title='bbox 411 1625 511 1658; x_wconf 88' lang='lat' dir='ltr'>opes,</span> <span class='ocrx_word' id='word_1_176' title='bbox 539 1624 602 1645; x_wconf 88' lang='lat' dir='ltr'>nec</span> <span class='ocrx_word' id='word_1_177' title='bbox 621 1611 779 1655; x_wconf 80' lang='lat' dir='ltr'>imperia,</span> <span class='ocrx_word' id='word_1_178' title='bbox 809 1621 872 1642; x_wconf 89' lang='lat' dir='ltr'>nec</span> <span class='ocrx_word' id='word_1_179' title='bbox 890 1609 1083 1653; x_wconf 83' lang='lat' dir='ltr'>potentiam</span> <span class='ocrx_word' id='word_1_180' title='bbox 1102 1619 1209 1652; x_wconf 86' lang='lat' dir='ltr'>quae-</span> 
     </span>
     <span class='ocr_line' id='line_1_28' title="bbox 217 1660 1210 1709; baseline -0.013 -6"><span class='ocrx_word' id='word_1_181' title='bbox 217 1682 274 1709; x_wconf 89' lang='lat' dir='ltr'>ro,</span> <span class='ocrx_word' id='word_1_182' title='bbox 302 1679 365 1700; x_wconf 89' lang='lat' dir='ltr'>nec</span> <span class='ocrx_word' id='word_1_183' title='bbox 389 1665 493 1699; x_wconf 90' lang='lat' dir='ltr'>velim</span> <span class='ocrx_word' id='word_1_184' title='bbox 514 1663 657 1708; x_wconf 89' lang='lat' dir='ltr'>politiae</span> <span class='ocrx_word' id='word_1_185' title='bbox 680 1660 932 1695; x_wconf 82' lang='lat' dir='ltr'>ecclesiasticae</span> <span class='ocrx_word' id='word_1_186' title='bbox 955 1660 1116 1692; x_wconf 86' lang='lat' dir='ltr'>ordinem</span> <span class='ocrx_word' id='word_1_187' title='bbox 1134 1666 1210 1691; x_wconf 91' lang='lat' dir='ltr'>tur-</span> 
     </span>
     <span class='ocr_line' id='line_1_29' title="bbox 218 1711 1210 1760; baseline -0.013 -6"><span class='ocrx_word' id='word_1_188' title='bbox 218 1720 314 1760; x_wconf 89' lang='lat' dir='ltr'>bari,</span> <span class='ocrx_word' id='word_1_189' title='bbox 349 1718 409 1751; x_wconf 91' lang='lat' dir='ltr'>sed</span> <span class='ocrx_word' id='word_1_190' title='bbox 433 1714 586 1749; x_wconf 87' lang='lat' dir='ltr'>discerni</span> <span class='ocrx_word' id='word_1_191' title='bbox 619 1725 737 1746; x_wconf 80' lang='lat' dir='ltr'>veram</span> <span class='ocrx_word' id='word_1_192' title='bbox 760 1711 1021 1744; x_wconf 81' lang='lat' dir='ltr'>invocationem</span> <span class='ocrx_word' id='word_1_193' title='bbox 1046 1722 1063 1742; x_wconf 94' lang='lat' dir='ltr'>a</span> <span class='ocrx_word' id='word_1_194' title='bbox 1086 1718 1210 1752; x_wconf 84' lang='lat' dir='ltr'>super-</span> 
     </span>
     <span class='ocr_line' id='line_1_30' title="bbox 218 1760 1209 1808; baseline -0.013 -3"><span class='ocrx_word' id='word_1_195' title='bbox 218 1771 361 1805; x_wconf 88' lang='lat' dir='ltr'>stitione</span> <span class='ocrx_word' id='word_1_196' title='bbox 383 1778 522 1801; x_wconf 89' lang='lat' dir='ltr'>necesse</span> <span class='ocrx_word' id='word_1_197' title='bbox 552 1772 613 1798; x_wconf 89' lang='lat' dir='ltr'>est.</span> <span class='ocrx_word' id='word_1_198' title='bbox 671 1763 708 1798; x_wconf 89' lang='lat' dir='ltr'>Si</span> <span class='ocrx_word' id='word_1_199' title='bbox 735 1763 812 1808; x_wconf 92' lang='lat' dir='ltr'>quis</span> <span class='ocrx_word' id='word_1_200' title='bbox 837 1769 952 1795; x_wconf 88' lang='lat' dir='ltr'>autem</span> <span class='ocrx_word' id='word_1_201' title='bbox 979 1768 1082 1804; x_wconf 83' lang='lat' dir='ltr'>negat</span> <span class='ocrx_word' id='word_1_202' title='bbox 1103 1760 1209 1793; x_wconf 84' lang='lat' dir='ltr'>fuisse</span> 
     </span>
     <span class='ocr_line' id='line_1_31' title="bbox 219 1813 1207 1856; baseline -0.013 0"><span class='ocrx_word' id='word_1_203' title='bbox 219 1832 354 1856; x_wconf 93' lang='lat' dir='ltr'>errores</span> <span class='ocrx_word' id='word_1_204' title='bbox 372 1821 410 1853; x_wconf 89' lang='lat' dir='ltr'>in</span> <span class='ocrx_word' id='word_1_205' title='bbox 422 1814 686 1852; x_wconf 81' lang='lat' dir='ltr'>Monacliorum</span> <span class='ocrx_word' id='word_1_206' title='bbox 705 1813 876 1853; x_wconf 87' lang='lat' dir='ltr'>doctrina,</span> <span class='ocrx_word' id='word_1_207' title='bbox 905 1819 963 1846; x_wconf 84' lang='lat' dir='ltr'>aut</span> <span class='ocrx_word' id='word_1_208' title='bbox 983 1820 1055 1845; x_wconf 89' lang='lat' dir='ltr'>arte</span> <span class='ocrx_word' id='word_1_209' title='bbox 1074 1823 1131 1844; x_wconf 89' lang='lat' dir='ltr'>eos</span> <span class='ocrx_word' id='word_1_210' title='bbox 1151 1823 1207 1844; x_wconf 78' lang='lat' dir='ltr'>ex-</span> 
     </span>
     <span class='ocr_line' id='line_1_32' title="bbox 219 1862 1207 1914; baseline -0.014 -6"><span class='ocrx_word' id='word_1_211' title='bbox 219 1880 334 1913; x_wconf 86' lang='lat' dir='ltr'>cusat,</span> <span class='ocrx_word' id='word_1_212' title='bbox 370 1883 409 1904; x_wconf 90' lang='lat' dir='ltr'>ac</span> <span class='ocrx_word' id='word_1_213' title='bbox 432 1869 565 1914; x_wconf 77' lang='lat' dir='ltr'>pingit,</span> <span class='ocrx_word' id='word_1_214' title='bbox 600 1874 638 1900; x_wconf 91' lang='lat' dir='ltr'>ut</span> <span class='ocrx_word' id='word_1_215' title='bbox 662 1878 756 1898; x_wconf 88' lang='lat' dir='ltr'>nunc</span> <span class='ocrx_word' id='word_1_216' title='bbox 783 1864 886 1898; x_wconf 88' lang='lat' dir='ltr'>multi</span> <span class='ocrx_word' id='word_1_217' title='bbox 919 1863 1072 1903; x_wconf 85' lang='lat' dir='ltr'>faciunt,</span> <span class='ocrx_word' id='word_1_218' title='bbox 1107 1863 1136 1895; x_wconf 91' lang='lat' dir='ltr'>is</span> <span class='ocrx_word' id='word_1_219' title='bbox 1172 1862 1207 1894; x_wconf 92' lang='lat' dir='ltr'>in</span> 
     </span>
     <span class='ocr_line' id='line_1_33' title="bbox 219 1914 1209 1961; baseline -0.013 -3"><span class='ocrx_word' id='word_1_220' title='bbox 219 1937 256 1958; x_wconf 92' lang='lat' dir='ltr'>re</span> <span class='ocrx_word' id='word_1_221' title='bbox 280 1922 464 1957; x_wconf 82' lang='lat' dir='ltr'>manifesta</span> <span class='ocrx_word' id='word_1_222' title='bbox 490 1919 715 1961; x_wconf 72' lang='lat' dir='ltr'>impudenter</span> <span class='ocrx_word' id='word_1_223' title='bbox 737 1916 840 1950; x_wconf 86' lang='lat' dir='ltr'>ludit.</span> <span class='ocrx_word' id='word_1_224' title='bbox 894 1914 974 1948; x_wconf 75' lang='lat' dir='ltr'>Non</span> <span class='ocrx_word' id='word_1_225' title='bbox 993 1926 1067 1947; x_wconf 89' lang='lat' dir='ltr'>sum</span> <span class='ocrx_word' id='word_1_226' title='bbox 1085 1920 1209 1946; x_wconf 88' lang='lat' dir='ltr'>natura</span> 
     </span>
     <span class='ocr_line' id='line_1_34' title="bbox 220 1964 1210 2020; baseline -0.012 -12"><span class='ocrx_word' id='word_1_227' title='bbox 220 1985 360 2020; x_wconf 79' lang='lat' dir='ltr'>pugnax</span> <span class='ocrx_word' id='word_1_228' title='bbox 385 1978 417 2005; x_wconf 89' lang='lat' dir='ltr'>et</span> <span class='ocrx_word' id='word_1_229' title='bbox 440 1965 626 2016; x_wconf 59' lang='grc' dir='ltr'><em>φιλόνικος</em></span> <span class='ocrx_word' id='word_1_230' title='bbox 651 1975 682 2000; x_wconf 90' lang='lat' dir='ltr'>et</span> <span class='ocrx_word' id='word_1_231' title='bbox 706 1967 850 1999; x_wconf 78' lang='lat' dir='ltr'>modum</span> <span class='ocrx_word' id='word_1_232' title='bbox 871 1967 1023 2009; x_wconf 72' lang='lat' dir='ltr'>aliquem</span> <span class='ocrx_word' id='word_1_233' title='bbox 1047 1976 1118 1997; x_wconf 82' lang='lat' dir='ltr'>esse</span> <span class='ocrx_word' id='word_1_234' title='bbox 1138 1964 1210 1997; x_wconf 84' lang='lat' dir='ltr'>dis-</span> 
     </span>
     <span class='ocr_line' id='line_1_35' title="bbox 219 2016 1210 2070; baseline -0.012 -11"><span class='ocrx_word' id='word_1_235' title='bbox 219 2024 444 2070; x_wconf 87' lang='lat' dir='ltr'>putationum</span> <span class='ocrx_word' id='word_1_236' title='bbox 464 2033 541 2053; x_wconf 89' lang='lat' dir='ltr'>cum</span> <span class='ocrx_word' id='word_1_237' title='bbox 565 2020 602 2051; x_wconf 93' lang='lat' dir='ltr'>in</span> <span class='ocrx_word' id='word_1_238' title='bbox 619 2018 716 2051; x_wconf 89' lang='lat' dir='ltr'>omni</span> <span class='ocrx_word' id='word_1_239' title='bbox 739 2018 827 2055; x_wconf 63' lang='lat' dir='ltr'>vita,</span> <span class='ocrx_word' id='word_1_240' title='bbox 854 2025 927 2050; x_wconf 91' lang='lat' dir='ltr'>tum</span> <span class='ocrx_word' id='word_1_241' title='bbox 956 2028 1036 2049; x_wconf 81' lang='lat' dir='ltr'>vero</span> <span class='ocrx_word' id='word_1_242' title='bbox 1063 2016 1210 2048; x_wconf 80' lang='lat' dir='ltr'>maxime</span> 
     </span>
     <span class='ocr_line' id='line_1_36' title="bbox 220 2069 775 2115; baseline -0.02 -5"><span class='ocrx_word' id='word_1_243' title='bbox 220 2078 258 2110; x_wconf 85' lang='lat' dir='ltr'>in</span> <span class='ocrx_word' id='word_1_244' title='bbox 281 2073 437 2109; x_wconf 86' lang='lat' dir='ltr'>Ecclesia</span> <span class='ocrx_word' id='word_1_245' title='bbox 460 2077 622 2115; x_wconf 87' lang='lat' dir='ltr'>oportere</span> <span class='ocrx_word' id='word_1_246' title='bbox 646 2069 775 2101; x_wconf 74' lang='lat' dir='ltr'>iudico.</span> 
     </span>
     <span class='ocr_line' id='line_1_37' title="bbox 220 2116 1210 2164; baseline -0.012 -3"><span class='ocrx_word' id='word_1_247' title='bbox 220 2139 301 2161; x_wconf 88' lang='lat' dir='ltr'>nam</span> <span class='ocrx_word' id='word_1_248' title='bbox 320 2123 549 2159; x_wconf 86' lang='lat' dir='ltr'>necessariam</span> <span class='ocrx_word' id='word_1_249' title='bbox 570 2117 855 2164; x_wconf 89' lang='lat' dir='ltr'>sineSophistica</span> <span class='ocrx_word' id='word_1_250' title='bbox 875 2125 990 2151; x_wconf 79' lang='lat' dir='ltr'>extare</span> <span class='ocrx_word' id='word_1_251' title='bbox 1008 2118 1044 2150; x_wconf 85' lang='lat' dir='ltr'>in</span> <span class='ocrx_word' id='word_1_252' title='bbox 1054 2116 1210 2151; x_wconf 85' lang='lat' dir='ltr'>Ecclesia</span> 
     </span>
     <span class='ocr_line' id='line_1_38' title="bbox 220 2167 1210 2218; baseline -0.011 -6"><span class='ocrx_word' id='word_1_253' title='bbox 220 2179 430 2212; x_wconf 83' lang='lat' dir='ltr'>illustratam</span> <span class='ocrx_word' id='word_1_254' title='bbox 461 2180 552 2218; x_wconf 89' lang='lat' dir='ltr'>opto.</span> <span class='ocrx_word' id='word_1_255' title='bbox 616 2170 795 2204; x_wconf 88' lang='lat' dir='ltr'>Praedicit</span> <span class='ocrx_word' id='word_1_256' title='bbox 830 2170 902 2213; x_wconf 88' lang='lat' dir='ltr'>ipse</span> <span class='ocrx_word' id='word_1_257' title='bbox 932 2170 1025 2201; x_wconf 81' lang='lat' dir='ltr'>filius</span> <span class='ocrx_word' id='word_1_258' title='bbox 1049 2167 1131 2207; x_wconf 80' lang='lat' dir='ltr'>Dei,</span> <span class='ocrx_word' id='word_1_259' title='bbox 1174 2169 1210 2201; x_wconf 89' lang='lat' dir='ltr'>in</span> 
     </span>
     <span class='ocr_line' id='line_1_39' title="bbox 222 2220 1212 2265; baseline -0.01 -2"><span class='ocrx_word' id='word_1_260' title='bbox 222 2236 373 2263; x_wconf 83' lang='lat' dir='ltr'>extrema</span> <span class='ocrx_word' id='word_1_261' title='bbox 401 2225 525 2259; x_wconf 91' lang='lat' dir='ltr'>mundi</span> <span class='ocrx_word' id='word_1_262' title='bbox 553 2229 687 2256; x_wconf 81' lang='lat' dir='ltr'>senecta</span> <span class='ocrx_word' id='word_1_263' title='bbox 714 2233 903 2265; x_wconf 85' lang='lat' dir='ltr'>regnorum</span> <span class='ocrx_word' id='word_1_264' title='bbox 931 2220 1155 2253; x_wconf 85' lang='lat' dir='ltr'>confusiones</span> <span class='ocrx_word' id='word_1_265' title='bbox 1180 2227 1212 2253; x_wconf 88' lang='lat' dir='ltr'>et</span> 
     </span>
     <span class='ocr_line' id='line_1_40' title="bbox 221 2273 1065 2318; baseline -0.011 -4"><span class='ocrx_word' id='word_1_266' title='bbox 221 2280 340 2314; x_wconf 88' lang='lat' dir='ltr'>ruinas</span> <span class='ocrx_word' id='word_1_267' title='bbox 359 2277 531 2313; x_wconf 82' lang='lat' dir='ltr'>tristiores</span> <span class='ocrx_word' id='word_1_268' title='bbox 546 2276 640 2315; x_wconf 85' lang='lat' dir='ltr'>sore,</span> <span class='ocrx_word' id='word_1_269' title='bbox 668 2285 772 2318; x_wconf 90' lang='lat' dir='ltr'>quam</span> <span class='ocrx_word' id='word_1_270' title='bbox 792 2273 935 2305; x_wconf 89' lang='lat' dir='ltr'>fuerunt</span> <span class='ocrx_word' id='word_1_271' title='bbox 954 2278 1065 2305; x_wconf 88' lang='lat' dir='ltr'>antea.</span> 
     </span>
    </p>
   </div>
   <div class='ocr_carea' id='block_1_7' title="bbox 221 2338 1213 2743">
    <p class='ocr_par' dir='ltr' id='par_1_7' title="bbox 221 2338 1213 2743">
     <span class='ocr_line' id='line_1_41' title="bbox 324 2338 1212 2385; baseline -0.011 -4"><span class='ocrx_word' id='word_1_272' title='bbox 324 2346 370 2381; x_wconf 85' lang='lat' dir='ltr'>Et</span> <span class='ocrx_word' id='word_1_273' title='bbox 398 2358 476 2379; x_wconf 91' lang='lat' dir='ltr'>cum</span> <span class='ocrx_word' id='word_1_274' title='bbox 502 2344 593 2376; x_wconf 84' lang='lat' dir='ltr'>bella</span> <span class='ocrx_word' id='word_1_275' title='bbox 623 2341 830 2385; x_wconf 86' lang='lat' dir='ltr'>disciplinae</span> <span class='ocrx_word' id='word_1_276' title='bbox 856 2350 983 2372; x_wconf 81' lang='lat' dir='ltr'>nervos</span> <span class='ocrx_word' id='word_1_277' title='bbox 1006 2338 1143 2377; x_wconf 79' lang='lat' dir='ltr'>laxant,</span> <span class='ocrx_word' id='word_1_278' title='bbox 1181 2345 1212 2371; x_wconf 88' lang='lat' dir='ltr'>et</span> 
     </span>
     <span class='ocr_line' id='line_1_42' title="bbox 222 2389 1212 2443; baseline -0.012 -11"><span class='ocrx_word' id='word_1_279' title='bbox 222 2399 421 2443; x_wconf 84' lang='lat' dir='ltr'>impediunt</span> <span class='ocrx_word' id='word_1_280' title='bbox 441 2394 675 2429; x_wconf 89' lang='lat' dir='ltr'>intentionem</span> <span class='ocrx_word' id='word_1_281' title='bbox 697 2392 897 2425; x_wconf 91' lang='lat' dir='ltr'>animorum</span> <span class='ocrx_word' id='word_1_282' title='bbox 924 2391 960 2423; x_wconf 91' lang='lat' dir='ltr'>in</span> <span class='ocrx_word' id='word_1_283' title='bbox 978 2390 1155 2422; x_wconf 85' lang='lat' dir='ltr'>discendis</span> <span class='ocrx_word' id='word_1_284' title='bbox 1170 2389 1212 2422; x_wconf 87' lang='lat' dir='ltr'>iis</span> 
     </span>
     <span class='ocr_line' id='line_1_43' title="bbox 222 2439 1213 2493; baseline -0.01 -10"><span class='ocrx_word' id='word_1_285' title='bbox 222 2451 356 2484; x_wconf 81' lang='lat' dir='ltr'>artibus</span> <span class='ocrx_word' id='word_1_286' title='bbox 382 2459 471 2493; x_wconf 88' lang='lat' dir='ltr'>quae</span> <span class='ocrx_word' id='word_1_287' title='bbox 495 2445 605 2479; x_wconf 93' lang='lat' dir='ltr'>literis</span> <span class='ocrx_word' id='word_1_288' title='bbox 641 2443 888 2480; x_wconf 84' lang='lat' dir='ltr'>continentur,</span> <span class='ocrx_word' id='word_1_289' title='bbox 923 2439 1100 2474; x_wconf 82' lang='lat' dir='ltr'>Ecclesiae</span> <span class='ocrx_word' id='word_1_290' title='bbox 1123 2440 1213 2473; x_wconf 86' lang='lat' dir='ltr'>fiunt</span> 
     </span>
     <span class='ocr_line' id='line_1_44' title="bbox 224 2492 1210 2546; baseline -0.011 -12"><span class='ocrx_word' id='word_1_291' title='bbox 224 2500 477 2546; x_wconf 86' lang='lat' dir='ltr'>squalidiores,</span> <span class='ocrx_word' id='word_1_292' title='bbox 505 2503 625 2542; x_wconf 83' lang='lat' dir='ltr'>estque</span> <span class='ocrx_word' id='word_1_293' title='bbox 650 2495 818 2528; x_wconf 88' lang='lat' dir='ltr'>usitatum</span> <span class='ocrx_word' id='word_1_294' title='bbox 843 2505 937 2526; x_wconf 90' lang='lat' dir='ltr'>nunc</span> <span class='ocrx_word' id='word_1_295' title='bbox 957 2503 1097 2537; x_wconf 80' lang='lat' dir='ltr'>quoque</span> <span class='ocrx_word' id='word_1_296' title='bbox 1116 2492 1210 2536; x_wconf 91' lang='lat' dir='ltr'>quod</span> 
     </span>
     <span class='ocr_line' id='line_1_45' title="bbox 222 2539 1211 2594; baseline -0.01 -9"><span class='ocrx_word' id='word_1_297' title='bbox 222 2550 414 2594; x_wconf 86' lang='lat' dir='ltr'>Euripides</span> <span class='ocrx_word' id='word_1_298' title='bbox 425 2549 526 2582; x_wconf 77' lang='lat' dir='ltr'>dixit:</span> <span class='ocrx_word' id='word_1_299' title='bbox 544 2543 778 2590; x_wconf 72' lang='grc' dir='ltr'><em>κακωθείσης</em></span> <span class='ocrx_word' id='word_1_300' title='bbox 794 2540 918 2590; x_wconf 72' lang='grc' dir='ltr'><em>χώρας</em></span> <span class='ocrx_word' id='word_1_301' title='bbox 935 2543 1055 2581; x_wconf 71' lang='grc' dir='ltr'>γονεῖς</span> <span class='ocrx_word' id='word_1_302' title='bbox 1074 2539 1118 2576; x_wconf 78' lang='grc' dir='ltr'>τὰ</span> <span class='ocrx_word' id='word_1_303' title='bbox 1138 2543 1211 2576; x_wconf 79' lang='grc' dir='ltr'>τῶν</span> 
     </span>
     <span class='ocr_line' id='line_1_46' title="bbox 221 2592 1213 2641; baseline -0.012 -5"><span class='ocrx_word' id='word_1_304' title='bbox 221 2601 338 2637; x_wconf 78' lang='grc' dir='ltr'><em>θεῶν.</em></span> <span class='ocrx_word' id='word_1_305' title='bbox 393 2601 444 2632; x_wconf 73' lang='lat' dir='ltr'>Ac</span> <span class='ocrx_word' id='word_1_306' title='bbox 465 2599 566 2632; x_wconf 90' lang='lat' dir='ltr'>multi</span> <span class='ocrx_word' id='word_1_307' title='bbox 587 2604 773 2641; x_wconf 88' lang='lat' dir='ltr'>conspectu</span> <span class='ocrx_word' id='word_1_308' title='bbox 794 2595 1014 2639; x_wconf 90' lang='lat' dir='ltr'>publicarum</span> <span class='ocrx_word' id='word_1_309' title='bbox 1038 2600 1071 2626; x_wconf 94' lang='lat' dir='ltr'>et</span> <span class='ocrx_word' id='word_1_310' title='bbox 1095 2592 1213 2636; x_wconf 81' lang='lat' dir='ltr'>priva-</span> 
     </span>
     <span class='ocr_line' id='line_1_47' title="bbox 223 2645 1212 2688; baseline -0.011 -1"><span class='ocrx_word' id='word_1_311' title='bbox 223 2660 339 2687; x_wconf 88' lang='lat' dir='ltr'>tarum</span> <span class='ocrx_word' id='word_1_312' title='bbox 356 2650 591 2684; x_wconf 84' lang='lat' dir='ltr'>calamitatum</span> <span class='ocrx_word' id='word_1_313' title='bbox 609 2650 695 2682; x_wconf 88' lang='lat' dir='ltr'>adeo</span> <span class='ocrx_word' id='word_1_314' title='bbox 713 2653 920 2686; x_wconf 84' lang='lat' dir='ltr'>moventur,</span> <span class='ocrx_word' id='word_1_315' title='bbox 943 2652 981 2679; x_wconf 90' lang='lat' dir='ltr'>ut</span> <span class='ocrx_word' id='word_1_316' title='bbox 999 2645 1052 2677; x_wconf 85' lang='lat' dir='ltr'>vel</span> <span class='ocrx_word' id='word_1_317' title='bbox 1070 2645 1112 2677; x_wconf 91' lang='lat' dir='ltr'>de</span> <span class='ocrx_word' id='word_1_318' title='bbox 1130 2656 1212 2688; x_wconf 90' lang='lat' dir='ltr'>pro-</span> 
     </span>
     <span class='ocr_line' id='line_1_48' title="bbox 223 2695 1213 2743; baseline -0.01 -6"><span class='ocrx_word' id='word_1_319' title='bbox 223 2702 399 2743; x_wconf 81' lang='lat' dir='ltr'>videntia,</span> <span class='ocrx_word' id='word_1_320' title='bbox 427 2700 482 2734; x_wconf 75' lang='lat' dir='ltr'>vel</span> <span class='ocrx_word' id='word_1_321' title='bbox 500 2701 542 2733; x_wconf 87' lang='lat' dir='ltr'>de</span> <span class='ocrx_word' id='word_1_322' title='bbox 560 2700 719 2734; x_wconf 87' lang='lat' dir='ltr'>doctrina</span> <span class='ocrx_word' id='word_1_323' title='bbox 738 2696 913 2733; x_wconf 87' lang='lat' dir='ltr'>Ecclesiae</span> <span class='ocrx_word' id='word_1_324' title='bbox 932 2696 1108 2740; x_wconf 85' lang='lat' dir='ltr'>ambigere</span> <span class='ocrx_word' id='word_1_325' title='bbox 1124 2695 1213 2728; x_wconf 83' lang='lat' dir='ltr'>inci-</span> 
     </span>
    </p>
   </div>
   <div class='ocr_carea' id='block_1_8' title="bbox 812 109 1650 148">
    <p class='ocr_par' dir='ltr' id='par_1_8' title="bbox 812 109 1650 148">
     <span class='ocr_line' id='line_1_49' title="bbox 812 109 1650 148; baseline 0 -2"><span class='ocrx_word' id='word_1_326' title='bbox 812 111 937 146; x_wconf 88' lang='lat' dir='ltr'>PHIL.</span> <span class='ocrx_word' id='word_1_327' title='bbox 965 110 1081 148; x_wconf 86' lang='lat' dir='ltr'>MEL.</span> <span class='ocrx_word' id='word_1_328' title='bbox 1110 109 1321 146; x_wconf 80' lang='lat' dir='ltr'><strong>SCRIPTA</strong></span> <span class='ocrx_word' id='word_1_329' title='bbox 1349 109 1650 147; x_wconf 87' lang='lat' dir='ltr'>EXEGETICA.</span> 
     </span>
    </p>
   </div>
   <div class='ocr_carea' id='block_1_9' title="bbox 1233 277 1237 786">
    <p class='ocr_par' dir='ltr' id='par_1_9' title="bbox 1233 277 1237 786">
     <span class='ocr_line' id='line_1_50' title="bbox 1233 277 1237 786; baseline 0 0"><span class='ocrx_word' id='word_1_330' title='bbox 1233 277 1237 786; x_wconf 95' lang='lat' dir='ltr'> </span> 
     </span>
    </p>
   </div>
   <div class='ocr_carea' id='block_1_10' title="bbox 836 2067 1239 2101">
    <p class='ocr_par' dir='ltr' id='par_1_10' title="bbox 836 2067 1239 2101">
     <span class='ocr_line' id='line_1_51' title="bbox 836 2067 1239 2101; baseline -0.01 0"><span class='ocrx_word' id='word_1_331' title='bbox 836 2067 903 2101; x_wconf 88' lang='lat' dir='ltr'>Sed</span> <span class='ocrx_word' id='word_1_332' title='bbox 935 2074 1050 2100; x_wconf 89' lang='lat' dir='ltr'>tamen</span> <span class='ocrx_word' id='word_1_333' title='bbox 1078 2067 1211 2100; x_wconf 84' lang='lat' dir='ltr'>doctri-</span> <span class='ocrx_word' id='word_1_334' title='bbox 1234 2089 1239 2097; x_wconf 70' lang='grc'><strong>.</strong></span> 
     </span>
    </p>
   </div>
   <div class='ocr_carea' id='block_1_11' title="bbox 2153 111 2249 148">
    <p class='ocr_par' dir='ltr' id='par_1_11' title="bbox 2153 111 2249 148">
     <span class='ocr_line' id='line_1_52' title="bbox 2153 111 2249 148; baseline 0 -2"><span class='ocrx_word' id='word_1_335' title='bbox 2153 111 2249 148; x_wconf 76' lang='lat'>1248</span> 
     </span>
    </p>
   </div>
   <div class='ocr_carea' id='block_1_12' title="bbox 1259 195 2249 242">
    <p class='ocr_par' dir='ltr' id='par_1_12' title="bbox 1259 195 2249 242">
     <span class='ocr_line' id='line_1_53' title="bbox 1259 195 2249 242; baseline 0.001 -12"><span class='ocrx_word' id='word_1_336' title='bbox 1259 197 1378 242; x_wconf 89' lang='lat' dir='ltr'>piant,</span> <span class='ocrx_word' id='word_1_337' title='bbox 1405 209 1443 231; x_wconf 92' lang='lat' dir='ltr'>ac</span> <span class='ocrx_word' id='word_1_338' title='bbox 1468 209 1485 230; x_wconf 90' lang='lat' dir='ltr'>a</span> <span class='ocrx_word' id='word_1_339' title='bbox 1503 195 1578 230; x_wconf 90' lang='lat' dir='ltr'>Deo</span> <span class='ocrx_word' id='word_1_340' title='bbox 1598 197 1781 237; x_wconf 88' lang='lat' dir='ltr'>deficiant,</span> <span class='ocrx_word' id='word_1_341' title='bbox 1809 197 1964 232; x_wconf 88' lang='lat' dir='ltr'>Econtra</span> <span class='ocrx_word' id='word_1_342' title='bbox 1985 198 2098 231; x_wconf 85' lang='lat' dir='ltr'>bonae</span> <span class='ocrx_word' id='word_1_343' title='bbox 2115 205 2249 233; x_wconf 87' lang='lat' dir='ltr'>mentes</span> 
     </span>
    </p>
   </div>
   <div class='ocr_carea' id='block_1_13' title="bbox 216 246 2249 399">
    <p class='ocr_par' dir='ltr' id='par_1_13' title="bbox 216 246 2249 399">
     <span class='ocr_line' id='line_1_54' title="bbox 1233 246 2249 294; baseline 0.002 -13"><span class='ocrx_word' id='word_1_344' title='bbox 1233 246 1234 270; x_wconf 66' lang='lat'><em>3</em></span> <span class='ocrx_word' id='word_1_345' title='bbox 1259 248 1396 282; x_wconf 86' lang='lat' dir='ltr'>discant</span> <span class='ocrx_word' id='word_1_346' title='bbox 1412 260 1451 281; x_wconf 90' lang='lat' dir='ltr'>ex</span> <span class='ocrx_word' id='word_1_347' title='bbox 1469 249 1629 282; x_wconf 89' lang='lat' dir='ltr'>doctrina</span> <span class='ocrx_word' id='word_1_348' title='bbox 1647 249 1807 289; x_wconf 86' lang='lat' dir='ltr'>coelesti,</span> <span class='ocrx_word' id='word_1_349' title='bbox 1838 261 1927 294; x_wconf 88' lang='lat' dir='ltr'>quae</span> <span class='ocrx_word' id='word_1_350' title='bbox 1951 249 2022 282; x_wconf 87' lang='lat' dir='ltr'>sint</span> <span class='ocrx_word' id='word_1_351' title='bbox 2041 260 2142 282; x_wconf 86' lang='lat' dir='ltr'>verae</span> <span class='ocrx_word' id='word_1_352' title='bbox 2167 262 2249 283; x_wconf 83' lang='lat' dir='ltr'>cau-</span> 
     </span>
     <span class='ocr_line' id='line_1_55' title="bbox 216 297 1235 347; baseline -0.011 -5"><span class='ocrx_word' id='word_1_353' title='bbox 216 311 318 347; x_wconf 83' lang='lat' dir='ltr'>dent,</span> <span class='ocrx_word' id='word_1_354' title='bbox 345 314 419 340; x_wconf 90' lang='lat' dir='ltr'>tum</span> <span class='ocrx_word' id='word_1_355' title='bbox 444 303 585 347; x_wconf 84' lang='lat' dir='ltr'>egotibi</span> <span class='ocrx_word' id='word_1_356' title='bbox 605 303 732 346; x_wconf 83' lang='lat' dir='ltr'>gratias</span> <span class='ocrx_word' id='word_1_357' title='bbox 751 312 871 344; x_wconf 82' lang='lat' dir='ltr'>agam,</span> <span class='ocrx_word' id='word_1_358' title='bbox 899 302 994 345; x_wconf 87' lang='lat' dir='ltr'>quod</span> <span class='ocrx_word' id='word_1_359' title='bbox 1021 297 1107 332; x_wconf 83' lang='lat' dir='ltr'>milii</span> <span class='ocrx_word' id='word_1_360' title='bbox 1134 299 1206 343; x_wconf 83' lang='lat' dir='ltr'>pri·</span> <span class='ocrx_word' id='word_1_361' title='bbox 1232 309 1235 316; x_wconf 83' lang='lat'><strong>·</strong></span> 
     </span>
     <span class='ocr_line' id='line_1_56' title="bbox 218 351 1234 399; baseline -0.011 -6"><span class='ocrx_word' id='word_1_362' title='bbox 218 371 275 393; x_wconf 90' lang='lat' dir='ltr'>ma</span> <span class='ocrx_word' id='word_1_363' title='bbox 291 353 543 399; x_wconf 83' lang='lat' dir='ltr'>Philosophiae</span> <span class='ocrx_word' id='word_1_364' title='bbox 568 354 738 386; x_wconf 88' lang='lat' dir='ltr'>elementa</span> <span class='ocrx_word' id='word_1_365' title='bbox 763 351 959 391; x_wconf 81' lang='lat' dir='ltr'>tradidisti,</span> <span class='ocrx_word' id='word_1_366' title='bbox 993 351 1206 384; x_wconf 91' lang='lat' dir='ltr'>circulorum</span> <span class='ocrx_word' id='word_1_367' title='bbox 1232 383 1234 394; x_wconf 46' lang='grc'>1</span> 
     </span>
    </p>
   </div>
   <div class='ocr_carea' id='block_1_14' title="bbox 1260 299 2253 754">
    <p class='ocr_par' dir='ltr' id='par_1_14' title="bbox 1260 299 2253 754">
     <span class='ocr_line' id='line_1_57' title="bbox 1260 299 2249 340; baseline 0.002 -8"><span class='ocrx_word' id='word_1_368' title='bbox 1260 311 1314 332; x_wconf 89' lang='lat' dir='ltr'>sae</span> <span class='ocrx_word' id='word_1_369' title='bbox 1332 300 1554 333; x_wconf 88' lang='lat' dir='ltr'>miseriarum</span> <span class='ocrx_word' id='word_1_370' title='bbox 1572 300 1833 340; x_wconf 83' lang='lat' dir='ltr'>communium,</span> <span class='ocrx_word' id='word_1_371' title='bbox 1861 308 1893 335; x_wconf 88' lang='lat' dir='ltr'>et</span> <span class='ocrx_word' id='word_1_372' title='bbox 1912 299 2065 333; x_wconf 85' lang='lat' dir='ltr'>remedia</span> <span class='ocrx_word' id='word_1_373' title='bbox 2083 300 2249 334; x_wconf 86' lang='lat' dir='ltr'>salutaria</span> 
     </span>
     <span class='ocr_line' id='line_1_58' title="bbox 1260 350 2249 395; baseline 0.002 -12"><span class='ocrx_word' id='word_1_374' title='bbox 1260 358 1450 395; x_wconf 82' lang='lat' dir='ltr'>quaerant,</span> <span class='ocrx_word' id='word_1_375' title='bbox 1473 358 1660 395; x_wconf 82' lang='lat' dir='ltr'>excerpant</span> <span class='ocrx_word' id='word_1_376' title='bbox 1677 351 1873 385; x_wconf 87' lang='lat' dir='ltr'>doctrinam</span> <span class='ocrx_word' id='word_1_377' title='bbox 1899 350 2130 384; x_wconf 81' lang='lat' dir='ltr'>necessariam</span> <span class='ocrx_word' id='word_1_378' title='bbox 2151 363 2190 384; x_wconf 84' lang='lat' dir='ltr'>ex</span> <span class='ocrx_word' id='word_1_379' title='bbox 2205 352 2249 385; x_wconf 91' lang='lat' dir='ltr'>iis</span> 
     </span>
     <span class='ocr_line' id='line_1_59' title="bbox 1260 402 2251 447; baseline 0.002 -14"><span class='ocrx_word' id='word_1_380' title='bbox 1260 402 1574 446; x_wconf 86' lang='lat' dir='ltr'>disputationibus,</span> <span class='ocrx_word' id='word_1_381' title='bbox 1603 414 1691 447; x_wconf 89' lang='lat' dir='ltr'>quae</span> <span class='ocrx_word' id='word_1_382' title='bbox 1715 409 1767 436; x_wconf 91' lang='lat' dir='ltr'>tot</span> <span class='ocrx_word' id='word_1_383' title='bbox 1785 402 1854 435; x_wconf 87' lang='lat' dir='ltr'>iam</span> <span class='ocrx_word' id='word_1_384' title='bbox 1872 402 1975 435; x_wconf 89' lang='lat' dir='ltr'>annis</span> <span class='ocrx_word' id='word_1_385' title='bbox 1992 402 2138 445; x_wconf 86' lang='lat' dir='ltr'>agitatae</span> <span class='ocrx_word' id='word_1_386' title='bbox 2157 409 2251 442; x_wconf 87' lang='lat' dir='ltr'>sunt,</span> 
     </span>
     <span class='ocr_line' id='line_1_60' title="bbox 1260 452 2252 498; baseline 0.001 -13"><span class='ocrx_word' id='word_1_387' title='bbox 1260 452 1297 485; x_wconf 92' lang='lat' dir='ltr'>in</span> <span class='ocrx_word' id='word_1_388' title='bbox 1316 454 1444 497; x_wconf 91' lang='lat' dir='ltr'>quibus</span> <span class='ocrx_word' id='word_1_389' title='bbox 1460 453 1569 486; x_wconf 88' lang='lat' dir='ltr'>multa</span> <span class='ocrx_word' id='word_1_390' title='bbox 1587 460 1678 487; x_wconf 87' lang='lat' dir='ltr'>recte</span> <span class='ocrx_word' id='word_1_391' title='bbox 1702 460 1734 487; x_wconf 90' lang='lat' dir='ltr'>et</span> <span class='ocrx_word' id='word_1_392' title='bbox 1753 453 1809 498; x_wconf 83' lang='lat' dir='ltr'>pie</span> <span class='ocrx_word' id='word_1_393' title='bbox 1825 454 1992 498; x_wconf 85' lang='lat' dir='ltr'>patefacta</span> <span class='ocrx_word' id='word_1_394' title='bbox 2013 464 2103 493; x_wconf 88' lang='lat' dir='ltr'>esse,</span> <span class='ocrx_word' id='word_1_395' title='bbox 2130 453 2252 496; x_wconf 83' lang='lat' dir='ltr'>negari</span> 
     </span>
     <span class='ocr_line' id='line_1_61' title="bbox 1261 504 2252 548; baseline 0.001 -12"><span class='ocrx_word' id='word_1_396' title='bbox 1261 516 1333 536; x_wconf 90' lang='lat' dir='ltr'>non</span> <span class='ocrx_word' id='word_1_397' title='bbox 1364 512 1495 548; x_wconf 89' lang='lat' dir='ltr'>potest,</span> <span class='ocrx_word' id='word_1_398' title='bbox 1531 516 1594 537; x_wconf 89' lang='lat' dir='ltr'>nec</span> <span class='ocrx_word' id='word_1_399' title='bbox 1618 505 1783 538; x_wconf 83' lang='lat' dir='ltr'>deficiant</span> <span class='ocrx_word' id='word_1_400' title='bbox 1805 516 1823 538; x_wconf 87' lang='lat' dir='ltr'>a</span> <span class='ocrx_word' id='word_1_401' title='bbox 1848 504 1943 545; x_wconf 89' lang='lat' dir='ltr'>Deo,</span> <span class='ocrx_word' id='word_1_402' title='bbox 1977 516 2040 537; x_wconf 88' lang='lat' dir='ltr'>nec</span> <span class='ocrx_word' id='word_1_403' title='bbox 2065 505 2252 548; x_wconf 88' lang='lat' dir='ltr'>desperent</span> 
     </span>
     <span class='ocr_line' id='line_1_62' title="bbox 1262 552 2252 590; baseline 0 -3"><span class='ocrx_word' id='word_1_404' title='bbox 1262 567 1463 588; x_wconf 89' lang='lat' dir='ltr'>mansuram</span> <span class='ocrx_word' id='word_1_405' title='bbox 1489 567 1560 588; x_wconf 90' lang='lat' dir='ltr'>esse</span> <span class='ocrx_word' id='word_1_406' title='bbox 1583 554 1774 589; x_wconf 79' lang='lat' dir='ltr'>Ecclesiam</span> <span class='ocrx_word' id='word_1_407' title='bbox 1799 556 1836 588; x_wconf 88' lang='lat' dir='ltr'>in</span> <span class='ocrx_word' id='word_1_408' title='bbox 1865 555 2120 590; x_wconf 89' lang='lat' dir='ltr'>consuetudine</span> <span class='ocrx_word' id='word_1_409' title='bbox 2144 552 2252 589; x_wconf 90' lang='lat' dir='ltr'>huius</span> 
     </span>
     <span class='ocr_line' id='line_1_63' title="bbox 1262 605 2251 650; baseline 0.001 -12"><span class='ocrx_word' id='word_1_410' title='bbox 1262 606 1354 639; x_wconf 78' lang='lat' dir='ltr'>vitae</span> <span class='ocrx_word' id='word_1_411' title='bbox 1375 607 1436 639; x_wconf 88' lang='lat' dir='ltr'>ubi</span> <span class='ocrx_word' id='word_1_412' title='bbox 1455 613 1557 640; x_wconf 78' lang='lat' dir='ltr'>sonat</span> <span class='ocrx_word' id='word_1_413' title='bbox 1581 619 1647 639; x_wconf 83' lang='lat' dir='ltr'>vox</span> <span class='ocrx_word' id='word_1_414' title='bbox 1668 605 1874 650; x_wconf 84' lang='lat' dir='ltr'>Evangelii,</span> <span class='ocrx_word' id='word_1_415' title='bbox 1903 620 1966 640; x_wconf 90' lang='lat' dir='ltr'>nec</span> <span class='ocrx_word' id='word_1_416' title='bbox 1989 606 2251 640; x_wconf 85' lang='lat' dir='ltr'>invocationem</span> 
     </span>
     <span class='ocr_line' id='line_1_64' title="bbox 1261 657 2251 700; baseline 0 -10"><span class='ocrx_word' id='word_1_417' title='bbox 1261 657 1332 690; x_wconf 89' lang='lat' dir='ltr'>Dei</span> <span class='ocrx_word' id='word_1_418' title='bbox 1348 658 1530 697; x_wconf 83' lang='lat' dir='ltr'>omittant,</span> <span class='ocrx_word' id='word_1_419' title='bbox 1560 669 1623 690; x_wconf 90' lang='lat' dir='ltr'>nec</span> <span class='ocrx_word' id='word_1_420' title='bbox 1648 658 1865 692; x_wconf 88' lang='lat' dir='ltr'>arbitrentur</span> <span class='ocrx_word' id='word_1_421' title='bbox 1889 657 2055 691; x_wconf 87' lang='lat' dir='ltr'>humanis</span> <span class='ocrx_word' id='word_1_422' title='bbox 2079 658 2251 700; x_wconf 82' lang='lat' dir='ltr'>imagina-</span> 
     </span>
     <span class='ocr_line' id='line_1_65' title="bbox 1262 707 2253 754; baseline 0 -13"><span class='ocrx_word' id='word_1_423' title='bbox 1262 708 1422 742; x_wconf 86' lang='lat' dir='ltr'>tionibus</span> <span class='ocrx_word' id='word_1_424' title='bbox 1440 708 1633 742; x_wconf 81' lang='lat' dir='ltr'>Ecclesiam</span> <span class='ocrx_word' id='word_1_425' title='bbox 1652 707 1717 742; x_wconf 89' lang='lat' dir='ltr'>Dei</span> <span class='ocrx_word' id='word_1_426' title='bbox 1737 721 1893 754; x_wconf 88' lang='lat' dir='ltr'>unquam</span> <span class='ocrx_word' id='word_1_427' title='bbox 1917 710 2146 752; x_wconf 84' lang='lat' dir='ltr'>gubernatam</span> <span class='ocrx_word' id='word_1_428' title='bbox 2171 720 2253 741; x_wconf 89' lang='lat' dir='ltr'>esse.</span> 
     </span>
    </p>
   </div>
   <div class='ocr_carea' id='block_1_15' title="bbox 1262 774 2257 1698">
    <p class='ocr_par' dir='ltr' id='par_1_15' title="bbox 1262 774 2254 1130">
     <span class='ocr_line' id='line_1_66' title="bbox 1365 774 2252 822; baseline -0.001 -13"><span class='ocrx_word' id='word_1_429' title='bbox 1365 774 1515 809; x_wconf 87' lang='lat' dir='ltr'>Etiamsi</span> <span class='ocrx_word' id='word_1_430' title='bbox 1539 775 1674 822; x_wconf 82' lang='lat' dir='ltr'>aliquid</span> <span class='ocrx_word' id='word_1_431' title='bbox 1702 777 1770 809; x_wconf 93' lang='lat' dir='ltr'>loci</span> <span class='ocrx_word' id='word_1_432' title='bbox 1787 784 1836 811; x_wconf 82' lang='lat' dir='ltr'>est</span> <span class='ocrx_word' id='word_1_433' title='bbox 1854 774 2029 809; x_wconf 88' lang='lat' dir='ltr'>humanae</span> <span class='ocrx_word' id='word_1_434' title='bbox 2049 775 2252 819; x_wconf 83' lang='lat' dir='ltr'>diligentiae</span> 
     </span>
     <span class='ocr_line' id='line_1_67' title="bbox 1263 824 2253 867; baseline -0.001 -7"><span class='ocrx_word' id='word_1_435' title='bbox 1263 832 1295 859; x_wconf 81' lang='lat' dir='ltr'>et</span> <span class='ocrx_word' id='word_1_436' title='bbox 1312 827 1567 867; x_wconf 89' lang='lat' dir='ltr'>moderationi,</span> <span class='ocrx_word' id='word_1_437' title='bbox 1595 834 1712 860; x_wconf 88' lang='lat' dir='ltr'>tamen</span> <span class='ocrx_word' id='word_1_438' title='bbox 1731 828 1820 861; x_wconf 88' lang='lat' dir='ltr'>aliae</span> <span class='ocrx_word' id='word_1_439' title='bbox 1837 828 1967 861; x_wconf 90' lang='lat' dir='ltr'>multae</span> <span class='ocrx_word' id='word_1_440' title='bbox 1985 839 2107 861; x_wconf 90' lang='lat' dir='ltr'>causae</span> <span class='ocrx_word' id='word_1_441' title='bbox 2132 828 2168 860; x_wconf 92' lang='lat' dir='ltr'>in</span> <span class='ocrx_word' id='word_1_442' title='bbox 2186 824 2253 860; x_wconf 90' lang='lat' dir='ltr'>ho-</span> 
     </span>
     <span class='ocr_line' id='line_1_68' title="bbox 1264 877 2252 921; baseline 0.002 -11"><span class='ocrx_word' id='word_1_443' title='bbox 1264 878 1400 911; x_wconf 87' lang='lat' dir='ltr'>minum</span> <span class='ocrx_word' id='word_1_444' title='bbox 1416 879 1485 912; x_wconf 83' lang='lat' dir='ltr'>vita</span> <span class='ocrx_word' id='word_1_445' title='bbox 1505 890 1648 921; x_wconf 84' lang='lat' dir='ltr'>magnas</span> <span class='ocrx_word' id='word_1_446' title='bbox 1668 879 1928 912; x_wconf 88' lang='lat' dir='ltr'>vicissitudines</span> <span class='ocrx_word' id='word_1_447' title='bbox 1945 879 2112 914; x_wconf 76' lang='lat' dir='ltr'>efficiunt.</span> <span class='ocrx_word' id='word_1_448' title='bbox 2154 877 2252 912; x_wconf 87' lang='lat' dir='ltr'>Sicut</span> 
     </span>
     <span class='ocr_line' id='line_1_69' title="bbox 1263 925 2251 974; baseline -0.001 -12"><span class='ocrx_word' id='word_1_449' title='bbox 1263 928 1364 963; x_wconf 78' lang='lat' dir='ltr'>Plato</span> <span class='ocrx_word' id='word_1_450' title='bbox 1399 942 1481 963; x_wconf 83' lang='lat' dir='ltr'>vere</span> <span class='ocrx_word' id='word_1_451' title='bbox 1515 929 1651 974; x_wconf 89' lang='lat' dir='ltr'>inquit:</span> <span class='ocrx_word' id='word_1_452' title='bbox 1694 927 1781 969; x_wconf 76' lang='grc' dir='ltr'>θεὸς</span> <span class='ocrx_word' id='word_1_453' title='bbox 1807 926 1877 974; x_wconf 74' lang='grc' dir='ltr'>μὲν</span> <span class='ocrx_word' id='word_1_454' title='bbox 1903 925 2045 970; x_wconf 76' lang='grc' dir='ltr'><em>πάντα,</em></span> <span class='ocrx_word' id='word_1_455' title='bbox 2071 927 2133 964; x_wconf 79' lang='grc' dir='ltr'>καὶ</span> <span class='ocrx_word' id='word_1_456' title='bbox 2159 927 2251 972; x_wconf 68' lang='grc' dir='ltr'>μετὰ</span> 
     </span>
     <span class='ocr_line' id='line_1_70' title="bbox 1263 977 2254 1027; baseline -0.001 -12"><span class='ocrx_word' id='word_1_457' title='bbox 1263 981 1357 1015; x_wconf 78' lang='grc' dir='ltr'><em>θεοῦ</em></span> <span class='ocrx_word' id='word_1_458' title='bbox 1379 977 1473 1026; x_wconf 81' lang='grc' dir='ltr'>τύχη</span> <span class='ocrx_word' id='word_1_459' title='bbox 1497 979 1559 1015; x_wconf 79' lang='grc' dir='ltr'>καὶ</span> <span class='ocrx_word' id='word_1_460' title='bbox 1586 978 1713 1025; x_wconf 71' lang='grc' dir='ltr'><em>καιρὸς</em></span> <span class='ocrx_word' id='word_1_461' title='bbox 1742 980 1777 1015; x_wconf 69' lang='grc' dir='ltr'>τ’</span> <span class='ocrx_word' id='word_1_462' title='bbox 1806 977 2031 1027; x_wconf 72' lang='grc' dir='ltr'><em>ἀνθρώπινα</em></span> <span class='ocrx_word' id='word_1_463' title='bbox 2054 978 2254 1025; x_wconf 71' lang='grc' dir='ltr'><em>διακυβερ-</em></span> 
     </span>
     <span class='ocr_line' id='line_1_71' title="bbox 1262 1029 2254 1078; baseline 0 -12"><span class='ocrx_word' id='word_1_464' title='bbox 1262 1035 1354 1067; x_wconf 77' lang='grc' dir='ltr'><em>νῶσι</em></span> <span class='ocrx_word' id='word_1_465' title='bbox 1371 1029 1587 1077; x_wconf 73' lang='grc' dir='ltr'><em>ξύμπαντα,</em></span> <span class='ocrx_word' id='word_1_466' title='bbox 1620 1029 1855 1078; x_wconf 70' lang='grc' dir='ltr'>ἡμερώτερον</span> <span class='ocrx_word' id='word_1_467' title='bbox 1868 1030 1937 1077; x_wconf 71' lang='grc' dir='ltr'>μὲν</span> <span class='ocrx_word' id='word_1_468' title='bbox 1958 1029 2084 1077; x_wconf 76' lang='grc' dir='ltr'><em>τρίτον</em></span> <span class='ocrx_word' id='word_1_469' title='bbox 2107 1043 2254 1078; x_wconf 73' lang='grc' dir='ltr'><em>συγχω-</em></span> 
     </span>
     <span class='ocr_line' id='line_1_72' title="bbox 1263 1081 1958 1130; baseline 0 -12"><span class='ocrx_word' id='word_1_470' title='bbox 1263 1086 1371 1130; x_wconf 71' lang='grc' dir='ltr'><em>ρῆσαι</em></span> <span class='ocrx_word' id='word_1_471' title='bbox 1386 1081 1530 1122; x_wconf 78' lang='grc' dir='ltr'><em>τούτοις</em></span> <span class='ocrx_word' id='word_1_472' title='bbox 1546 1081 1626 1118; x_wconf 61' lang='grc' dir='ltr'>δεῖν</span> <span class='ocrx_word' id='word_1_473' title='bbox 1644 1082 1799 1118; x_wconf 66' lang='grc' dir='ltr'>ἕπεσθαι</span> <span class='ocrx_word' id='word_1_474' title='bbox 1814 1081 1958 1129; x_wconf 65' lang='grc' dir='ltr'>τέχνην.</span> 
     </span>
    </p>

    <p class='ocr_par' dir='ltr' id='par_1_16' title="bbox 1262 1143 2257 1698">
     <span class='ocr_line' id='line_1_73' title="bbox 1370 1143 2255 1189; baseline 0 -12"><span class='ocrx_word' id='word_1_475' title='bbox 1370 1143 1411 1177; x_wconf 91' lang='lat' dir='ltr'>In</span> <span class='ocrx_word' id='word_1_476' title='bbox 1428 1144 1506 1177; x_wconf 89' lang='lat' dir='ltr'>aliis</span> <span class='ocrx_word' id='word_1_477' title='bbox 1523 1150 1637 1176; x_wconf 91' lang='lat' dir='ltr'>autem</span> <span class='ocrx_word' id='word_1_478' title='bbox 1659 1144 1923 1187; x_wconf 84' lang='lat' dir='ltr'>tempestatibus</span> <span class='ocrx_word' id='word_1_479' title='bbox 1946 1143 2133 1184; x_wconf 85' lang='lat' dir='ltr'>faciamus,</span> <span class='ocrx_word' id='word_1_480' title='bbox 2158 1145 2255 1189; x_wconf 90' lang='lat' dir='ltr'>quod</span> 
     </span>
     <span class='ocr_line' id='line_1_74' title="bbox 1263 1193 2256 1238; baseline -0.001 -10"><span class='ocrx_word' id='word_1_481' title='bbox 1263 1202 1389 1228; x_wconf 88' lang='lat' dir='ltr'>nautae</span> <span class='ocrx_word' id='word_1_482' title='bbox 1407 1196 1599 1238; x_wconf 86' lang='lat' dir='ltr'>prudentes</span> <span class='ocrx_word' id='word_1_483' title='bbox 1617 1194 1771 1235; x_wconf 82' lang='lat' dir='ltr'>faciunt,</span> <span class='ocrx_word' id='word_1_484' title='bbox 1803 1201 1835 1228; x_wconf 91' lang='lat' dir='ltr'>et</span> <span class='ocrx_word' id='word_1_485' title='bbox 1856 1201 1896 1228; x_wconf 88' lang='lat' dir='ltr'>ut</span> <span class='ocrx_word' id='word_1_486' title='bbox 1920 1194 1979 1227; x_wconf 88' lang='lat' dir='ltr'>illa</span> <span class='ocrx_word' id='word_1_487' title='bbox 2005 1195 2078 1238; x_wconf 91' lang='lat' dir='ltr'>ipsa</span> <span class='ocrx_word' id='word_1_488' title='bbox 2096 1193 2256 1230; x_wconf 89' lang='lat' dir='ltr'>Platonis</span> 
     </span>
     <span class='ocr_line' id='line_1_75' title="bbox 1263 1245 2255 1291; baseline 0 -12"><span class='ocrx_word' id='word_1_489' title='bbox 1263 1246 1434 1279; x_wconf 87' lang='lat' dir='ltr'>sententia</span> <span class='ocrx_word' id='word_1_490' title='bbox 1454 1252 1591 1285; x_wconf 79' lang='lat' dir='ltr'>monet,</span> <span class='ocrx_word' id='word_1_491' title='bbox 1619 1245 1721 1289; x_wconf 81' lang='lat' dir='ltr'>nobis</span> <span class='ocrx_word' id='word_1_492' title='bbox 1741 1245 1844 1289; x_wconf 88' lang='lat' dir='ltr'>ipsis,</span> <span class='ocrx_word' id='word_1_493' title='bbox 1874 1252 1905 1279; x_wconf 90' lang='lat' dir='ltr'>et</span> <span class='ocrx_word' id='word_1_494' title='bbox 1932 1252 2105 1291; x_wconf 87' lang='lat' dir='ltr'>quantum</span> <span class='ocrx_word' id='word_1_495' title='bbox 2128 1258 2255 1290; x_wconf 83' lang='lat' dir='ltr'>possu-</span> 
     </span>
     <span class='ocr_line' id='line_1_76' title="bbox 1264 1293 2257 1341; baseline 0 -11"><span class='ocrx_word' id='word_1_496' title='bbox 1264 1310 1360 1335; x_wconf 89' lang='lat' dir='ltr'>mus,</span> <span class='ocrx_word' id='word_1_497' title='bbox 1388 1296 1540 1341; x_wconf 82' lang='lat' dir='ltr'>Reipub.</span> <span class='ocrx_word' id='word_1_498' title='bbox 1565 1293 1768 1338; x_wconf 82' lang='lat' dir='ltr'>mitigemus</span> <span class='ocrx_word' id='word_1_499' title='bbox 1792 1304 1991 1341; x_wconf 86' lang='lat' dir='ltr'>temporum</span> <span class='ocrx_word' id='word_1_500' title='bbox 2019 1297 2257 1337; x_wconf 85' lang='lat' dir='ltr'>difficultates,</span> 
     </span>
     <span class='ocr_line' id='line_1_77' title="bbox 1262 1346 2255 1386; baseline -0.001 -5"><span class='ocrx_word' id='word_1_501' title='bbox 1262 1361 1335 1381; x_wconf 87' lang='lat' dir='ltr'>non</span> <span class='ocrx_word' id='word_1_502' title='bbox 1354 1348 1467 1382; x_wconf 87' lang='lat' dir='ltr'>solum</span> <span class='ocrx_word' id='word_1_503' title='bbox 1483 1348 1727 1380; x_wconf 90' lang='lat' dir='ltr'>moderatione</span> <span class='ocrx_word' id='word_1_504' title='bbox 1753 1355 1786 1381; x_wconf 91' lang='lat' dir='ltr'>et</span> <span class='ocrx_word' id='word_1_505' title='bbox 1804 1348 1964 1381; x_wconf 88' lang='lat' dir='ltr'>consiliis</span> <span class='ocrx_word' id='word_1_506' title='bbox 1985 1346 2160 1386; x_wconf 86' lang='lat' dir='ltr'>honestis,</span> <span class='ocrx_word' id='word_1_507' title='bbox 2194 1349 2255 1380; x_wconf 88' lang='lat' dir='ltr'>sed</span> 
     </span>
     <span class='ocr_line' id='line_1_78' title="bbox 1263 1397 2255 1443; baseline -0.001 -10"><span class='ocrx_word' id='word_1_508' title='bbox 1263 1401 1366 1434; x_wconf 89' lang='lat' dir='ltr'>etiam</span> <span class='ocrx_word' id='word_1_509' title='bbox 1394 1399 1450 1443; x_wconf 91' lang='lat' dir='ltr'>pia</span> <span class='ocrx_word' id='word_1_510' title='bbox 1474 1398 1685 1442; x_wconf 80' lang='lat' dir='ltr'>precatione.</span> <span class='ocrx_word' id='word_1_511' title='bbox 1748 1397 1868 1441; x_wconf 86' lang='lat' dir='ltr'>Quare</span> <span class='ocrx_word' id='word_1_512' title='bbox 1893 1399 2149 1442; x_wconf 86' lang='lat' dir='ltr'>coniungamus</span> <span class='ocrx_word' id='word_1_513' title='bbox 2173 1405 2255 1432; x_wconf 77' lang='lat' dir='ltr'>vota</span> 
     </span>
     <span class='ocr_line' id='line_1_79' title="bbox 1263 1447 2255 1495; baseline -0.002 -10"><span class='ocrx_word' id='word_1_514' title='bbox 1263 1463 1342 1485; x_wconf 88' lang='lat' dir='ltr'>cum</span> <span class='ocrx_word' id='word_1_515' title='bbox 1358 1450 1430 1483; x_wconf 83' lang='lat' dir='ltr'>filio</span> <span class='ocrx_word' id='word_1_516' title='bbox 1446 1449 1515 1483; x_wconf 89' lang='lat' dir='ltr'>Dei</span> <span class='ocrx_word' id='word_1_517' title='bbox 1535 1449 1772 1483; x_wconf 89' lang='lat' dir='ltr'>intercedente</span> <span class='ocrx_word' id='word_1_518' title='bbox 1791 1462 1853 1493; x_wconf 91' lang='lat' dir='ltr'>pro</span> <span class='ocrx_word' id='word_1_519' title='bbox 1870 1447 2026 1483; x_wconf 86' lang='lat' dir='ltr'>Ecclesia</span> <span class='ocrx_word' id='word_1_520' title='bbox 2052 1462 2147 1483; x_wconf 89' lang='lat' dir='ltr'>nunc</span> <span class='ocrx_word' id='word_1_521' title='bbox 2165 1462 2255 1495; x_wconf 92' lang='lat' dir='ltr'>quo-</span> 
     </span>
     <span class='ocr_line' id='line_1_80' title="bbox 1264 1500 2255 1548; baseline -0.001 -13"><span class='ocrx_word' id='word_1_522' title='bbox 1264 1515 1331 1548; x_wconf 91' lang='lat' dir='ltr'>que</span> <span class='ocrx_word' id='word_1_523' title='bbox 1349 1502 1385 1534; x_wconf 91' lang='lat' dir='ltr'>in</span> <span class='ocrx_word' id='word_1_524' title='bbox 1402 1501 1463 1534; x_wconf 87' lang='lat' dir='ltr'>illo</span> <span class='ocrx_word' id='word_1_525' title='bbox 1481 1512 1609 1534; x_wconf 85' lang='lat' dir='ltr'>arcano</span> <span class='ocrx_word' id='word_1_526' title='bbox 1627 1501 1761 1534; x_wconf 90' lang='lat' dir='ltr'>aeterni</span> <span class='ocrx_word' id='word_1_527' title='bbox 1782 1501 1895 1534; x_wconf 86' lang='lat' dir='ltr'>Patris</span> <span class='ocrx_word' id='word_1_528' title='bbox 1921 1500 2089 1541; x_wconf 89' lang='lat' dir='ltr'>consilio,</span> <span class='ocrx_word' id='word_1_529' title='bbox 2116 1508 2149 1534; x_wconf 90' lang='lat' dir='ltr'>et</span> <span class='ocrx_word' id='word_1_530' title='bbox 2175 1513 2255 1544; x_wconf 86' lang='lat' dir='ltr'>pre-</span> 
     </span>
     <span class='ocr_line' id='line_1_81' title="bbox 1263 1549 2256 1595; baseline -0.002 -8"><span class='ocrx_word' id='word_1_531' title='bbox 1263 1565 1384 1587; x_wconf 89' lang='lat' dir='ltr'>cemur</span> <span class='ocrx_word' id='word_1_532' title='bbox 1406 1561 1444 1585; x_wconf 90' lang='lat' dir='ltr'>ut</span> <span class='ocrx_word' id='word_1_533' title='bbox 1467 1550 1563 1584; x_wconf 89' lang='lat' dir='ltr'>Deus</span> <span class='ocrx_word' id='word_1_534' title='bbox 1587 1549 1782 1584; x_wconf 80' lang='lat' dir='ltr'>Ecclesiam</span> <span class='ocrx_word' id='word_1_535' title='bbox 1809 1552 1876 1584; x_wconf 89' lang='lat' dir='ltr'>sibi</span> <span class='ocrx_word' id='word_1_536' title='bbox 1910 1552 1948 1584; x_wconf 92' lang='lat' dir='ltr'>in</span> <span class='ocrx_word' id='word_1_537' title='bbox 1974 1549 2029 1583; x_wconf 90' lang='lat' dir='ltr'>his</span> <span class='ocrx_word' id='word_1_538' title='bbox 2051 1552 2256 1595; x_wconf 84' lang='lat' dir='ltr'>regionibus</span> 
     </span>
     <span class='ocr_line' id='line_1_82' title="bbox 1264 1602 2256 1645; baseline -0.002 -7"><span class='ocrx_word' id='word_1_539' title='bbox 1264 1611 1376 1638; x_wconf 88' lang='lat' dir='ltr'>servet</span> <span class='ocrx_word' id='word_1_540' title='bbox 1411 1610 1443 1636; x_wconf 91' lang='lat' dir='ltr'>et</span> <span class='ocrx_word' id='word_1_541' title='bbox 1470 1603 1631 1645; x_wconf 81' lang='lat' dir='ltr'>colligat,</span> <span class='ocrx_word' id='word_1_542' title='bbox 1667 1609 1699 1635; x_wconf 89' lang='lat' dir='ltr'>et</span> <span class='ocrx_word' id='word_1_543' title='bbox 1725 1603 1980 1645; x_wconf 87' lang='lat' dir='ltr'>gubernatores</span> <span class='ocrx_word' id='word_1_544' title='bbox 2010 1604 2053 1635; x_wconf 90' lang='lat' dir='ltr'>ad</span> <span class='ocrx_word' id='word_1_545' title='bbox 2087 1602 2256 1636; x_wconf 83' lang='lat' dir='ltr'>salutaria</span> 
     </span>
     <span class='ocr_line' id='line_1_83' title="bbox 1264 1652 2255 1698; baseline -0.001 -9"><span class='ocrx_word' id='word_1_546' title='bbox 1264 1655 1409 1689; x_wconf 85' lang='lat' dir='ltr'>consilia</span> <span class='ocrx_word' id='word_1_547' title='bbox 1442 1654 1567 1687; x_wconf 84' lang='lat' dir='ltr'>flectat.</span> <span class='ocrx_word' id='word_1_548' title='bbox 1633 1652 1729 1686; x_wconf 82' lang='lat' dir='ltr'>Bene</span> <span class='ocrx_word' id='word_1_549' title='bbox 1765 1654 1853 1689; x_wconf 75' lang='lat' dir='ltr'>vale.</span> <span class='ocrx_word' id='word_1_550' title='bbox 1922 1653 2046 1687; x_wconf 76' lang='lat' dir='ltr'>Mense</span> <span class='ocrx_word' id='word_1_551' title='bbox 2082 1653 2255 1698; x_wconf 79' lang='lat' dir='ltr'>Augusto,</span> 
     </span>
    </p>
   </div>
   <div class='ocr_carea' id='block_1_16' title="bbox 1263 1703 1501 1740">
    <p class='ocr_par' dir='ltr' id='par_1_17' title="bbox 1263 1703 1501 1740">
     <span class='ocr_line' id='line_1_84' title="bbox 1263 1703 1501 1740; baseline -0.013 0"><span class='ocrx_word' id='word_1_552' title='bbox 1263 1707 1370 1740; x_wconf 81' lang='lat' dir='ltr'>Anno</span> <span class='ocrx_word' id='word_1_553' title='bbox 1392 1703 1501 1738; x_wconf 80' lang='lat'><strong>1546.</strong></span> 
     </span>
    </p>
   </div>
   <div class='ocr_carea' id='block_1_17' title="bbox 1431 1869 2080 1915">
    <p class='ocr_par' dir='ltr' id='par_1_18' title="bbox 1431 1869 2080 1915">
     <span class='ocr_line' id='line_1_85' title="bbox 1431 1869 2080 1915; baseline 0.002 -2"><span class='ocrx_word' id='word_1_554' title='bbox 1431 1869 1646 1913; x_wconf 83' lang='lat' dir='ltr'>Praefatio</span> <span class='ocrx_word' id='word_1_555' title='bbox 1678 1873 1722 1912; x_wconf 89' lang='lat' dir='ltr'>in</span> <span class='ocrx_word' id='word_1_556' title='bbox 1750 1872 1961 1913; x_wconf 84' lang='lat' dir='ltr'>Psalmum</span> <span class='ocrx_word' id='word_1_557' title='bbox 1989 1871 2080 1915; x_wconf 81' lang='lat' dir='ltr'>CX.</span> 
     </span>
    </p>
   </div>
   <div class='ocr_carea' id='block_1_18' title="bbox 1264 1968 2255 2736">
    <p class='ocr_par' dir='ltr' id='par_1_19' title="bbox 1264 1968 2255 2736">
     <span class='ocr_line' id='line_1_86' title="bbox 1265 1968 2252 2024; baseline -0.002 -15"><span class='ocrx_word' id='word_1_558' title='bbox 1265 1968 1411 2024; x_wconf 74' lang='lat' dir='ltr'>Duplex</span> <span class='ocrx_word' id='word_1_559' title='bbox 1438 1982 1487 2008; x_wconf 86' lang='lat' dir='ltr'>est</span> <span class='ocrx_word' id='word_1_560' title='bbox 1518 1987 1627 2019; x_wconf 86' lang='lat' dir='ltr'>genus</span> <span class='ocrx_word' id='word_1_561' title='bbox 1660 1975 1810 2009; x_wconf 90' lang='lat' dir='ltr'>docendi</span> <span class='ocrx_word' id='word_1_562' title='bbox 1838 1975 1875 2007; x_wconf 93' lang='lat' dir='ltr'>in</span> <span class='ocrx_word' id='word_1_563' title='bbox 1899 1974 2066 2009; x_wconf 86' lang='lat' dir='ltr'>Ecclesia.</span> <span class='ocrx_word' id='word_1_564' title='bbox 2140 1973 2252 2008; x_wconf 88' lang='lat' dir='ltr'>Inter-</span> 
     </span>
     <span class='ocr_line' id='line_1_87' title="bbox 1265 2023 2255 2073; baseline -0.003 -12"><span class='ocrx_word' id='word_1_565' title='bbox 1265 2027 1414 2073; x_wconf 87' lang='lat' dir='ltr'>pretatio</span> <span class='ocrx_word' id='word_1_566' title='bbox 1442 2027 1636 2070; x_wconf 81' lang='lat' dir='ltr'>scripturae</span> <span class='ocrx_word' id='word_1_567' title='bbox 1674 2033 1705 2060; x_wconf 91' lang='lat' dir='ltr'>et</span> <span class='ocrx_word' id='word_1_568' title='bbox 1737 2023 1935 2059; x_wconf 79' lang='lat' dir='ltr'>methodus.</span> <span class='ocrx_word' id='word_1_569' title='bbox 2000 2024 2162 2070; x_wconf 76' lang='lat' dir='ltr'>Utroque</span> <span class='ocrx_word' id='word_1_570' title='bbox 2190 2037 2255 2059; x_wconf 91' lang='lat' dir='ltr'>au-</span> 
     </span>
     <span class='ocr_line' id='line_1_88' title="bbox 1264 2074 2255 2123; baseline -0.003 -10"><span class='ocrx_word' id='word_1_571' title='bbox 1264 2087 1333 2113; x_wconf 79' lang='lat' dir='ltr'>tem</span> <span class='ocrx_word' id='word_1_572' title='bbox 1356 2090 1444 2123; x_wconf 90' lang='lat' dir='ltr'>opus</span> <span class='ocrx_word' id='word_1_573' title='bbox 1468 2085 1534 2118; x_wconf 86' lang='lat' dir='ltr'>est,</span> <span class='ocrx_word' id='word_1_574' title='bbox 1563 2078 1643 2123; x_wconf 91' lang='lat' dir='ltr'>quia</span> <span class='ocrx_word' id='word_1_575' title='bbox 1667 2074 1854 2110; x_wconf 89' lang='lat' dir='ltr'>methodus</span> <span class='ocrx_word' id='word_1_576' title='bbox 1878 2077 1981 2109; x_wconf 86' lang='lat' dir='ltr'>debet</span> <span class='ocrx_word' id='word_1_577' title='bbox 1998 2076 2089 2109; x_wconf 87' lang='lat' dir='ltr'>sumi</span> <span class='ocrx_word' id='word_1_578' title='bbox 2107 2089 2145 2109; x_wconf 80' lang='lat' dir='ltr'>ex</span> <span class='ocrx_word' id='word_1_579' title='bbox 2169 2078 2255 2110; x_wconf 85' lang='lat' dir='ltr'>scri-</span> 
     </span>
     <span class='ocr_line' id='line_1_89' title="bbox 1265 2126 2253 2176; baseline -0.005 -11"><span class='ocrx_word' id='word_1_580' title='bbox 1265 2138 1379 2176; x_wconf 84' lang='lat' dir='ltr'>ptura.</span> <span class='ocrx_word' id='word_1_581' title='bbox 1433 2126 1497 2162; x_wconf 83' lang='lat' dir='ltr'>Est</span> <span class='ocrx_word' id='word_1_582' title='bbox 1522 2130 1614 2162; x_wconf 93' lang='lat' dir='ltr'>enim</span> <span class='ocrx_word' id='word_1_583' title='bbox 1643 2128 1801 2161; x_wconf 86' lang='lat' dir='ltr'>collectio</span> <span class='ocrx_word' id='word_1_584' title='bbox 1830 2134 1862 2160; x_wconf 90' lang='lat' dir='ltr'>et</span> <span class='ocrx_word' id='word_1_585' title='bbox 1891 2127 2077 2171; x_wconf 86' lang='lat' dir='ltr'>explicatio</span> <span class='ocrx_word' id='word_1_586' title='bbox 2109 2129 2253 2171; x_wconf 84' lang='lat' dir='ltr'>dogma-</span> 
     </span>
     <span class='ocr_line' id='line_1_90' title="bbox 1265 2179 2253 2222; baseline -0.004 -7"><span class='ocrx_word' id='word_1_587' title='bbox 1265 2190 1359 2222; x_wconf 87' lang='lat' dir='ltr'>tum,</span> <span class='ocrx_word' id='word_1_588' title='bbox 1387 2192 1447 2214; x_wconf 89' lang='lat' dir='ltr'>seu</span> <span class='ocrx_word' id='word_1_589' title='bbox 1473 2192 1607 2214; x_wconf 88' lang='lat' dir='ltr'>summa</span> <span class='ocrx_word' id='word_1_590' title='bbox 1634 2179 1836 2219; x_wconf 87' lang='lat' dir='ltr'>doctrinae,</span> <span class='ocrx_word' id='word_1_591' title='bbox 1864 2180 2003 2212; x_wconf 86' lang='lat' dir='ltr'>redacta</span> <span class='ocrx_word' id='word_1_592' title='bbox 2029 2179 2067 2212; x_wconf 88' lang='lat' dir='ltr'>in</span> <span class='ocrx_word' id='word_1_593' title='bbox 2090 2180 2253 2212; x_wconf 84' lang='lat' dir='ltr'>ordinem</span> 
     </span>
     <span class='ocr_line' id='line_1_91' title="bbox 1265 2229 2253 2274; baseline -0.004 -7"><span class='ocrx_word' id='word_1_594' title='bbox 1265 2231 1569 2267; x_wconf 87' lang='lat' dir='ltr'>accommodatum</span> <span class='ocrx_word' id='word_1_595' title='bbox 1601 2231 1644 2263; x_wconf 90' lang='lat' dir='ltr'>ad</span> <span class='ocrx_word' id='word_1_596' title='bbox 1670 2231 1880 2265; x_wconf 87' lang='lat' dir='ltr'>docendum.</span> <span class='ocrx_word' id='word_1_597' title='bbox 1943 2229 2012 2264; x_wconf 90' lang='lat' dir='ltr'>Sed</span> <span class='ocrx_word' id='word_1_598' title='bbox 2044 2230 2253 2274; x_wconf 85' lang='lat' dir='ltr'>interpreta-</span> 
     </span>
     <span class='ocr_line' id='line_1_92' title="bbox 1265 2281 2255 2327; baseline -0.004 -9"><span class='ocrx_word' id='word_1_599' title='bbox 1265 2285 1314 2319; x_wconf 90' lang='lat' dir='ltr'>tio</span> <span class='ocrx_word' id='word_1_600' title='bbox 1341 2283 1554 2327; x_wconf 87' lang='lat' dir='ltr'>scripturae,</span> <span class='ocrx_word' id='word_1_601' title='bbox 1584 2281 1662 2314; x_wconf 92' lang='lat' dir='ltr'>aliis</span> <span class='ocrx_word' id='word_1_602' title='bbox 1685 2281 1790 2321; x_wconf 85' lang='lat' dir='ltr'>locis,</span> <span class='ocrx_word' id='word_1_603' title='bbox 1823 2282 1908 2314; x_wconf 88' lang='lat' dir='ltr'>alias</span> <span class='ocrx_word' id='word_1_604' title='bbox 1931 2288 2045 2325; x_wconf 87' lang='lat' dir='ltr'>partes</span> <span class='ocrx_word' id='word_1_605' title='bbox 2074 2282 2255 2315; x_wconf 87' lang='lat' dir='ltr'>doctrinae</span> 
     </span>
     <span class='ocr_line' id='line_1_93' title="bbox 1265 2330 2255 2379; baseline -0.005 -10"><span class='ocrx_word' id='word_1_606' title='bbox 1265 2335 1382 2370; x_wconf 85' lang='lat' dir='ltr'>tradit.</span> <span class='ocrx_word' id='word_1_607' title='bbox 1438 2334 1561 2379; x_wconf 87' lang='lat' dir='ltr'>Itaque</span> <span class='ocrx_word' id='word_1_608' title='bbox 1584 2345 1710 2376; x_wconf 79' lang='lat' dir='ltr'>magua</span> <span class='ocrx_word' id='word_1_609' title='bbox 1729 2345 1811 2366; x_wconf 90' lang='lat' dir='ltr'>cura</span> <span class='ocrx_word' id='word_1_610' title='bbox 1837 2330 2040 2366; x_wconf 86' lang='lat' dir='ltr'>adhibenda</span> <span class='ocrx_word' id='word_1_611' title='bbox 2066 2339 2114 2365; x_wconf 90' lang='lat' dir='ltr'>est</span> <span class='ocrx_word' id='word_1_612' title='bbox 2136 2333 2173 2365; x_wconf 90' lang='lat' dir='ltr'>in</span> <span class='ocrx_word' id='word_1_613' title='bbox 2199 2333 2255 2364; x_wconf 91' lang='lat' dir='ltr'>in-</span> 
     </span>
     <span class='ocr_line' id='line_1_94' title="bbox 1265 2384 2254 2431; baseline -0.006 -10"><span class='ocrx_word' id='word_1_614' title='bbox 1265 2385 1535 2431; x_wconf 87' lang='lat' dir='ltr'>terpretatione,</span> <span class='ocrx_word' id='word_1_615' title='bbox 1575 2391 1613 2417; x_wconf 89' lang='lat' dir='ltr'>ut</span> <span class='ocrx_word' id='word_1_616' title='bbox 1649 2384 1827 2424; x_wconf 77' lang='lat' dir='ltr'>videatur,</span> <span class='ocrx_word' id='word_1_617' title='bbox 1867 2396 2019 2429; x_wconf 88' lang='lat' dir='ltr'>quorum</span> <span class='ocrx_word' id='word_1_618' title='bbox 2052 2384 2254 2426; x_wconf 84' lang='lat' dir='ltr'>dogmatum</span> 
     </span>
     <span class='ocr_line' id='line_1_95' title="bbox 1266 2435 2254 2479; baseline -0.005 -8"><span class='ocrx_word' id='word_1_619' title='bbox 1266 2439 1382 2472; x_wconf 83' lang='lat' dir='ltr'>fontes</span> <span class='ocrx_word' id='word_1_620' title='bbox 1407 2437 1594 2470; x_wconf 87' lang='lat' dir='ltr'>tradantur</span> <span class='ocrx_word' id='word_1_621' title='bbox 1625 2435 1663 2467; x_wconf 89' lang='lat' dir='ltr'>in</span> <span class='ocrx_word' id='word_1_622' title='bbox 1699 2435 1847 2478; x_wconf 84' lang='lat' dir='ltr'>singulis</span> <span class='ocrx_word' id='word_1_623' title='bbox 1870 2436 2063 2479; x_wconf 88' lang='lat' dir='ltr'>scripturae</span> <span class='ocrx_word' id='word_1_624' title='bbox 2086 2435 2254 2478; x_wconf 73' lang='lat' dir='ltr'>partibus,</span> 
     </span>
     <span class='ocr_line' id='line_1_96' title="bbox 1266 2484 2255 2533; baseline -0.006 -10"><span class='ocrx_word' id='word_1_625' title='bbox 1266 2488 1314 2523; x_wconf 90' lang='lat' dir='ltr'>Ut</span> <span class='ocrx_word' id='word_1_626' title='bbox 1342 2488 1402 2533; x_wconf 87' lang='lat' dir='ltr'>qui</span> <span class='ocrx_word' id='word_1_627' title='bbox 1436 2487 1578 2520; x_wconf 90' lang='lat' dir='ltr'>initium</span> <span class='ocrx_word' id='word_1_628' title='bbox 1604 2484 1789 2528; x_wconf 76' lang='lat' dir='ltr'>Evangelii</span> <span class='ocrx_word' id='word_1_629' title='bbox 1820 2486 1962 2519; x_wconf 68' lang='lat' dir='ltr'>Ioannis</span> <span class='ocrx_word' id='word_1_630' title='bbox 1994 2487 2255 2527; x_wconf 84' lang='lat' dir='ltr'>interpretatur,</span> 
     </span>
     <span class='ocr_line' id='line_1_97' title="bbox 1267 2536 2255 2582; baseline -0.002 -10"><span class='ocrx_word' id='word_1_631' title='bbox 1267 2539 1394 2582; x_wconf 85' lang='lat' dir='ltr'>cogitet</span> <span class='ocrx_word' id='word_1_632' title='bbox 1427 2538 1476 2571; x_wconf 90' lang='lat' dir='ltr'>ibi</span> <span class='ocrx_word' id='word_1_633' title='bbox 1502 2538 1616 2571; x_wconf 86' lang='lat' dir='ltr'>fontes</span> <span class='ocrx_word' id='word_1_634' title='bbox 1643 2537 1816 2571; x_wconf 87' lang='lat' dir='ltr'>contineri</span> <span class='ocrx_word' id='word_1_635' title='bbox 1840 2537 1979 2570; x_wconf 88' lang='lat' dir='ltr'>articuli</span> <span class='ocrx_word' id='word_1_636' title='bbox 2003 2538 2045 2569; x_wconf 89' lang='lat' dir='ltr'>de</span> <span class='ocrx_word' id='word_1_637' title='bbox 2070 2536 2255 2570; x_wconf 87' lang='lat' dir='ltr'>divinitate</span> 
     </span>
     <span class='ocr_line' id='line_1_98' title="bbox 1266 2586 2254 2632; baseline -0.003 -9"><span class='ocrx_word' id='word_1_638' title='bbox 1266 2590 1330 2623; x_wconf 87' lang='lat' dir='ltr'>filii</span> <span class='ocrx_word' id='word_1_639' title='bbox 1354 2588 1433 2624; x_wconf 75' lang='lat' dir='ltr'>Dei.</span> <span class='ocrx_word' id='word_1_640' title='bbox 1496 2588 1536 2622; x_wconf 93' lang='lat' dir='ltr'>In</span> <span class='ocrx_word' id='word_1_641' title='bbox 1568 2589 1862 2632; x_wconf 88' lang='lat' dir='ltr'>interpretatione</span> <span class='ocrx_word' id='word_1_642' title='bbox 1891 2586 2072 2631; x_wconf 86' lang='lat' dir='ltr'>Epistolae</span> <span class='ocrx_word' id='word_1_643' title='bbox 2107 2588 2147 2619; x_wconf 88' lang='lat' dir='ltr'>ad</span> <span class='ocrx_word' id='word_1_644' title='bbox 2179 2586 2254 2621; x_wconf 86' lang='lat' dir='ltr'>Ro-</span> 
     </span>
     <span class='ocr_line' id='line_1_99' title="bbox 1267 2639 2254 2677; baseline -0.003 -3"><span class='ocrx_word' id='word_1_645' title='bbox 1267 2653 1391 2675; x_wconf 88' lang='lat' dir='ltr'>manae</span> <span class='ocrx_word' id='word_1_646' title='bbox 1412 2647 1494 2673; x_wconf 90' lang='lat' dir='ltr'>sunt</span> <span class='ocrx_word' id='word_1_647' title='bbox 1512 2641 1628 2673; x_wconf 83' lang='lat' dir='ltr'>sontes</span> <span class='ocrx_word' id='word_1_648' title='bbox 1646 2641 1688 2673; x_wconf 87' lang='lat' dir='ltr'>de</span> <span class='ocrx_word' id='word_1_649' title='bbox 1706 2640 1962 2677; x_wconf 81' lang='lat' dir='ltr'>iustificatione,</span> <span class='ocrx_word' id='word_1_650' title='bbox 1989 2639 2032 2670; x_wconf 86' lang='lat' dir='ltr'>de</span> <span class='ocrx_word' id='word_1_651' title='bbox 2051 2639 2254 2671; x_wconf 84' lang='lat' dir='ltr'>discrimine</span> 
     </span>
     <span class='ocr_line' id='line_1_100' title="bbox 1267 2689 2252 2736; baseline -0.004 -10"><span class='ocrx_word' id='word_1_652' title='bbox 1267 2693 1352 2736; x_wconf 86' lang='lat' dir='ltr'>legis</span> <span class='ocrx_word' id='word_1_653' title='bbox 1369 2699 1401 2726; x_wconf 89' lang='lat' dir='ltr'>et</span> <span class='ocrx_word' id='word_1_654' title='bbox 1418 2689 1613 2735; x_wconf 79' lang='lat' dir='ltr'>Evangelii.</span> <span class='ocrx_word' id='word_1_655' title='bbox 1668 2690 1717 2724; x_wconf 90' lang='lat' dir='ltr'>Ita</span> <span class='ocrx_word' id='word_1_656' title='bbox 1735 2698 1765 2724; x_wconf 90' lang='lat' dir='ltr'>et</span> <span class='ocrx_word' id='word_1_657' title='bbox 1782 2689 1911 2723; x_wconf 84' lang='lat' dir='ltr'>Psalmi</span> <span class='ocrx_word' id='word_1_658' title='bbox 1929 2689 2064 2723; x_wconf 85' lang='lat' dir='ltr'>utiliter</span> <span class='ocrx_word' id='word_1_659' title='bbox 2082 2690 2252 2732; x_wconf 82' lang='lat' dir='ltr'>legentur,</span> 
     </span>
    </p>
   </div>
  </div>
 </body>
</html>
