2379 2948
215 126 283 160 401

217 211 277 244 ris.
337 207 502 241 Probatio
535 211 650 238 autem
683 204 751 236 τοῦ
778 200 1019 248 κρινομένου,
1070 203 1202 236 dicitur

219 257 393 304 σύνεχον,
429 257 510 302 quia
529 262 640 288 totum
658 253 898 299 syllogismum
915 253 1102 288 connectit.

322 311 412 343 Sunt
438 313 552 340 autem
581 312 650 338 tres
674 305 806 337 formae
829 310 1000 344 statuum,
1031 316 1117 349 quas
1142 315 1204 348 per

221 360 440 407 quaestiones
457 357 673 390 discernunt.
725 354 843 388 Status
864 355 1111 388 coniecturalis
1131 354 1204 386 ori-

221 420 278 445 tur
298 422 336 442 ex
356 407 572 453 quaestione,
593 418 638 438 an
656 406 711 443 sit,
737 412 788 446 ut,
818 418 883 450 pro
901 405 1032 439 Roscio
1047 404 1203 450 quaestio

221 469 287 497 est,
316 471 359 491 an
378 457 527 491 Roscius
553 456 719 489 occiderit
743 463 892 500 patrem.
946 456 1066 489 Status
1091 455 1206 498 legiti-

220 522 308 550 mus,
325 510 360 541 in
373 521 441 553 quo
461 508 646 552 praecipua
656 513 707 540 est
725 507 896 547 definitio,
914 507 1028 540 oritur
1043 518 1083 539 ex
1100 518 1208 550 quae—

221 562 352 596 stione„
380 559 464 604 quid
482 559 545 597 sit,
572 564 612 591 ut
628 557 721 602 apud
735 556 903 590 Paulum:
931 556 1029 599 Quid
1047 557 1090 589 sit
1104 556 1207 589 iusti-

223 609 504 650 ciaChrisfiana,
529 609 617 642 Fide
633 620 677 641 ne
695 616 899 651 reputemur
915 608 1013 648 iusti,
1041 619 1086 640 an
1103 617 1208 650 opera

224 665 293 695 sint
314 662 463 695 iusticia.
516 660 636 693 Status
652 659 828 691 iudicialis
845 659 958 691 oritur
976 670 1015 691 ex
1036 657 1208 702 quaestio-

222 725 286 750 ne,
323 712 425 757 quale
447 712 491 744 sit
522 711 672 750 factum,
701 709 885 751 videlicet,
912 709 989 741 iure
1013 720 1057 741 ne
1078 709 1208 741 factum

223 765 284 803 sit,
310 771 366 801 ut,
394 763 471 795 iure
489 773 533 794 ne
551 760 678 794 Caesar
695 760 898 792 interfectus
914 759 970 793 sit.

478 845 536 878 De
563 848 669 877 statu
698 842 956 877 coniecturali.

327 912 417 946 Cum
437 917 552 944 autem
570 911 683 954 prima
702 910 745 942 sit
763 908 939 953 quaestio,
961 920 1006 941 au
1021 908 1082 949 sit,
1109 908 1211 942 initio

225 966 268 998 de
285 971 376 997 statu
394 962 620 995 coniecturali
637 961 803 993 dicemus.

226 1016 339 1050 tibus,
369 1013 451 1046 certi
473 1013 538 1044 loci
558 1011 705 1044 subiecti
726 1016 819 1044 sunt.
872 1008 941 1042 Sed
967 1011 1136 1054 quoniam
1159 1010 1213 1042 lo-

226 1067 274 1098 cis
301 1069 588 1107 argumentorum
625 1062 662 1093 in
693 1060 960 1093 confirmatione
993 1067 1026 1093 et
1049 1061 1210 1094 confuta-

226 1117 322 1149 tione
342 1114 490 1146 maxime
506 1114 652 1149 utimur,
672 1111 769 1155 prius
786 1111 1018 1144 recensendae
1035 1118 1117 1144 sunt
1134 1123 1214 1156 par-

226 1174 275 1199 tes
293 1164 473 1198 orationis.

481 1247 538 1279 De
566 1244 735 1289 partibus
763 1246 958 1279 orationis.

329 1313 516 1347 Orationis
544 1320 657 1356 partes
678 1319 760 1345 suut
784 1324 858 1344 sex:
887 1310 1103 1353 Exordium,
1125 1311 1215 1345 Nar-

228 1365 338 1405 ratio,
367 1363 583 1408 Propositio,
611 1362 855 1403 Confirmatio,
878 1361 1102 1403 Confutatio,
1130 1363 1215 1396 Per-

229 1417 352 1449 oratio.

330 1463 529 1498 Exordium
552 1470 601 1496 est
623 1463 766 1496 initium
791 1463 979 1503 orationis,
1009 1464 1214 1508 priusquam

230 1516 324 1549 enim
344 1517 386 1548 de
406 1527 442 1547 re
461 1514 631 1554 dicimus,
659 1514 892 1558 praeparandi
913 1521 995 1547 sunt
1019 1515 1130 1547 animi
1152 1527 1216 1548 au—

230 1566 423 1603 dientium,
453 1578 490 1597 ac
513 1565 618 1607 vulgo
641 1565 690 1598 ita
715 1565 873 1598 scribunt
898 1562 983 1598 haec
1009 1566 1075 1598 tria
1102 1566 1139 1597 in
1159 1578 1215 1598 ex-

232 1617 334 1650 ordio
359 1616 540 1648 efficienda
567 1627 656 1655 esse,
684 1622 721 1647 ut
749 1617 938 1648 reddamus
959 1616 1137 1649 auditores
1153 1617 1212 1648 be—

230 1668 387 1706 nex-0105,
409 1672 559 1699 attentos
577 1673 608 1699 et
625 1666 768 1698 dociles.
797 1665 929 1698 Fabius
945 1663 1029 1699 haec
1044 1667 1086 1699 ad
1105 1678 1215 1699 unum

243 127 258 137 ‘'
453 119 661 156 SCRtP'rA
690 117 764 152 Pu.
793 113 908 151 MEL.
935 115 1001 152 AD
1029 116 1156 153 HIST.
1184 113 1327 151 PROF.
1354 111 1419 148 ET
1446 111 1638 150 PHILOS.
1667 113 1985 150 SPECTANTIA.

857 958 1015 1002 Singulis
1034 959 1127 992 enim
1144 966 1212 992 sta-
1238 964 1240 978 ²

2161 114 2235 150 452

1257 202 1376 241 visset,
1403 212 1446 232 ne
1465 199 1665 232 adversario
1682 200 1950 243 concederetur,
1978 207 2018 233 ut
2037 211 2098 244 pro
2125 211 2160 232 se
2184 200 2239 232 di-

1256 259 1357 286 ceret.
1404 249 1500 283 Haec
1519 250 1659 294 querela
1678 249 1826 282 maxime
1843 250 1985 284 decebat
2003 250 2040 282 in
2058 250 2214 294 (σφι-(110.

1358 300 1519 334 Attentos
1539 301 1737 341 reddimus,
1766 311 1845 332 cum
1864 300 2097 342 significamus
2114 313 2177 334 nos
2196 302 2239 333 de

1256 352 1390 394 magnis
1413 359 1446 386 et
1468 351 1615 384 utilibus
1633 352 1738 384 rebus
1763 351 1896 388 dicere,
1925 357 1962 383 ut
1979 351 2021 382 ad
2040 349 2238 385 Romanos:

1257 402 1337 436 Non
1356 403 1463 445 pudet
1480 414 1534 434 me
1550 400 1748 445 Evangelii.
1777 399 1840 434 Est
1858 400 1950 433 euim
1968 402 2122 444 potentia
2139 401 2218 438 Dei.

1362 452 1523 492 Dociles,
1559 465 1637 485 cum
1669 459 1702 486 et
1725 463 1897 485 summam
1931 450 2068 493 negocii
2092 452 2243 486 breviter

1261 505 1490 543 ostendimus,
1511 509 1549 535 ut
1565 504 1608 536 ad
1626 502 1825 537 Romanos:
1856 501 1895 534 ln
1915 499 2108 544 Evangelio
2127 504 2243 546 patefit

1233 548 1235 554 λ
1261 554 1398 586 iusticia
1414 554 1505 586 fidei.
1559 554 1628 587 Sed
1648 566 1720 586 uon
1739 560 1884 597 possunt
1909 564 2058 585 numero
2084 565 2244 597 compre-

1261 603 1370 637 hendi
1396 604 1527 647 species
1551 605 1788 637 exordiorum.
1847 602 2023 637 Ordimur
2049 605 2143 636 enim
2169 616 2242 637 non

1262 661 1400 688 tantum
1417 654 1461 686 ab
1479 651 1533 686 his
1551 654 1657 695 locis,
1684 666 1771 699 quos
1789 654 1960 694 recensui,
1987 655 2045 686 sed
2066 654 2244 688 interdum

1264 717 1282 738 a
1304 711 1477 748 tempore,
1512 704 1690 738 interdum
1717 717 1735 737 a
1758 704 1864 744 locis,
1898 705 2077 737 interdum
2099 706 2143 738 ab
2167 705 2246 738 aliis

1264 755 1546 788 circumstantiis.
1589 754 1690 788 Hanc
1707 755 1908 789 varietatem
1927 756 2113 790 ostendent
2129 768 2244 789 exem—

1237 812 1240 847 !
1265 807 1322 850 pla
1339 805 1531 840 Ciceronis.
1581 804 1674 838 Illud
1689 817 1800 839 unum
1822 805 1982 849 precipue
2001 806 2153 839 iudicavi
2171 819 2249 839 mo-

1266 858 1402 890 nendos
1420 868 1492 889 esse
1509 857 1702 897 studiosos,
1730 857 1918 889 maximam
1945 857 2092 898 gratiam
2118 854 2249 890 habere

1239 926 1240 951 ᾗ
1265 909 1463 941 verecunda
1483 914 1514 940 et
1532 907 1715 942 summissa
1734 907 1894 946 exordia,
1918 915 1950 940 et
1967 908 2089 950 procul
2111 908 2249 950 fugien-

1239 954 1240 958 ¹
1266 960 1309 991 da
1333 970 1404 990 esse
1427 959 1573 1000 grandia
1599 965 1631 991 et
1655 958 1789 991 tumida
1811 957 2000 1002 principia,
2027 958 2144 1002 qualia
2169 965 2251 991 sunt

1239 1042 1240 1046 ,
1265 1009 1390 1049 Stacii,
1417 1010 1640 1052 praesertim,
1667 1021 1746 1042 cum
1765 1016 1798 1042 et
1819 1008 2068 1041 existimationi
2086 1008 2251 1044 officient.

1239 1081 1241 1099 3
1267 1059 1475 1102 Significant
1491 1060 1584 1092 enim
1607 1059 1842 1102 arrogantiam
1865 1066 1896 1092 et
1921 1058 2168 1092 confidentiam
2194 1060 2251 1092 in-

1241 1100 1242 1160 }
1266 1110 1370 1152 genii.
1398 1109 1551 1154 Ideoque
1568 1111 1758 1153 prudenter
1773 1109 1942 1143 Horatius
1958 1111 2142 1154 praecipit:
2169 1109 2252 1144 Non

1241 1168 1243 1187 ⁴,
1267 1162 1404 1194 fumum
1423 1172 1462 1193 ex
1479 1160 1633 1203 fulgore,
1661 1162 1719 1193 sed
1737 1172 1775 1193 ex
1794 1162 1892 1193 fumo
1911 1162 1994 1192 dare
2013 1161 2136 1196 lucem.

1241 1200 1244 1268 ἱ
1368 1211 1502 1244 Decent
1534 1212 1572 1243 in
1601 1211 1713 1243 initiis
1748 1218 1780 1244 et
1816 1211 2009 1251 dubitatio,
2053 1211 2253 1252 admiratio,

1242 1274 1243 1300 3
1268 1259 1570 1307 ἀπροσδόκητον,
1600 1268 1741 1302 votum,
1767 1268 1798 1294 et
1816 1261 1949 1294 similes
1965 1261 2116 1303 figurae,
2143 1269 2182 1296 ut
2198 1263 2254 1295 ni-

1241 1314 1244 1376 d
1269 1311 1321 1345 hil
1346 1313 1463 1346 minus
1487 1314 1721 1355 expectabam.
1774 1311 1931 1345 Maxime
1959 1303 2084 1345 vellem
2109 1313 2255 1354 iudices,

1242 1380 1243 1384 ¹
1267 1370 1306 1396 ut
1320 1362 1416 1408 Sylla
1434 1363 1640 1406 dignitatem
1658 1374 1756 1395 suam
1775 1363 1926 1395 retinere
1950 1364 2130 1405 potuisset.
2183 1362 2254 1396 De-

1241 1387 1244 1452 i
1268 1423 1346 1446 cent
1365 1420 1396 1446 et
1415 1414 1557 1446 affectus
1573 1413 1730 1445 mitiores
1745 1413 1861 1445 omnis
1885 1413 2039 1455 generis,
2061 1421 2115 1448 ut:
2145 1413 2254 1457 lVIag-

1241 1453 1244 1520 ἶ
1269 1476 1349 1495 nam
1375 1461 1465 1496 mihi
1484 1464 1698 1506 voluptatem
1718 1463 1913 1496 attulerunt
1929 1463 2052 1496 literae
2066 1471 2157 1498 tuae.
2213 1465 2254 1498 In

1269 1514 1404 1556 magnis
1422 1514 1532 1547 causis
1549 1526 1622 1546 non
1639 1513 1752 1546 solent
1769 1514 1912 1546 exordia
1937 1516 2186 1556 praetermitti,
2211 1527 2255 1548 ne

1269 1565 1412 1609 quidem
1449 1566 1493 1597 ab
1518 1564 1664 1603 Atticis,
1707 1564 1769 1608 qui
1801 1565 1874 1606 lege
1898 1565 2132 1607 cogebantur,
2164 1565 2254 1601 ἄνευ

1269 1612 1475 1659 :montilium
1500 1613 1559 1648 καὶ
1585 1613 1724 1648 παθῶν
1750 1615 1878 1649 dicere.
1931 1615 2000 1648 Sed
2023 1616 2059 1648 in
2084 1615 2255 1661 Epistolis

1269 1666 1393 1698 crebro
1416 1665 1746 1709 praetermittuntur
1763 1666 1917 1698 exordia.

230 1717 496 1752 benevolentiae
521 1717 637 1749 locum
662 1717 783 1756 refert,
811 1717 870 1761 qui
900 1717 1054 1760 profecto
1082 1718 1215 1760 praeci·
1242 1735 1245 1754 t

231 1780 320 1813 puus
337 1774 397 1801 est.
452 1767 552 1800 Sicut
567 1767 662 1799 enim
682 1767 718 1798 in
737 1767 956 1811 quotidianis
973 1769 1217 1810 congressibus

231 1820 472 1863 colloquentes
495 1830 575 1851 cum
601 1817 741 1858 amicis,
772 1818 880 1851 inicio
905 1830 969 1851 nos
992 1821 1218 1852 commenda·

232 1881 329 1909 mus,
356 1875 415 1901 aut
433 1880 654 1908 excusamus,
681 1880 743 1901 cur
761 1868 810 1901 eiS
827 1869 1012 1912 negocium
1039 1870 1218 1909 faciamus,

233 1922 280 1953 ita
308 1920 343 1951 in
368 1919 503 1961 magnis
528 1919 640 1952 causis
664 1919 761 1952 decet
785 1920 975 1962 prooemiis
993 1920 1218 1964 quibusdam,

234 1971 289 2003 vel
315 1970 464 2002 excitare
494 1970 548 2001 vel
572 1969 722 2001 invitare
740 1971 929 2003 auditores.
981 1969 1028 2004 Et
1044 1979 1094 2005 est
1112 1984 1218 2016 quae-

234 2022 314 2054 dam
330 2018 559 2052 humanitatis
579 2019 805 2062 significatio,
826 2021 924 2064 prius
942 2021 984 2054 de
1002 2029 1122 2055 nostro
1141 2023 1218 2055 offi-

235 2073 287 2105 cio
313 2071 445 2110 dicere,
473 2082 576 2114 quam
602 2070 645 2102 ad
673 2081 811 2102 causam
836 2071 1043 2105 accedimus.

234 2121 518 2155 benevolentiam
537 2121 621 2153 alias
639 2132 658 2152 a
676 2121 852 2164 personis,
876 2122 961 2154 alias
980 2123 1022 2155 ab
1048 2123 1132 2167 ipsis
1157 2137 1221 2157 ne—

235 2173 341 2216 gociis
354 2197 361 2210 ‚
391 2172 419 2204 si
435 2172 506 2204 sint
521 2169 666 2204 honesta
684 2177 717 2204 et
734 2171 934 2214 plausibilia
946 2199 954 2212 ,
982 2175 1220 2210 conciliamus,

236 2225 304 2257 Sed
323 2224 419 2255 locus
438 2223 684 2256 usitatissimus
701 2219 759 2255 hic
777 2229 826 2256 est
842 2224 1031 2266 apersonis
1049 2233 1221 2269 sumptus,

237 2275 350 2307 dicere
379 2275 420 2306 de
446 2274 579 2313 officio,
607 2273 662 2305 vel
686 2279 826 2314 nostro,
855 2274 910 2306 vel
936 2274 1078 2313 iudicis,
1106 2284 1143 2309 ut
1160 2275 1220 2309 Ci-

238 2337 315 2358 cero
342 2325 444 2357 initio
469 2331 590 2357 contra
615 2323 775 2357 Verrem.
830 2323 935 2365 Item,
961 2337 1024 2367 pro
1048 2326 1122 2369 lege
1142 2326 1222 2359 Ma-

237 2376 336 2409 nilia.
392 2375 487 2415 ltem,
517 2387 578 2418 pro
602 2372 744 2413 Archia,
773 2375 889 2408 reddit
906 2376 1090 2419 rationem,
1115 2390 1222 2422 quare

240 2424 300 2457 lias
321 2437 438 2457 causas
456 2426 655 2469 susceperit.
711 2423 887 2458 Ordimur
903 2438 921 2458 a
947 2426 1111 2460 laudibus
1139 2429 1222 2468 eius,

241 2478 283 2508 ad
316 2488 417 2518 quem
452 2475 599 2509 liabetur
626 2477 757 2514 oratio,
793 2483 831 2509 ut
855 2475 985 2510 Paulus
1015 2478 1052 2510 in
1080 2480 1221 2511 exordio

241 2525 421 2567 Epistolae
440 2527 481 2558 ad
500 2525 699 2565 Romanos,
724 2527 826 2560 initio
844 2528 946 2560 fidem
973 2540 1093 2561 eorum
1120 2542 1222 2573 prae-

1096 2074 1219 2118 Itaque
1244 2091 1245 2094 =

1611 1750 1669 1783 De
1696 1752 1928 1784 narratione.

1371 1816 1535 1850 Narratio
1556 1824 1606 1851 est
1622 1818 1703 1850 facti
1725 1818 1913 1862 expositio,
1941 1829 2030 1862 quae
2054 1819 2172 1852 statim
2197 1832 2256 1852 ex-

1271 1868 1374 1901 ordio
1402 1867 1599 1901 subiicitur.
1663 1867 1765 1900 Hanc
1793 1869 1892 1913 sequi
1921 1869 2024 1902 debet
2050 1871 2256 1913 propositio,

1271 1931 1358 1963 quae
1377 1918 1554 1951 contineat
1582 1918 1754 1951 summam
1778 1920 1838 1951 rei.
1892 1918 1934 1951 In
1956 1920 2256 1964 disputationibus

1271 1977 1304 2003 et
1328 1969 1494 2002 suasoriis
1517 1970 1629 2001 causis
1658 1970 1837 2001 interdum
1872 1981 1943 2001 non
1974 1971 2109 2004 utimur
2133 1984 2256 2005 narra-

1271 2021 1378 2061 tione,
1396 2031 1655 2063 nonnunquam
1675 2026 1708 2052 et
1726 2020 1762 2051 in
1779 2020 1917 2053 iudiciis
1936 2022 2258 2064 praetermittimus-

1245 2108 1247 2115 ‚
1273 2070 1394 2116 ltaque
1419 2071 1606 2113 prudentia
1625 2077 1675 2103 est
1698 2071 1834 2108 videre,
1866 2073 2006 2115 quando
2035 2073 2187 2116 postulet
2203 2085 2257 2106 res

1245 2119 1248 2172 fl
1273 2121 1524 2155 narrationem.
1578 2120 1778 2164 Propositio
1797 2129 1912 2154 autem
1937 2135 2119 2168 nunquam
2142 2124 2259 2157 omitti

1246 2176 1248 2220 l
1273 2179 1396 2217 potest.
1431 2172 1529 2205 Haec
1548 2173 1735 2216 praecipua
1755 2184 1834 2216 pars
1854 2180 1904 2206 est
1921 2174 2028 2207 totius
2046 2174 2263 2215 certaminis‚'

1246 2235 1248 2251 ῑ
1273 2231 1307 2256 et
1330 2224 1508 2256 interdum
1536 2223 1667 2256 multae
1691 2223 1947 2267 propositiones
1974 2233 2174 2269 ponuntur,
2198 2228 2258 2258 sed

1246 2275 1249 2322 ξ
1274 2274 1335 2308 ubi
1354 2275 1479 2316 gradus
1498 2286 1557 2317 per
1573 2275 1706 2318 priores
1722 2275 1765 2307 ad
1788 2287 1894 2309 unam
1923 2277 2100 2320 quandam
2124 2276 2256 2320 princi-

1248 2338 1249 2362 3
1277 2325 1387 2368 palem
1407 2325 1589 2358 faciendus
1608 2332 1673 2365 est,
1702 2333 1739 2358 ut
1757 2327 1799 2357 ad
1819 2324 2021 2367 Romanos,
2048 2327 2150 2360 initio
2174 2339 2258 2370 pro-

1248 2373 1249 2409 ἶ
1277 2376 1510 2418 ponitomnes
1531 2387 1603 2408 esse
1629 2377 1694 2409 sub
1719 2383 1878 2420 peccato,
1906 2385 2024 2420 gentes
2048 2385 2082 2410 et
2098 2376 2257 2413 ludaeos.

1248 2422 1412 2459 ¹Deinde
1445 2428 1603 2470 pervenit
1636 2428 1678 2459 ad
1711 2428 1987 2471 propositionem
2017 2429 2260 2472 principalem,

1277 2479 1369 2521 quod
1390 2486 1531 2521 propter
1546 2476 1726 2511 Christum
1745 2479 1826 2512 iusti
1844 2485 2057 2522 reputemur,
2086 2492 2166 2512 cum
2184 2492 2259 2512 cre-

1249 2536 1251 2557 l
1277 2528 1392 2560 dimus
1424 2529 1527 2561 nobis
1552 2535 1693 2572 propter
1726 2542 1805 2562 eum
1834 2530 2007 2572 placatum
2033 2541 2105 2563 esse
2130 2528 2258 2569 Deum,

242 2577 345 2609 dicat.
398 2574 484 2608 Cum
502 2578 752 2619 respondemus
771 2579 996 2617 adversariis,
1021 2580 1159 2613 facilius
1175 2586 1223 2613 est
1249 2569 1251 2588 ⁴¹
1278 2591 1350 2611 non
1372 2587 1513 2622 propter
1540 2587 1658 2613 nostra
1684 2580 1873 2612 benefacta.
1926 2579 2047 2625 Neque
2071 2581 2113 2614 de
2137 2581 2259 2624 dispu-

243 2626 353 2659 ordiri
380 2637 419 2657 ex
443 2627 642 2666 occasione,
675 2628 764 2661 sicut
784 2627 1039 2663 Demosthenes
1063 2631 1224 2675 queritur
1249 2653 1252 2685 1
1277 2631 1409 2663 tatione
1433 2631 1581 2663 iudicari
1606 2638 1738 2674 potest,
1766 2630 1833 2662 nisi
1858 2627 1924 2663 hoc
1949 2632 2074 2664 ordine
2098 2632 2259 2675 proposi-

241 2678 344 2711 initio
370 2677 412 2709 de
437 2674 606 2718 Eschine‚
635 2679 729 2722 quod
755 2691 827 2713 rem
852 2680 1109 2726 iniquissimam
1135 2682 1223 2727 peti·
1250 2714 1252 2728 ι
1278 2681 1414 2715 tionum
1432 2682 1687 2715 animadverso.
1743 2679 1784 2713 ln
1802 2680 2005 2724 vulgaribus
2028 2682 2258 2716 concionibus
