2379 2948
101 94 200 132 1269

98 179 257 224 ponitur,
279 187 476 226 sequuntur
492 179 585 213 enim
603 180 759 224 insignes
776 180 977 225 particulae,
1001 193 1091 227 quae

98 231 308 265 discernunt
334 231 568 265 sacerdotium
590 229 744 272 Christi,
771 243 790 264 a
806 232 1000 266 sacerdotio
1020 232 1090 266 Le-

95 281 224 323 vitico,
254 289 286 317 et
302 283 494 316 ostendunt
512 282 630 327 qualia
652 283 745 315 bona
762 280 925 316 exhibeat
950 281 1007 317 hic
1033 296 1088 317 sa—

95 334 239 377 cerdos,
268 333 431 368 videlicet
448 345 578 367 novam
596 345 636 366 ac
659 339 837 367 aeternam
862 333 1037 368 iusticiam
1054 342 1087 369 et
1112 360 1114 370 ι

1112 383 1113 386 ’
1138 390 1172 417 to
1193 392 1225 417 et
1242 385 1284 416 de
1302 396 1403 417 causa
1423 386 1545 418 mortis
1563 387 1805 429 admonerent,
1828 390 1887 422 sed
1906 397 1945 424 ut
1962 390 2031 424 sint
2047 402 2128 434 per-

95 383 217 420 vitam.

146 464 328 502 Sacerdos
354 466 394 500 in
421 471 620 502 aeternum.

196 534 293 569 Haec
311 541 361 569 est
378 547 469 568 nova
487 534 697 579 descriptio,
727 541 760 569 et
775 532 869 568 nihil
886 547 1084 580 congruens

94 598 174 620 cum
191 585 349 620 Levitico
368 586 557 621 sacerdote.
613 585 723 620 Vocat
747 587 841 619 enim
867 584 962 620 hunc
977 585 1083 621 Chri-

93 644 186 670 stum
210 638 424 670 sacerdotem
449 643 646 670 aeternum:
684 636 792 672 Initio
816 644 931 671 autem
951 638 1083 672 consti-

93 688 266 721 tuendum
289 695 358 729 est,
394 688 679 734 quandocunque
709 689 747 721 fit
780 689 914 723 mentio
936 687 1082 731 Christi,

94 740 191 784 quod
216 738 260 772 sit
281 745 444 772 aeternus
460 737 554 779 Rex,
581 740 670 774 sicut
686 739 826 773 Psalmo
842 739 904 774 71.
929 747 959 773 et
984 741 1081 779 alibi,

92 789 243 833 intelligi
261 787 351 823 hanc
368 790 636 834 perpetuitatem
654 792 696 824 de
713 791 784 835 ipsa
812 803 960 835 persona
976 789 1081 825 Chri-

93 841 156 881 sti,
183 853 256 873 non
274 841 317 873 de
334 841 587 885 propagatione
603 853 839 875 successorum
853 868 861 883 ,
888 843 946 875 sed
972 842 1081 885 signi-

93 891 218 925 ficatur
245 891 356 935 ipsam
389 904 574 936 personam
600 891 734 926 Christi
763 905 836 926 esse
866 901 1081 937 perpetuam,

91 942 184 976 sicut
201 939 258 976 hic
276 943 410 987 inquit:
438 940 498 976 Τιι
518 955 552 976 es
568 941 740 977 sacerdos
756 943 795 976 in
813 948 1012 983 aeternum,
1039 945 1081 977 de

91 1004 241 1037 persona
262 994 441 1039 loquitur,
468 1007 540 1027 non
557 996 600 1028 de
617 995 847 1030 successione.
888 994 965 1028 Hoc
986 1002 1080 1040 post-

92 1056 199 1089 quam
215 1045 447 1079 constitutum
465 1053 533 1086 est,
558 1047 669 1080 multa
686 1054 877 1080 sumuntur
892 1058 932 1080 ex
951 1047 1080 1080 talibus

91 1095 198 1137 locis,
233 1097 276 1129 de
304 1103 448 1130 aeterno
477 1108 557 1139 rege
581 1104 640 1130 aut
668 1099 858 1133 sacerdote.
919 1097 1080 1131 Primum

91 1146 187 1179 enim
204 1144 244 1179 hi
260 1147 327 1180 loci
344 1155 428 1181 sunt
451 1148 671 1188 testimonia,
699 1150 741 1182 de
760 1156 885 1182 natura
904 1149 1025 1181 divina
1044 1148 1080 1180 in

91 1195 256 1238 Christo,
282 1199 378 1243 quod
402 1199 446 1232 sit
468 1205 632 1232 aeternus
648 1198 715 1232 Dei
732 1198 865 1240 Filius,
892 1199 982 1232 sicut
1008 1198 1081 1232 Mi-

91 1245 195 1282 cheas
210 1249 327 1294 inquit
342 1261 414 1293 cap.
427 1247 478 1284 5.:
507 1248 676 1293 Egressus
692 1251 766 1283 eius
782 1251 952 1291 ahinitio,
977 1250 1082 1283 adie-

90 1299 157 1333 bus
175 1300 347 1340 aeternis,
375 1301 429 1333 vel
449 1307 529 1333 ante
547 1302 622 1333 dies
640 1301 778 1337 mundi.
830 1300 966 1335 Eadem
986 1300 1080 1334 enim

91 1350 264 1383 sententia
298 1357 366 1390 est,
408 1357 556 1384 testatur
595 1353 715 1384 eadem
748 1352 941 1395 particula,
983 1352 1078 1396 quod

89 1398 254 1434 Christus
278 1401 367 1435 vivit
396 1409 537 1435 aeterna
561 1402 652 1442 vita,
687 1403 776 1436 sicut
794 1400 918 1436 Esaias
944 1402 1078 1446 inquit:

90 1450 195 1485 Pater
208 1452 319 1485 futuri
336 1453 455 1494 seculi,
473 1465 534 1486 seu
553 1460 651 1497 pater
667 1460 829 1487 aeternae
846 1454 951 1487 vitae.
985 1451 1080 1496 Ergo

90 1514 229 1536 necesse
254 1503 322 1537 fuit
345 1501 527 1539 Christum
552 1516 733 1548 resurgere
761 1512 794 1539 et
821 1505 937 1549 ipsum
962 1511 1080 1538 tenere

89 1565 239 1597 regnum
257 1561 289 1587 et
304 1555 405 1598 fungi
422 1556 616 1590 sacerdotio
629 1582 639 1597 ,
663 1554 748 1589 haec
767 1556 922 1601 primum
941 1557 983 1589 de
1002 1568 1081 1600 per-

90 1615 175 1638 sona
193 1605 477 1641 considerantur.

193 1655 262 1690 Sed
279 1655 457 1701 Propheta
476 1669 550 1691 non
570 1663 708 1691 tantum
729 1658 772 1691 de
796 1668 945 1701 persona
965 1655 1081 1700 loqui·

90 1713 168 1748 tur,
195 1719 318 1740 verum
344 1708 449 1741 etiam
474 1709 517 1741 de
542 1708 618 1751 ipso
645 1709 751 1741 modo
775 1707 960 1741 sacerdotii
984 1714 1017 1740 et
1039 1707 1082 1739 de

90 1757 282 1799 beneficiis,
309 1770 398 1803 quae
413 1759 669 1803 complectitur.
703 1758 807 1792 Haud
826 1759 934 1791 dubie
952 1758 1082 1791 discer-

91 1808 146 1842 nit
169 1821 187 1842 a
211 1808 382 1845 Levitico.
435 1808 526 1844 Cum
550 1810 644 1843 enim
669 1808 830 1844 Christus
853 1810 897 1843 sit
920 1817 1082 1843 aeternus

91 1860 270 1901 sacerdos,
297 1872 436 1894 necesse
452 1868 502 1895 est
518 1861 621 1895 etiam
641 1861 694 1893 illi
712 1855 826 1894 coetui
850 1861 887 1893 in
905 1873 975 1906 quo
999 1860 1081 1893 fun-

90 1911 185 1954 gitur
207 1912 423 1952 sacerdotio,
459 1912 535 1945 dari
559 1913 668 1945 vitam
695 1919 885 1947 aeternam.
936 1911 1080 1944 Frustra

91 1962 186 1995 enim
222 1963 399 1997 diceretur
426 1962 597 1997 Sacerdos
631 1970 769 2007 postea,
821 1963 972 1996 extincto
1008 1969 1081 1995 toto

92 2020 204 2047 coetu.
249 2013 370 2057 Quare
388 2012 472 2048 haec
492 2015 661 2058 particula
680 2027 753 2047 non
771 2015 920 2048 obscure
939 2013 1080 2047 concio·

91 2071 198 2097 natur
214 2065 257 2098 de
275 2065 433 2099 tollendo
455 2073 607 2110 peccato,
635 2066 678 2099 de
694 2066 868 2099 abolenda
886 2072 1010 2103 morte,
1039 2066 1081 2097 de

93 2114 324 2149 instauranda
348 2123 472 2150 natura
497 2115 672 2158 humana,
708 2117 751 2150 de
775 2116 951 2160 spirituali
970 2123 1002 2149 et
1025 2128 1082 2148 ae-

90 2172 191 2199 terna
209 2168 291 2202 vita.
343 2166 541 2201 Leviticum
560 2169 793 2202 sacerdotium
812 2175 885 2201 erat
908 2168 1081 2212 paedago-

92 2218 147 2260 gia
170 2218 330 2252 instituta
361 2219 404 2251 ad
431 2219 701 2262 significandum
726 2220 885 2253 futurum
920 2219 1082 2257 sacerdo-

91 2268 194 2303 tium.
237 2267 283 2303 Et
302 2267 435 2303 hostiae
451 2269 626 2304 Leviticae
642 2271 862 2305 testabantur
877 2270 998 2314 generi
1014 2267 1083 2303 hu-

92 2332 197 2353 mano
222 2320 422 2364 impositam
447 2332 520 2354 esse
547 2328 694 2356 mortem
720 2329 866 2367 propter
889 2328 1082 2365 peccatum,

93 2383 166 2404 non
183 2372 374 2405 abolebant
391 2379 570 2415 peccatum
588 2380 648 2407 aut
670 2381 831 2414 mortem,
859 2373 993 2406 nullam
1019 2373 1083 2405 ad-

91 2423 252 2456 ferebant
276 2430 422 2456 naturae
446 2430 586 2457 nostrae
609 2425 862 2465 mutationem,
887 2435 962 2456 non
985 2424 1080 2456 adse-

93 2474 220 2508 rebant
253 2474 361 2507 vitam
394 2481 587 2507 aeternam:
634 2477 692 2509 sed
726 2473 784 2509 hic
815 2476 851 2508 in
885 2475 1082 2508 sacerdotio

92 2522 250 2568 Christi,
275 2525 384 2560 exerit
404 2536 438 2558 se
455 2525 575 2558 divina
594 2527 762 2570 potentia,
790 2528 945 2560 donatur
960 2526 1083 2559 remis-

94 2575 146 2608 sio
172 2583 413 2620 peccatorum,
442 2577 571 2610 deinde
595 2584 721 2611 natura
744 2575 899 2611 humana
919 2577 1084 2620 purifica-

93 2633 169 2668 tur,
196 2635 229 2661 et
245 2629 406 2662 aboletur
422 2639 517 2661 mors
530 2655 538 2667 ,
566 2635 599 2662 et
623 2629 795 2663 illucescit
812 2629 849 2661 in
872 2629 976 2662 nobis
992 2640 1084 2661 nova

93 2678 227 2720 agnitio
245 2678 332 2722 Dei,
359 2686 392 2714 et
414 2680 590 2713 donamur
606 2686 773 2725 perpetua
789 2679 858 2713 vita
880 2687 912 2714 et
934 2679 1084 2715 iusticia.

728 94 794 130 ΙΧ.
844 92 1211 130 COMMENTARII
1239 92 1290 129 IN
1313 91 1555 132 PSALMOS.

2036 101 2135 137 1270

1145 179 1204 214 Sic
1220 179 1329 222 igitur
1346 181 1503 225 pontifex
1523 187 1640 215 noster
1656 187 1705 215 est
1722 190 1922 227 perpetuus,
1948 192 1988 220 ut
2003 193 2037 221 et
2051 199 2131 222 coe-

1141 237 1216 264 tum
1235 238 1443 275 perpetuum
1462 230 1606 273 habeat,
1635 233 1672 266 in
1691 246 1761 279 quo
1785 235 1946 279 fungitur
1965 240 2128 272 sacerdo—

1139 281 1209 322 tio,
1237 288 1270 314 et
1288 280 1384 315 Deus
1410 280 1538 316 habeat
1563 290 1749 328 perpetuos
1767 287 1931 322 cultores.
1984 287 2128 323 Hostiae

1138 332 1315 366 Leviticae
1334 340 1432 367 erant
1447 335 1639 368 destinatae
1656 336 1778 377 morti,
1806 344 1845 371 ut
1862 350 1926 371 nos
1943 340 1986 372 de
2003 351 2127 382 pecca-

1137 441 1238 478 petua
1260 434 1447 476 sacrificia,
1481 443 1519 470 ut
1550 436 1594 470 sit
1618 444 1785 480 perpetua
1814 439 2022 482 glorificatio
2049 440 2126 482 Dei,

1136 485 1231 518 aliud
1251 487 1485 519 sacerdotium
1513 487 1628 520 incoat
1645 485 1826 531 Christus,
1853 490 1889 523 in
1911 504 1981 536 quo
1999 492 2036 524 in
2054 492 2125 526 vita

1135 543 1274 569 aeterna
1294 537 1359 570 erit
1377 545 1544 581 perpetua
1562 537 1625 571 Dei
1643 539 1788 582 agnitio,
1817 541 2018 582 celebratio,
2044 554 2124 587 gra-

1135 587 1263 621 tiarum
1284 588 1387 621 actio.

1237 637 1332 672 Hinc
1350 638 1501 681 intelligi
1521 645 1645 682 potest,
1672 651 1777 684 quam
1795 640 1840 674 sit
1855 641 2004 676 illustris
2021 643 2125 676 diffe-

1135 689 1245 723 rentia
1272 687 1328 722 hic
1357 689 1487 733 posita,
1514 689 1717 722 discernens
1740 690 1938 725 Leviticum
1963 695 2126 727 sacerdo—

1134 741 1240 781 tium,
1266 753 1285 773 a
1301 738 1433 774 Christi
1454 740 1671 781 sacerdotio,
1698 743 1791 785 quod
1811 743 1926 776 abolet
1944 751 2123 786 peccatum

1133 804 1171 824 ac
1190 798 1356 832 mortem,
1384 799 1417 824 et
1434 791 1547 825 adfert
1574 803 1701 824 novam
1723 799 1754 825 et
1781 801 1985 837 perpetuam
2007 795 2125 836 vitam,

1134 843 1349 883 agnitionem
1376 842 1442 877 Dei
1472 849 1505 875 et
1534 842 1786 878 obedientiam.
1850 843 2015 878 Intuetur
2042 858 2123 889 ergo

1135 891 1328 937 Propheta,
1356 906 1433 926 cum
1452 899 1552 926 vocat
1570 901 1753 927 aeternum
1781 897 2017 935 sacerdotem,
2050 909 2123 929 non

1133 952 1269 978 tantum
1297 946 1388 977 dona
1415 945 1452 977 in
1480 942 1544 977 hac
1573 944 1662 983 vita,
1698 946 1756 978 sed
1790 954 1993 990 perpetuam
2026 947 2123 980 illam

1133 996 1281 1038 gloriam
1301 996 1514 1028 instauratae
1532 1003 1698 1035 naturae,
1726 1009 1830 1041 quam
1847 1010 1920 1030 non
1940 1010 2125 1042 possumus

1135 1047 1250 1080 verbis
1267 1047 1475 1080 describere.

1236 1096 1281 1131 Et
1303 1105 1419 1131 tamen
1443 1098 1502 1130 illa
1531 1097 1685 1140 ingentia
1718 1098 1811 1130 dona
1836 1098 1871 1131 in
1892 1096 1955 1132 hac
1974 1100 2044 1134 vita
2069 1100 2125 1133 in·-

1136 1156 1298 1183 coantur.
1359 1147 1405 1182 Et
1434 1148 1856 1191 complectiturPsalmus
1886 1151 2125 1184 ministerium

1135 1199 1340 1243 Evangelii,
1369 1207 1400 1233 et
1418 1212 1453 1232 ea
1471 1200 1584 1239 dona,
1612 1212 1701 1244 quae
1718 1196 1881 1234 Christus
1907 1202 1943 1234 in
1968 1199 2033 1235 hac
2053 1203 2123 1236 vita

1136 1251 1309 1295 impertit,
1338 1263 1427 1295 quae
1451 1251 1593 1295 quidem
1616 1257 1697 1283 sunt
1724 1250 1877 1284 incoatio
1899 1253 1989 1286 vitae
2012 1260 2126 1286 aeter-

1134 1315 1209 1337 nae.
1246 1302 1343 1336 Sicut
1363 1302 1478 1346 inquit
1497 1298 1673 1333 Christus:
1708 1299 1803 1334 Haec
1819 1310 1869 1335 est
1888 1303 1956 1336 vita
1973 1311 2126 1345 aeterna,

1135 1361 1172 1386 ut
1198 1360 1389 1396 agnoscant
1406 1360 1438 1385 te
1456 1351 1569 1384 Deum
1590 1364 1729 1391 verum,
1756 1359 1788 1385 et
1807 1365 1910 1397 quem
1929 1354 2055 1387 misisti
2071 1355 2126 1389 Ie-

1133 1416 1209 1437 sum
1229 1402 1424 1437 Christum.
1461 1402 1553 1444 Quia
1572 1402 1665 1434 enim
1685 1399 1846 1436 Christus
1864 1405 1968 1438 nobis
1982 1405 2019 1438 fit
2037 1418 2126 1450 pon-

1134 1455 1235 1495 tifex,
1262 1461 1293 1487 et
1311 1455 1385 1487 eius
1404 1453 1638 1486 sacerdotium
1659 1454 1694 1485 in
1714 1454 1818 1487 nobis
1835 1462 1885 1489 est
1902 1455 2033 1497 efficax,
2062 1469 2126 1490 ne-

1135 1518 1226 1539 cesse
1252 1512 1301 1538 est
1326 1504 1473 1550 perferri
1500 1505 1543 1536 ad
1568 1515 1632 1536 nos
1650 1504 1794 1549 aliquod
1813 1507 1980 1547 verbum,
2008 1513 2045 1540 ut
2066 1519 2127 1541 su-

1135 1569 1195 1600 pra
1213 1557 1345 1589 dictum
1370 1563 1439 1594 est,
1468 1562 1500 1588 et
1523 1555 1689 1588 constitui
1714 1555 1859 1600 aliquod
1880 1557 2128 1592 ministerium.

1134 1607 1216 1641 Ideo
1232 1608 1268 1640 in
1285 1605 1351 1640 hac
1365 1607 1435 1640 vita
1455 1606 1608 1650 primum
1626 1605 1700 1649 ipse
1716 1617 1818 1639 suum
1834 1608 2043 1642 sacrificium
2060 1621 2124 1653 pro

1134 1658 1239 1691 nobis
1267 1658 1381 1703 palam
1408 1656 1554 1696 obtulit,
1591 1657 1689 1690 dedit
1720 1654 1978 1701 Evangelium,
2010 1660 2126 1703 arguit

1136 1716 1292 1753 peccata,
1320 1710 1427 1741 donat
1446 1707 1689 1741 remissionem
1708 1716 1931 1755 peccatorum
1949 1712 2126 1745 credenti-

1135 1762 1200 1793 bus
1217 1767 1248 1793 et
1267 1760 1451 1802 agentibus
1474 1758 1727 1803 poenitentiam
1741 1787 1750 1799 ,
1779 1760 1935 1804 impertit
1952 1760 2126 1805 Spiritum

1135 1819 1311 1845 sanctum:
1341 1810 1446 1845 Sedet
1471 1811 1513 1843 ad
1540 1811 1697 1843 dextram
1717 1811 1842 1854 patris,
1870 1818 1907 1845 ut
1927 1812 1970 1845 sit
1987 1811 2127 1846 Media-

1135 1870 1191 1896 tor
1207 1870 1238 1895 et
1258 1862 1504 1905 interpellator
1527 1873 1591 1904 pro
1608 1861 1727 1901 nobis,
1756 1863 1915 1903 exaudit,
1941 1863 2126 1905 gubernat,

1135 1913 1339 1953 sanctificat,
1366 1913 1508 1945 adiuvat
1526 1912 1744 1952 invocantes,
1773 1919 1804 1946 et
1823 1913 2048 1948 resuscitabit
2066 1926 2125 1948 eos

1135 1965 1177 1997 ad
1196 1965 1303 1996 vitam
1323 1971 1513 1997 aeternam.
1569 1961 1705 1995 Interea
1730 1975 1795 1996 nos
1814 1965 1921 1998 verbo
1945 1971 1977 1998 et
1996 1966 2125 2009 spiritu

1133 2014 1267 2049 Christi
1293 2021 1530 2052 renascentes,
1566 2013 1755 2057 incipimus
1778 2015 1895 2048 Deum
1928 2027 2125 2058 agnoscere,

1135 2067 1276 2105 timere,
1303 2066 1485 2104 invocare,
1514 2076 1592 2097 vera
1612 2065 1680 2097 fide
1703 2065 1914 2099 confitemur
1932 2074 1963 2099 et
1984 2068 2124 2110 praedi-

1135 2130 1253 2151 camus
1281 2118 1354 2150 eius
1379 2117 1617 2155 voluntatem,
1645 2122 1676 2148 et
1701 2123 1845 2159 propter
1868 2118 2123 2151 consessionem

1136 2169 1343 2213 perferimus
1362 2168 1529 2201 acerrima
1548 2167 1628 2199 odia
1650 2167 1783 2200 diaboli
1800 2175 1832 2200 et
1851 2169 1989 2202 mundi.
2024 2168 2124 2203 Red-

1135 2221 1250 2253 dimus
1269 2220 1376 2263 igitur
1393 2219 1468 2252 Deo
1487 2226 1518 2251 et
1536 2218 1572 2250 in
1591 2215 1655 2250 hac
1674 2217 1741 2251 vita
1759 2219 1884 2259 cultus,
1904 2231 1976 2252 non
1993 2228 2124 2255 macta..

1135 2271 1249 2305 tiones
1268 2272 1461 2315 pecudum,
1490 2270 1549 2302 sed
1566 2269 1833 2309 confessionem,
1859 2270 2123 2305 invocationem

1136 2323 1374 2357 obedientiam
1387 2349 1394 2359 ,
1422 2326 1625 2366 perpetuam
1641 2320 1833 2362 gratiarum
1850 2321 2035 2355 actionem.

1236 2371 1281 2406 Et
1304 2372 1471 2417 quoniam
1497 2368 1628 2404 Christi
1652 2371 1885 2404 sacerdotium
1911 2380 2121 2417 perpetuum

1135 2432 1205 2464 est,
1234 2425 1336 2456 etiam
1362 2421 1428 2456 hoc
1450 2421 1686 2454 ministerium
1711 2421 1747 2453 in
1773 2419 1837 2455 hac
1854 2423 1923 2455 vita
1945 2425 2073 2458 durare
2090 2432 2124 2459 et

1135 2475 1335 2509 conservari
1357 2485 1495 2507 necesse
1512 2479 1572 2507 est.
1595 2471 1695 2505 Sicut
1711 2471 2014 2518 inquitChristus,
2040 2475 2123 2509 Non

1135 2526 1390 2571 praevalituras
1423 2531 1540 2568 portas
1575 2523 1768 2556 inferorum
1804 2525 1970 2558 adversus
1999 2524 2123 2560 Eccle-

1137 2578 1223 2611 siam
1245 2589 1353 2609 suam.
1408 2574 1513 2618 Impii
1538 2581 1596 2607 aut
1622 2575 1816 2609 imbecilles
1838 2584 2026 2611 moventur
2048 2589 2123 2611 sae-

1136 2628 1221 2661 vitia
1248 2635 1478 2673 tyrannorum
1507 2632 1540 2659 et
1564 2626 1738 2658 scandalis
1760 2627 1876 2660 omnis
1898 2629 2052 2671 generis,
2085 2636 2124 2663 ut

1140 2679 1341 2713 existiment
1360 2680 1471 2712 statim
1491 2677 1650 2743 fundituj
1666 2676 1886 2712 interituram
1912 2691 1983 2713 esse
2000 2678 2125 2714 Eccle-

1567 2728 1616 2760 80
