2379 2948
218 113 285 146 751
459 105 667 143 SCRIPTA
698 105 770 138 Pll.
801 101 916 138 MEL.
945 101 1010 137 AD
1039 102 1166 139 HIST.
1193 100 1335 139 PROF,
1363 101 1428 137 ΕΤ
1458 101 1646 138 PiiiLOS.
1675 102 2000 139 SPECTANTIA.
2165 105 2237 140 732

635 190 783 225 Aliud.
1229 206 1231 234 3
1255 199 1335 220 nem
1362 188 1600 222 dulcissimam
1617 188 1788 222 continet:
1815 186 1925 222 Docet
1943 190 2096 223 membra
2115 187 2237 223 Eccle-

323 251 515 291 pyrrhonii
548 261 612 294 pro
644 261 679 282 se
711 249 863 282 citarum
896 247 1027 282 dictum
1057 246 1204 280 Homeri
1229 242 1232 264 l
1255 238 1325 272 siae
1358 251 1430 273 esse
1458 251 1535 281 eos,
1569 239 1629 285 qui
1658 251 1776 272 veram
1800 239 1996 273 doctrinam
2019 241 2238 284 amplectun-

220 294 420 353 (Odyss'eae
437 300 605 342 xvtll.):
1256 295 1332 330 tur,
1359 298 1392 324 et
1413 298 1551 331 amant,
1579 302 1651 323 non
1674 289 1855 324 doctrinae
1873 287 1989 324 hostes
2005 297 2065 323 aut
2081 298 2238 325 contem-

295 359 378 389 Talis
394 364 478 386 mens
495 356 653 385 homiuum
669 360 729 391 est,
757 354 852 394 qualis
868 353 989 383 fortuna
1005 354 1130 391 dierum,
1255 345 1347 373 tores
1358 365 1367 379 ⁹
1395 339 1441 375 Et
1456 342 1554 376 addit
1570 340 1839 386 PromiSSionem
1856 340 2036 384 Propriam
2056 353 2154 374 verae
2169 339 2237 376 Ec‘

1256 390 1394 424 clesiae:
1423 392 1527 425 Pater
1549 404 1647 426 meus
1673 391 1790 435 diligit
1813 403 1912 430 eum,
1941 398 1975 425 et
1999 391 2181 425 veniemus
2196 394 2239 426 ad

1256 452 1355 482 eum,
1382 449 1415 476 et
1437 444 1656 479 mansionem
1679 443 1772 487 apud
1791 454 1869 476 eum
1885 443 2064 477 faciemus.
2116 440 2240 486 Expli-

1256 498 1329 525 cata
1359 493 1510 533 maiore,
1544 496 1703 538 neganda
1737 500 1787 527 est
1819 494 1954 526 minor:
1988 492 2101 526 Nemo
2126 501 2240 526 servat

1257 553 1475 585 sermonem,
1510 544 1586 578 Imo
1611 552 1650 579 ut
1673 543 1730 578 liic
1754 545 1904 578 affirmat
1926 541 2107 582 Christus,
2142 544 2240 587 Apo-

1256 593 1337 625 stoli
1360 602 1545 629 servarunt
1569 603 1603 629 et
1628 602 1768 629 servant
1792 607 1933 634 omnes,
1960 595 2019 640 qui
2042 606 2159 628 veram
2176 595 2246 642 do-¹

1256 643 1405 677 ctrinam
1438 644 1507 678 fide
1540 653 1573 679 et
1604 647 1697 679 bona
1729 646 1940 679 conscientia
1970 646 2241 690 amplectuntur.

1257 692 1322 727 His
1345 695 1512 729 omnibus
1537 697 1730 730 consolatio
1751 694 1808 729 hic
1824 697 2053 741 proponitur,
2077 703 2114 730 ut
2131 696 2241 729 sciant

1256 756 1290 778 se
1312 757 1392 778 vere
1413 748 1569 780 membra
1586 746 1762 781 Ecclesiae
1779 759 1870 788 esse,
1896 754 1929 781 et
1947 746 2021 781 Deo
2038 759 2141 781 curae
2159 758 2240 780 esse.

1257 796 1525 831 Consideranda
1558 805 1609 832 est
1640 799 1747 842 igitur
1775 798 1958 832 diversitas
1980 797 2241 842 interpretatio-

1256 859 1353 881 num.
1407 848 1480 891 Qui
1500 849 1721 894 interpretati
1737 856 1820 883 sunt
1838 846 1904 882 hoc
1923 849 2074 887 dictum,
2101 855 2139 883 ut
2156 848 2241 892 legis

1257 910 1396 938 vocem,
1432 897 1486 932 liis
1509 898 1593 933 haec
1621 900 1743 934 concio
1769 897 1901 934 Christi
1927 900 2084 933 terribile
2105 900 2241 933 fulmen

1256 956 1323 990 est,
1350 956 1388 983 ut
1406 950 1513 983 illud:
1543 950 1756 984 Maledictus
1772 951 1830 996 qui
1847 962 1920 984 nou
1936 957 2056 983 manet
2070 950 2108 982 in
2125 950 2242 982 omni-

1257 1000 1341 1039 bus,
1370 1013 1458 1045 quae
1484 1001 1611 1046 scripta
1638 1008 1720 1035 sunt
1745 1001 1782 1034 in
1801 1002 1886 1044 lege.
1937 1000 2032 1034 Haec
2048 998 2242 1034 monacho-

1256 1063 1335 1083 rum
1367 1051 1628 1095 interpretatio,
1658 1064 1860 1098 quanquam
1887 1051 2001 1085 aliena
2029 1058 2080 1085 est
2104 1064 2122 1084 a
2147 1051 2241 1084 dicto

1256 1099 1407 1142 Christi,
1442 1109 1560 1136 tamen
1588 1116 1605 1136 a
1630 1103 1751 1137 multis
1777 1103 1905 1136 tradita
1930 1109 1997 1142 est,
2031 1110 2062 1136 et
2085 1100 2241 1136 nativam

1257 1153 1464 1187 sententiam
1491 1154 1621 1189 obruit.
1676 1154 1796 1197 Quare
1818 1155 1937 1187 sordes
1960 1153 2041 1187 illae
2057 1154 2243 1196 detergan-

1256 1209 1314 1236 tur
1331 1201 1464 1238 Christi
1482 1205 1595 1246 dicto,
1623 1212 1655 1239 et
1672 1203 1764 1239 hanc
1780 1205 2017 1238 dulcissimam
2036 1204 2242 1238 concionem

1257 1255 1300 1287 ad
1324 1266 1388 1288 nos
1413 1268 1554 1301 quoque
1572 1256 1747 1300 pertinere
1767 1263 1976 1296 statuamuS‚
2004 1255 2076 1289 Nos
2095 1255 2188 1299 ipsos
2205 1254 2242 1286 in

1257 1302 1324 1338 hoc
1346 1306 1478 1340 dictum
1497 1307 1737 1347 includamus,
1762 1306 1922 1341 Sciamus
1938 1318 2003 1338 nos
2022 1316 2162 1349 quoque
2179 1305 2243 1337 do-

1257 1356 1429 1390 micilium
1461 1357 1530 1391 Dei
1565 1369 1653 1394 esse,
1702 1358 1730 1388 si
1760 1366 1880 1387 sumus
1912 1355 2030 1387 fideles
2062 1354 2243 1388 doctrinae

1257 1405 1435 1438 auditores
1465 1413 1499 1439 et
1528 1406 1699 1440 custodes.
1762 1404 1864 1437 Talia
1898 1405 2054 1448 exempla
2084 1412 2242 1444 monent,

1257 1462 1428 1500 quantum
1445 1455 1533 1489 lucis
1551 1456 1671 1489 afferat
1685 1456 1888 1499 diligentia,
1916 1462 2006 1489 recte
2021 1455 2243 1498 distinguen-

1255 1505 1303 1539 di.
1356 1506 1445 1539 Nam
1466 1507 1576 1540 multa
1593 1506 1697 1540 etiam
1715 1506 1917 1551 planissime
1936 1506 2026 1539 dicta
2045 1507 2241 1554 depravan-

1256 1563 1313 1589 tur
1349 1557 1721 1601 interpretationibus,
1765 1557 1802 1589 in
1843 1556 1971 1601 quibus
2008 1554 2075 1589 hoc
2108 1555 2244 1596 accidit,

1256 1609 1349 1651 quod
1376 1607 1412 1655 in
1431 1607 1620 1650 proverbio
1641 1609 1683 1640 de
1700 1606 1913 1641 inconcinne
1932 1607 2139 1641 saltantibus
2155 1607 2243 1640 dici-

1255 1664 1329 1690 tur:
1358 1658 1466 1691 Aliud
1486 1670 1563 1701 pes,
1592 1658 1687 1691 aliud
1707 1655 1839 1692 cithara
1858 1664 1970 1698 sonat,

295 409 398 448 Quam
417 409 507 438 variis
523 407 637 436 vicibus
654 405 755 434 divina
772 406 905 444 potentia
922 412 1018 437 nutat.

269 456 364 500 Ergo
389 468 467 490 cum
493 466 591 488 mens
617 453 703 486 alias
725 452 827 487 aliter
852 464 886 485 se
911 450 1057 493 habeat,
1084 451 1202 485 omnia

219 509 350 543 iudicia
377 513 458 540 sunt
482 503 718 539 inconstantia
744 510 776 536 et
799 503 942 538 incerta.
1002 503 1071 537 Sed
1096 502 1203 535 nimis

217 559 341 605 procul
364 559 542 591 detortum
565 563 616 589 est
632 554 782 587 Homeri
810 554 941 587 dictum
960 566 977 587 a
994 551 1203 599 Pyrrhoniis

218 612 262 644 ad
289 620 410 643 omnes
434 607 595 641 noticias,
648 604 825 638 Homerus
845 604 939 638 euim
958 616 1030 637 non
1047 606 1090 637 de
1107 603 1202 636 noti-

217 662 279 695 ciis
308 666 367 694 aut
390 658 521 692 iudicio
546 657 720 702 loquitur,
762 662 793 688 et
819 662 910 688 certe
933 655 1201 699 speculabilium

218 710 275 745 liic
297 722 369 744 non
393 709 477 743 facit
501 708 729 742 mentionem.
784 705 821 738 Id
847 712 915 743 est,
949 718 1021 738 non
1044 705 1204 750 loquitur

219 765 261 796 de
293 759 513 805 geometricis
539 765 599 792 aut
624 754 854 790 arithmeticis
880 756 1063 800 principiis
1086 763 1119 789 et
1142 757 1202 789 de—

218 810 556 849 monsti·atioiiibiiS‚
590 810 649 841 sed
677 808 719 840 de
745 807 947 848 affectibus,
975 807 1036 852 qui
1062 807 1203 840 varian-

216 872 275 897 tur
301 863 521 896 obiectorum
545 859 721 892 varietate.
774 856 907 890 Dolore
930 858 1080 892 afficitur
1096 857 1203 892 Pom-

216 915 315 958 peius
338 913 376 945 iii
402 912 495 954 fuga.
549 907 649 943 Olim
675 908 712 940 in
731 908 889 941 victoriis
906 916 938 942 et
954 910 1060 942 rebus
1076 921 1203 943 secun-

216 965 270 998 dis
301 964 510 997 laetabatur.
574 959 614 993 In
638 957 692 992 his
717 959 884 1002 exemplis
909 959 1051 993 affectus
1074 960 1203 993 diversi

215 1022 316 1056 sunt,
344 1018 579 1056 congruentes
602 1010 750 1044 diversis
772 1010 926 1043 obiectis.
982 1009 1119 1044 Interea
1138 1023 1203 1044 no-

216 1067 320 1101 ticiae
346 1066 382 1097 iu
406 1070 524 1097 mente
549 1073 651 1095 suum
676 1061 792 1094 locum
817 1058 967 1100 habent,
1004 1068 1037 1095 et
1060 1068 1203 1095 manent

216 1118 355 1151 eadem:
384 1114 445 1148 Bis
467 1112 489 1147 4
509 1120 591 1146 sunt
610 1113 650 1153 8,
689 1111 769 1145 Vita
795 1109 941 1145 honesta
961 1118 993 1145 et
1011 1113 1203 1157 tranquilla

215 1175 265 1202 est
296 1179 350 1201 res
380 1167 494 1205 bona,
529 1163 630 1198 Mors
663 1169 713 1195 est
744 1173 798 1195 res
820 1162 931 1204 mala,
965 1169 1029 1198 etc.
1099 1163 1203 1197 Tales

214 1217 437 1262 corruptelae
462 1214 716 1249 sententiarum
741 1224 904 1246 verarum
931 1214 1060 1247 multae
1078 1215 1204 1258 legun-

214 1278 290 1310 tur,
319 1280 407 1314 quae
432 1267 610 1300 interdum
635 1265 672 1297 in
696 1264 781 1297 iocis
805 1276 878 1297 non
903 1271 986 1298 sunt
1005 1265 1204 1306 invenuste,

213 1321 272 1353 sed
309 1332 328 1353 a
369 1317 539 1361 religione
573 1324 605 1351 et
643 1315 721 1349 aliis
759 1315 859 1349 seriis
897 1316 1052 1359 negociis
1087 1328 1204 1350 remo-

211 1378 371 1404 veantur.

631 1450 783 1486 Aliud.

369 1514 407 1548 Si
433 1513 511 1558 quis
534 1511 649 1555 diligit
673 1522 747 1552 me,
775 1522 973 1544 sermonem
995 1522 1112 1544 meum
1130 1521 1203 1543 ser-

422 1564 537 1601 vabit,
566 1569 598 1595 et
615 1561 719 1594 Pater
735 1573 834 1595 meus
848 1562 972 1604 diliget
989 1574 1087 1602 eum,
1115 1568 1178 1596 etc.

368 1614 480 1648 Nemo
510 1619 624 1646 servat
650 1623 847 1645 sermonem
872 1611 955 1653 Dei,
989 1613 1071 1657 quia
1098 1623 1202 1644 nemo

420 1665 488 1707 legi
505 1662 681 1703 satisfacit,

368 1714 462 1759 Ergo
481 1726 584 1747 nemo
601 1712 762 1755 diligitur
781 1724 798 1745 a
817 1711 931 1747 Patre.

318 1765 549 1811 Respondeoe
579 1763 783 1797 Videndum
810 1770 860 1796 est
883 1774 1009 1807 genus,
1038 1763 1079 1795 ad
1106 1762 1201 1806 quod

217 1819 368 1865 pertinet
392 1817 521 1857 maior,
556 1814 656 1849 Sitne
679 1827 744 1848 vox
770 1815 874 1857 legis,
908 1821 947 1847 ut
973 1813 1053 1846 ista:
1088 1812 1203 1845 Male-

218 1872 332 1904 dictus
357 1869 418 1914 qui
442 1879 515 1900 non
539 1873 656 1899 manet
683 1866 720 1898 in
747 1865 932 1904 omnibus,
960 1876 1049 1909 quae
1075 1863 1202 1907 scripta

218 1928 299 1954 sunt
322 1920 359 1951 in
382 1920 464 1962 lege.
509 1918 566 1950 An
592 1929 674 1949 vero
700 1916 744 1950 sit
767 1916 900 1949 (lictum
916 1914 1119 1958 Evangelii,
1148 1914 1202 1947 iu-

217 1973 304 2005 bens
329 1968 491 2013 amplecti
515 1967 711 2001 doctrinam
735 1967 803 1999 fide
822 1973 854 2000 et
872 1967 964 1999 bona
980 1965 1204 2006 conscientia,

216 2021 331 2067 qualis
350 2027 400 2054 est
419 2017 554 2064 phrasis
573 2018 610 2050 in
627 2024 702 2050 toto
722 2016 862 2050 Psalmo
883 2016 983 2051 118.:
1017 2015 1202 2050 Custodivi

216 2074 327 2116 legem
353 2078 467 2111 tuam,
494 2077 557 2103 etc.
610 2066 656 2102 Et
680 2068 802 2100 eodem
821 2068 927 2101 modo
946 2068 983 2100 in
1001 2067 1203 2101 narratione

216 2124 310 2167 apud
328 2119 525 2155 Iohannem
549 2125 666 2164 postea
686 2119 728 2151 de
746 2117 926 2162 Apostolis
944 2118 1091 2151 dicitur:
1121 2117 1203 2151 Ser-

216 2185 358 2207 monem
381 2179 481 2206 tuum
504 2175 750 2209 servaverunt,
785 2169 820 2201 id
845 2176 912 2209 est,
937 2169 1117 2202 doctrinae
1142 2181 1203 2201 cu-

217 2225 332 2259 stodes
357 2223 512 2256 fuerunt.
566 2220 647 2254 Non
675 2227 725 2253 est
748 2220 855 2262 igitur
880 2219 1108 2262 intelligenda
1129 2231 1202 2252 ma-

217 2277 287 2315 ior,
315 2281 352 2308 iit
378 2275 431 2307 lex
457 2272 615 2318 loquitur
637 2272 680 2304 de
707 2270 917 2314 impletione
942 2271 1113 2314 perfecta,
1143 2271 1201 2302 sed

1520 1770 1743 1814 Compositio
1768 1774 1807 1804 et
1831 1768 1977 1805 divisio.

1360 1835 1504 1870 Titulus
1530 1844 1650 1871 monet
1676 1837 1853 1871 interdum
1874 1836 2137 1880 ambiguitatem
2155 1838 2243 1870 oriri

1256 1899 1294 1920 ex
1315 1888 1570 1931 compositione
1586 1900 1721 1926 eorum,
1745 1900 1833 1932 quae
1850 1900 1922 1921 non
1938 1893 2035 1920 eraut
2054 1887 2243 1931 iungenda,

1256 1938 1435 1972 interdum
1471 1950 1553 1971 vero
1588 1951 1627 1972 ex
1654 1939 1830 1971 divisione
1856 1939 2115 1978 membrorum,
2153 1950 2242 1983 quae

1255 1989 1413 2034 oportuit
1431 1989 1541 2032 iungi.
1594 1987 1763 2033 Exempla
1784 1989 1933 2032 puerilia
1952 1986 2035 2021 haec
2053 1995 2149 2022 sunt:

1408 2038 1488 2073 Duo
1506 2046 1538 2073 et
1556 2040 1621 2072 tria
1639 2047 1718 2073 sunt
1737 2040 1833 2084 paria
1849 2046 1880 2072 et
1898 2039 2058 2083 imparia,

1413 2089 1581 2135 Quinque
1596 2098 1678 2124 suut
1695 2092 1765 2123 duo
1783 2097 1815 2123 et
1832 2090 1912 2131 tria,

1412 2140 1524 2185 Igitur
1542 2141 1700 2186 quinque
1716 2148 1797 2174 sunt
1815 2142 1911 2185 paria
1928 2148 1959 2174 et
1975 2141 2132 2186 imparia.

1357 2200 1590 2245 Respondeo:
1619 2200 1715 2244 Nego
1733 2202 2039 2246 consequentiam,
2067 2202 2150 2246 quia
2169 2212 2241 2235 am-

1256 2252 1407 2296 biguitas
1423 2251 1537 2286 oritur
1553 2263 1593 2285 ex
1611 2252 1874 2296 compositione.

218 2325 448 2368 intelligenda
481 2330 531 2357 est
565 2323 607 2356 de
636 2321 853 2366 professione
885 2332 986 2354 verae
1012 2321 1203 2360 doctrinae,
1680 2346 1808 2379 Aliud

217 2385 255 2410 ut
272 2375 506 2419 Evangelium
530 2372 709 2419 loquitur,
736 2372 774 2404 in
799 2369 949 2405 habente
966 2372 1070 2404 fidem
1089 2379 1119 2404 et
1139 2372 1202 2403 bo-
1628 2414 1635 2420 .
1674 2372 1683 2378 “
1813 2369 1821 2378 ’
1870 2414 1877 2421 ·

218 2439 299 2459 nam
332 2426 596 2459 conscientiam.
657 2421 791 2467 Estque
825 2434 962 2455 servare
992 2434 1203 2462 sermonem,
1411 2411 1547 2447 Omnes
1562 2421 1735 2473 sapientes
1753 2412 1921 2448 Graeciae
1939 2421 2020 2471 sunt
2036 2419 2184 2470 septem,

218 2478 381 2523 amplecti
398 2489 515 2510 veram
535 2475 752 2512 doctrinam,
780 2472 849 2507 fide
868 2481 899 2508 et
916 2474 1006 2507 bona
1022 2473 1203 2506 conscien-
1228 2495 1231 2529 ι
1409 2463 1521 2498 Solon
1535 2472 1566 2498 et
1576 2464 1861 2523 Periander-sunt
1877 2471 2049 2509 sapientes
2059 2462 2241 2504 Graeciae,

218 2529 283 2571 tia,
313 2534 345 2560 et
370 2539 443 2560 eam
468 2525 623 2570 profiteri
647 2533 679 2559 et
702 2536 906 2569 propagare.
959 2522 1012 2557 De
1037 2521 1101 2557 liae
1121 2536 1203 2567 pro-
1228 2542 1230 2591 1
1409 2513 1505 2558 Ergo
1523 2514 1634 2549 Solon
1653 2523 1683 2549 et
1702 2515 1896 2549 Periander
1912 2521 1993 2548 sunt
2009 2521 2149 2558 septem.

216 2578 368 2612 sessione
396 2577 509 2621 qualis
540 2583 588 2609 est
618 2576 777 2609 omnium
811 2575 969 2618 piorum,
1006 2581 1037 2607 et
1064 2575 1201 2619 qualem
1228 2593 1230 2613 ι,
1357 2572 1454 2616 Nego
1470 2575 1776 2620 consequentiam,
1805 2574 1885 2619 quia
1901 2573 2112 2616 ambiguitas
2129 2575 2241 2607 oritur

216 2641 289 2662 esse
315 2636 347 2662 et
370 2627 601 2660 necessarium
621 2633 656 2659 et
675 2626 842 2670 possibile
858 2633 928 2667 est,
955 2625 1113 2670 loquitur
1130 2637 1203 2657 ma·
1229 2661 1231 2679 ι
1257 2637 1297 2658 ex
1323 2624 1514 2658 divisione:
1542 2626 1584 2659 ln
1607 2626 1738 2659 maiore
1760 2624 1928 2669 particula
1948 2622 2111 2669 (omnes)
2129 2625 2240 2668 posita

216 2681 282 2714 ior.
338 2679 389 2712 Ac
418 2684 488 2712 tota
515 2677 685 2710 sententia
708 2677 904 2711 doctrinam
931 2684 963 2711 et
991 2676 1202 2710 consolatio-
1229 2681 1231 2722 J
1259 2682 1308 2709 est
1325 2675 1518 2712 collective.
1571 2675 1654 2710 Ideo
1672 2688 1742 2709 non
1759 2682 1850 2709 recte
1867 2675 2095 2711 subsumitnr.
2140 2673 2240 2709 Reii-
