<?xml version="1.0" encoding="UTF-8"?>
<!DOCTYPE html PUBLIC "-//W3C//DTD XHTML 1.0 Transitional//EN"
    "http://www.w3.org/TR/xhtml1/DTD/xhtml1-transitional.dtd">
<html xmlns="http://www.w3.org/1999/xhtml" xml:lang="en" lang="en">
 <head>
  <title>
</title>
<meta http-equiv="Content-Type" content="text/html;charset=utf-8" />
  <meta name='ocr-system' content='tesseract 3.04.00' />
  <meta name='ocr-capabilities' content='ocr_page ocr_carea ocr_par ocr_line ocrx_word'/>
</head>
<body>
  <div class='ocr_page' id='page_1' title='image "./operaquaesupersu13melauoft_0101.png"; bbox 0 0 2379 2948; ppageno 0'>
   <div class='ocr_carea' id='block_1_1' title="bbox 128 90 907 127">
    <p class='ocr_par' dir='ltr' id='par_1_1' title="bbox 128 90 907 127">
     <span class='ocr_line' id='line_1_1' title="bbox 128 90 907 127; baseline 0 -2"><span class='ocrx_word' id='word_1_1' title='bbox 128 90 201 125; x_wconf 91' lang='grc'>177</span> <span class='ocrx_word' id='word_1_2' title='bbox 862 91 907 127; x_wconf 87' lang='grc' dir='ltr'>ΙΙ.</span> 
     </span>
    </p>
   </div>
   <div class='ocr_carea' id='block_1_2' title="bbox 960 88 1417 132">
    <p class='ocr_par' dir='ltr' id='par_1_2' title="bbox 960 88 1417 132">
     <span class='ocr_line' id='line_1_2' title="bbox 960 88 1417 132; baseline 0.018 -9"><span class='ocrx_word' id='word_1_3' title='bbox 960 88 1109 125; x_wconf 83' lang='lat' dir='ltr'>LIBER</span> <span class='ocrx_word' id='word_1_4' title='bbox 1145 89 1211 125; x_wconf 88' lang='lat' dir='ltr'>DE</span> <span class='ocrx_word' id='word_1_5' title='bbox 1246 92 1417 132; x_wconf 73' lang='lat' dir='ltr'><strong>AMMA.</strong></span> 
     </span>
    </p>
   </div>
   <div class='ocr_carea' id='block_1_3' title="bbox 2072 106 2144 141">
    <p class='ocr_par' dir='ltr' id='par_1_3' title="bbox 2072 106 2144 141">
     <span class='ocr_line' id='line_1_3' title="bbox 2072 106 2144 141; baseline 0 0"><span class='ocrx_word' id='word_1_6' title='bbox 2072 106 2144 141; x_wconf 77' lang='lat'>178</span> 
     </span>
    </p>
   </div>
   <div class='ocr_carea' id='block_1_4' title="bbox 228 173 2135 230">
    <p class='ocr_par' dir='ltr' id='par_1_4' title="bbox 228 173 2135 230">
     <span class='ocr_line' id='line_1_4' title="bbox 228 173 2135 230; baseline 0.005 -22"><span class='ocrx_word' id='word_1_7' title='bbox 228 173 314 209; x_wconf 85' lang='lat' dir='ltr'>Erat</span> <span class='ocrx_word' id='word_1_8' title='bbox 334 182 364 210; x_wconf 86' lang='lat' dir='ltr'>et</span> <span class='ocrx_word' id='word_1_9' title='bbox 381 182 481 210; x_wconf 84' lang='lat' dir='ltr'>antea</span> <span class='ocrx_word' id='word_1_10' title='bbox 498 176 628 209; x_wconf 90' lang='lat' dir='ltr'>dictum</span> <span class='ocrx_word' id='word_1_11' title='bbox 653 176 695 207; x_wconf 88' lang='lat' dir='ltr'>ad</span> <span class='ocrx_word' id='word_1_12' title='bbox 714 175 822 208; x_wconf 86' lang='lat' dir='ltr'>Cain:</span> <span class='ocrx_word' id='word_1_13' title='bbox 851 174 889 209; x_wconf 91' lang='lat' dir='ltr'>Si</span> <span class='ocrx_word' id='word_1_14' title='bbox 906 174 996 207; x_wconf 84' lang='lat' dir='ltr'>male</span> <span class='ocrx_word' id='word_1_15' title='bbox 1019 174 1106 207; x_wconf 87' lang='lat' dir='ltr'>fece·</span> <span class='ocrx_word' id='word_1_16' title='bbox 1133 182 1137 221; x_wconf 68' lang='grc' dir='ltr'><em>ξ</em></span> <span class='ocrx_word' id='word_1_17' title='bbox 1161 176 1302 219; x_wconf 76' lang='lat' dir='ltr'>quidem</span> <span class='ocrx_word' id='word_1_18' title='bbox 1329 181 1528 221; x_wconf 75' lang='lat' dir='ltr'><strong>superstites</strong></span> <span class='ocrx_word' id='word_1_19' title='bbox 1550 193 1642 221; x_wconf 89' lang='lat' dir='ltr'>esse,</span> <span class='ocrx_word' id='word_1_20' title='bbox 1669 190 1703 217; x_wconf 90' lang='lat' dir='ltr'>et</span> <span class='ocrx_word' id='word_1_21' title='bbox 1720 184 1854 230; x_wconf 78' lang='lat' dir='ltr'>aliquot</span> <span class='ocrx_word' id='word_1_22' title='bbox 1876 187 2000 221; x_wconf 75' lang='lat' dir='ltr'>seculis</span> <span class='ocrx_word' id='word_1_23' title='bbox 2018 190 2054 222; x_wconf 80' lang='lat' dir='ltr'>in</span> <span class='ocrx_word' id='word_1_24' title='bbox 2070 187 2135 225; x_wconf 72' lang='lat' dir='ltr'>hoc</span> 
     </span>
    </p>
   </div>
   <div class='ocr_carea' id='block_1_5' title="bbox 111 225 1108 2188">
    <p class='ocr_par' dir='ltr' id='par_1_5' title="bbox 113 225 1108 1318">
     <span class='ocr_line' id='line_1_5' title="bbox 122 225 1108 270; baseline -0.002 -11"><span class='ocrx_word' id='word_1_25' title='bbox 122 225 195 264; x_wconf 86' lang='lat' dir='ltr'>ris,</span> <span class='ocrx_word' id='word_1_26' title='bbox 225 233 403 269; x_wconf 84' lang='lat' dir='ltr'>peccatum</span> <span class='ocrx_word' id='word_1_27' title='bbox 429 233 529 260; x_wconf 90' lang='lat' dir='ltr'>tuum</span> <span class='ocrx_word' id='word_1_28' title='bbox 549 227 717 270; x_wconf 78' lang='lat' dir='ltr'>quiescet,</span> <span class='ocrx_word' id='word_1_29' title='bbox 745 226 856 257; x_wconf 91' lang='lat' dir='ltr'>donec</span> <span class='ocrx_word' id='word_1_30' title='bbox 883 225 1108 263; x_wconf 82' lang='lat' dir='ltr'>revelabitur,</span> 
     </span>
     <span class='ocr_line' id='line_1_6' title="bbox 122 274 1108 322; baseline -0.001 -13"><span class='ocrx_word' id='word_1_31' title='bbox 122 288 158 321; x_wconf 88' lang='lat' dir='ltr'>q.</span> <span class='ocrx_word' id='word_1_32' title='bbox 186 276 222 312; x_wconf 87' lang='lat' dir='ltr'>d.</span> <span class='ocrx_word' id='word_1_33' title='bbox 250 274 398 310; x_wconf 82' lang='lat' dir='ltr'>Etiamsi</span> <span class='ocrx_word' id='word_1_34' title='bbox 422 277 630 322; x_wconf 81' lang='lat' dir='ltr'>aliquandiu</span> <span class='ocrx_word' id='word_1_35' title='bbox 654 286 787 318; x_wconf 90' lang='lat' dir='ltr'>poenae</span> <span class='ocrx_word' id='word_1_36' title='bbox 810 275 1039 315; x_wconf 83' lang='lat' dir='ltr'>differentur,</span> <span class='ocrx_word' id='word_1_37' title='bbox 1075 282 1108 308; x_wconf 91' lang='lat' dir='ltr'>et</span> 
     </span>
     <span class='ocr_line' id='line_1_7' title="bbox 122 325 1106 363; baseline 0 -5"><span class='ocrx_word' id='word_1_38' title='bbox 122 325 226 360; x_wconf 89' lang='lat' dir='ltr'>multi</span> <span class='ocrx_word' id='word_1_39' title='bbox 255 327 368 360; x_wconf 89' lang='lat' dir='ltr'>securi</span> <span class='ocrx_word' id='word_1_40' title='bbox 398 328 556 361; x_wconf 79' lang='lat' dir='ltr'><strong>furenter</strong></span> <span class='ocrx_word' id='word_1_41' title='bbox 587 325 821 358; x_wconf 87' lang='lat' dir='ltr'>cumulabunt</span> <span class='ocrx_word' id='word_1_42' title='bbox 852 326 1000 363; x_wconf 89' lang='lat' dir='ltr'>scelera,</span> <span class='ocrx_word' id='word_1_43' title='bbox 1043 337 1106 358; x_wconf 88' lang='lat' dir='ltr'>nec</span> 
     </span>
     <span class='ocr_line' id='line_1_8' title="bbox 121 375 1104 418; baseline -0.001 -9"><span class='ocrx_word' id='word_1_44' title='bbox 121 383 279 410; x_wconf 89' lang='lat' dir='ltr'>metuent</span> <span class='ocrx_word' id='word_1_45' title='bbox 302 375 436 418; x_wconf 88' lang='lat' dir='ltr'>Deum,</span> <span class='ocrx_word' id='word_1_46' title='bbox 470 383 587 410; x_wconf 81' lang='lat' dir='ltr'>tamen</span> <span class='ocrx_word' id='word_1_47' title='bbox 614 375 738 416; x_wconf 89' lang='lat' dir='ltr'>sciant,</span> <span class='ocrx_word' id='word_1_48' title='bbox 762 377 904 409; x_wconf 88' lang='lat' dir='ltr'>tandem</span> <span class='ocrx_word' id='word_1_49' title='bbox 935 375 1104 409; x_wconf 85' lang='lat' dir='ltr'>iudicium</span> 
     </span>
     <span class='ocr_line' id='line_1_9' title="bbox 120 423 1105 471; baseline -0.001 -11"><span class='ocrx_word' id='word_1_50' title='bbox 120 433 323 461; x_wconf 89' lang='lat' dir='ltr'>secuturum</span> <span class='ocrx_word' id='word_1_51' title='bbox 347 439 438 467; x_wconf 88' lang='lat' dir='ltr'>esse,</span> <span class='ocrx_word' id='word_1_52' title='bbox 474 426 511 458; x_wconf 92' lang='lat' dir='ltr'>in</span> <span class='ocrx_word' id='word_1_53' title='bbox 543 437 613 471; x_wconf 92' lang='lat' dir='ltr'>quo</span> <span class='ocrx_word' id='word_1_54' title='bbox 641 423 862 460; x_wconf 74' lang='lat' dir='ltr'>horribiliter</span> <span class='ocrx_word' id='word_1_55' title='bbox 892 427 1029 471; x_wconf 85' lang='lat' dir='ltr'>patefiet</span> <span class='ocrx_word' id='word_1_56' title='bbox 1055 426 1105 459; x_wconf 86' lang='lat' dir='ltr'>ira</span> 
     </span>
     <span class='ocr_line' id='line_1_10' title="bbox 120 475 1104 521; baseline -0.001 -11"><span class='ocrx_word' id='word_1_57' title='bbox 120 475 188 510; x_wconf 84' lang='lat' dir='ltr'>Dei</span> <span class='ocrx_word' id='word_1_58' title='bbox 212 479 376 511; x_wconf 85' lang='lat' dir='ltr'>adversus</span> <span class='ocrx_word' id='word_1_59' title='bbox 399 477 539 511; x_wconf 90' lang='lat' dir='ltr'>scelera.</span> <span class='ocrx_word' id='word_1_60' title='bbox 602 475 639 509; x_wconf 93' lang='lat' dir='ltr'>Id</span> <span class='ocrx_word' id='word_1_61' title='bbox 665 477 827 511; x_wconf 81' lang='lat' dir='ltr'>nominat</span> <span class='ocrx_word' id='word_1_62' title='bbox 852 477 1000 510; x_wconf 85' lang='lat' dir='ltr'>revelari</span> <span class='ocrx_word' id='word_1_63' title='bbox 1025 489 1104 521; x_wconf 88' lang='lat' dir='ltr'>pec-</span> 
     </span>
     <span class='ocr_line' id='line_1_11' title="bbox 121 526 1104 571; baseline -0.002 -10"><span class='ocrx_word' id='word_1_64' title='bbox 121 534 207 561; x_wconf 85' lang='lat' dir='ltr'>cata.</span> <span class='ocrx_word' id='word_1_65' title='bbox 234 527 309 560; x_wconf 85' lang='lat' dir='ltr'>Hae</span> <span class='ocrx_word' id='word_1_66' title='bbox 325 528 511 560; x_wconf 83' lang='lat' dir='ltr'>conciones</span> <span class='ocrx_word' id='word_1_67' title='bbox 528 526 651 559; x_wconf 88' lang='lat' dir='ltr'>abillis</span> <span class='ocrx_word' id='word_1_68' title='bbox 668 527 791 570; x_wconf 91' lang='lat' dir='ltr'>primis</span> <span class='ocrx_word' id='word_1_69' title='bbox 809 528 967 571; x_wconf 86' lang='lat' dir='ltr'>patribus</span> <span class='ocrx_word' id='word_1_70' title='bbox 979 526 1104 568; x_wconf 80' lang='lat' dir='ltr'>Adam,</span> 
     </span>
     <span class='ocr_line' id='line_1_12' title="bbox 120 575 1103 618; baseline 0 -7"><span class='ocrx_word' id='word_1_71' title='bbox 120 576 217 618; x_wconf 80' lang='lat' dir='ltr'>Seth,</span> <span class='ocrx_word' id='word_1_72' title='bbox 236 575 381 610; x_wconf 89' lang='lat' dir='ltr'>Henoch</span> <span class='ocrx_word' id='word_1_73' title='bbox 401 584 434 611; x_wconf 87' lang='lat' dir='ltr'>et</span> <span class='ocrx_word' id='word_1_74' title='bbox 452 577 530 610; x_wconf 89' lang='lat' dir='ltr'>aliis</span> <span class='ocrx_word' id='word_1_75' title='bbox 548 577 746 610; x_wconf 76' lang='lat' dir='ltr'>luculenter</span> <span class='ocrx_word' id='word_1_76' title='bbox 762 586 942 612; x_wconf 83' lang='lat' dir='ltr'>enarratae</span> <span class='ocrx_word' id='word_1_77' title='bbox 960 585 1052 618; x_wconf 85' lang='lat' dir='ltr'>sunt,</span> <span class='ocrx_word' id='word_1_78' title='bbox 1070 585 1103 612; x_wconf 85' lang='lat' dir='ltr'>et</span> 
     </span>
     <span class='ocr_line' id='line_1_13' title="bbox 119 627 1102 670; baseline 0.001 -10"><span class='ocrx_word' id='word_1_79' title='bbox 119 629 157 660; x_wconf 88' lang='lat' dir='ltr'>in</span> <span class='ocrx_word' id='word_1_80' title='bbox 175 627 331 670; x_wconf 82' lang='lat' dir='ltr'>exemplo</span> <span class='ocrx_word' id='word_1_81' title='bbox 344 628 432 661; x_wconf 77' lang='lat' dir='ltr'>Abel</span> <span class='ocrx_word' id='word_1_82' title='bbox 452 635 484 661; x_wconf 89' lang='lat' dir='ltr'>et</span> <span class='ocrx_word' id='word_1_83' title='bbox 501 628 677 660; x_wconf 85' lang='lat' dir='ltr'>similibus</span> <span class='ocrx_word' id='word_1_84' title='bbox 695 629 837 662; x_wconf 85' lang='lat' dir='ltr'>recitata</span> <span class='ocrx_word' id='word_1_85' title='bbox 853 636 925 662; x_wconf 89' lang='lat' dir='ltr'>tota</span> <span class='ocrx_word' id='word_1_86' title='bbox 942 629 1102 662; x_wconf 89' lang='lat' dir='ltr'>doctrina</span> 
     </span>
     <span class='ocr_line' id='line_1_14' title="bbox 119 675 1102 723; baseline 0.001 -12"><span class='ocrx_word' id='word_1_87' title='bbox 119 680 161 711; x_wconf 90' lang='lat' dir='ltr'>de</span> <span class='ocrx_word' id='word_1_88' title='bbox 181 675 352 717; x_wconf 73' lang='lat' dir='ltr'>Ecclesia,</span> <span class='ocrx_word' id='word_1_89' title='bbox 378 691 467 723; x_wconf 88' lang='lat' dir='ltr'>quae</span> <span class='ocrx_word' id='word_1_90' title='bbox 487 679 550 718; x_wconf 87' lang='lat' dir='ltr'>sit,</span> <span class='ocrx_word' id='word_1_91' title='bbox 578 679 692 723; x_wconf 86' lang='lat' dir='ltr'>qualis</span> <span class='ocrx_word' id='word_1_92' title='bbox 717 679 780 717; x_wconf 84' lang='lat' dir='ltr'>sit,</span> <span class='ocrx_word' id='word_1_93' title='bbox 809 691 871 712; x_wconf 92' lang='lat' dir='ltr'>cur</span> <span class='ocrx_word' id='word_1_94' title='bbox 887 680 1041 712; x_wconf 85' lang='lat' dir='ltr'>subiecta</span> <span class='ocrx_word' id='word_1_95' title='bbox 1058 679 1102 712; x_wconf 88' lang='lat' dir='ltr'>sit</span> 
     </span>
     <span class='ocr_line' id='line_1_15' title="bbox 118 727 1101 774; baseline 0 -12"><span class='ocrx_word' id='word_1_96' title='bbox 118 727 228 768; x_wconf 89' lang='lat' dir='ltr'>cruci,</span> <span class='ocrx_word' id='word_1_97' title='bbox 256 728 358 772; x_wconf 86' lang='lat' dir='ltr'>quale</span> <span class='ocrx_word' id='word_1_98' title='bbox 376 729 545 762; x_wconf 89' lang='lat' dir='ltr'>iudicium</span> <span class='ocrx_word' id='word_1_99' title='bbox 564 736 763 762; x_wconf 88' lang='lat' dir='ltr'>secuturum</span> <span class='ocrx_word' id='word_1_100' title='bbox 782 730 845 770; x_wconf 88' lang='lat' dir='ltr'>sit,</span> <span class='ocrx_word' id='word_1_101' title='bbox 873 738 904 763; x_wconf 89' lang='lat' dir='ltr'>et</span> <span class='ocrx_word' id='word_1_102' title='bbox 923 731 1101 774; x_wconf 90' lang='lat' dir='ltr'>quomodo</span> 
     </span>
     <span class='ocr_line' id='line_1_16' title="bbox 116 779 1100 824; baseline 0.002 -14"><span class='ocrx_word' id='word_1_103' title='bbox 116 779 324 822; x_wconf 88' lang='lat' dir='ltr'>expectanda</span> <span class='ocrx_word' id='word_1_104' title='bbox 350 779 395 813; x_wconf 90' lang='lat' dir='ltr'>sit</span> <span class='ocrx_word' id='word_1_105' title='bbox 427 780 600 813; x_wconf 76' lang='lat' dir='ltr'>restitutio</span> <span class='ocrx_word' id='word_1_106' title='bbox 631 780 732 815; x_wconf 84' lang='lat' dir='ltr'>vitae.</span> <span class='ocrx_word' id='word_1_107' title='bbox 794 780 845 813; x_wconf 89' lang='lat' dir='ltr'>Ac</span> <span class='ocrx_word' id='word_1_108' title='bbox 872 792 936 812; x_wconf 91' lang='lat' dir='ltr'>nos</span> <span class='ocrx_word' id='word_1_109' title='bbox 960 791 1100 824; x_wconf 86' lang='lat' dir='ltr'>quoque</span> 
     </span>
     <span class='ocr_line' id='line_1_17' title="bbox 116 829 1100 863; baseline 0 -1"><span class='ocrx_word' id='word_1_110' title='bbox 116 829 361 862; x_wconf 81' lang='lat' dir='ltr'>adsensionem</span> <span class='ocrx_word' id='word_1_111' title='bbox 384 830 427 862; x_wconf 94' lang='lat' dir='ltr'>de</span> <span class='ocrx_word' id='word_1_112' title='bbox 443 836 603 863; x_wconf 88' lang='lat' dir='ltr'>secutura</span> <span class='ocrx_word' id='word_1_113' title='bbox 623 830 692 862; x_wconf 84' lang='lat' dir='ltr'>vita</span> <span class='ocrx_word' id='word_1_114' title='bbox 714 830 961 863; x_wconf 83' lang='lat' dir='ltr'>confirmemus</span> <span class='ocrx_word' id='word_1_115' title='bbox 986 831 1100 863; x_wconf 86' lang='lat' dir='ltr'>consi-</span> 
     </span>
     <span class='ocr_line' id='line_1_18' title="bbox 116 879 1099 925; baseline 0.002 -14"><span class='ocrx_word' id='word_1_116' title='bbox 116 879 296 912; x_wconf 83' lang='lat' dir='ltr'>deratione</span> <span class='ocrx_word' id='word_1_117' title='bbox 317 880 411 913; x_wconf 90' lang='lat' dir='ltr'>necis</span> <span class='ocrx_word' id='word_1_118' title='bbox 428 887 642 919; x_wconf 86' lang='lat' dir='ltr'>sanctorum,</span> <span class='ocrx_word' id='word_1_119' title='bbox 671 893 759 925; x_wconf 85' lang='lat' dir='ltr'>quae</span> <span class='ocrx_word' id='word_1_120' title='bbox 778 889 826 914; x_wconf 91' lang='lat' dir='ltr'>est</span> <span class='ocrx_word' id='word_1_121' title='bbox 851 881 985 914; x_wconf 83' lang='lat' dir='ltr'>illustre</span> <span class='ocrx_word' id='word_1_122' title='bbox 1002 881 1099 914; x_wconf 87' lang='lat' dir='ltr'>testi-</span> 
     </span>
     <span class='ocr_line' id='line_1_19' title="bbox 115 929 1101 972; baseline 0.002 -10"><span class='ocrx_word' id='word_1_123' title='bbox 115 929 278 963; x_wconf 90' lang='lat' dir='ltr'>monium</span> <span class='ocrx_word' id='word_1_124' title='bbox 301 933 490 964; x_wconf 89' lang='lat' dir='ltr'>ostendens</span> <span class='ocrx_word' id='word_1_125' title='bbox 521 938 718 964; x_wconf 88' lang='lat' dir='ltr'>secuturam</span> <span class='ocrx_word' id='word_1_126' title='bbox 750 944 823 964; x_wconf 90' lang='lat' dir='ltr'>esse</span> <span class='ocrx_word' id='word_1_127' title='bbox 854 932 957 964; x_wconf 88' lang='lat' dir='ltr'>aliam</span> <span class='ocrx_word' id='word_1_128' title='bbox 982 931 1101 972; x_wconf 75' lang='lat' dir='ltr'>vitam,</span> 
     </span>
     <span class='ocr_line' id='line_1_20' title="bbox 116 980 1100 1026; baseline 0.001 -13"><span class='ocrx_word' id='word_1_129' title='bbox 116 980 154 1013; x_wconf 88' lang='lat' dir='ltr'>in</span> <span class='ocrx_word' id='word_1_130' title='bbox 184 993 252 1025; x_wconf 85' lang='lat' dir='ltr'>qua</span> <span class='ocrx_word' id='word_1_131' title='bbox 286 981 459 1015; x_wconf 88' lang='lat' dir='ltr'>discernet</span> <span class='ocrx_word' id='word_1_132' title='bbox 490 980 583 1014; x_wconf 91' lang='lat' dir='ltr'>Deus</span> <span class='ocrx_word' id='word_1_133' title='bbox 619 981 813 1026; x_wconf 83' lang='lat' dir='ltr'>Baptistam</span> <span class='ocrx_word' id='word_1_134' title='bbox 848 989 879 1015; x_wconf 88' lang='lat' dir='ltr'>et</span> <span class='ocrx_word' id='word_1_135' title='bbox 910 981 1100 1021; x_wconf 81' lang='lat' dir='ltr'>Herodem,</span> 
     </span>
     <span class='ocr_line' id='line_1_21' title="bbox 114 1029 1098 1070; baseline 0.001 -7"><span class='ocrx_word' id='word_1_136' title='bbox 114 1029 265 1064; x_wconf 87' lang='lat' dir='ltr'>Paulum</span> <span class='ocrx_word' id='word_1_137' title='bbox 289 1038 323 1065; x_wconf 90' lang='lat' dir='ltr'>et</span> <span class='ocrx_word' id='word_1_138' title='bbox 352 1032 549 1070; x_wconf 88' lang='lat' dir='ltr'>Neronem,</span> <span class='ocrx_word' id='word_1_139' title='bbox 579 1039 642 1068; x_wconf 85' lang='lat' dir='ltr'>etc.</span> <span class='ocrx_word' id='word_1_140' title='bbox 689 1031 783 1066; x_wconf 85' lang='lat' dir='ltr'>Haec</span> <span class='ocrx_word' id='word_1_141' title='bbox 806 1033 1040 1066; x_wconf 62' lang='lat' dir='ltr'>consideratio</span> <span class='ocrx_word' id='word_1_142' title='bbox 1063 1034 1098 1065; x_wconf 93' lang='lat' dir='ltr'>in</span> 
     </span>
     <span class='ocr_line' id='line_1_22' title="bbox 113 1082 1098 1118; baseline 0.001 -4"><span class='ocrx_word' id='word_1_143' title='bbox 113 1082 217 1114; x_wconf 91' lang='lat' dir='ltr'>bonis</span> <span class='ocrx_word' id='word_1_144' title='bbox 232 1082 411 1116; x_wconf 88' lang='lat' dir='ltr'>mentibus</span> <span class='ocrx_word' id='word_1_145' title='bbox 427 1084 527 1116; x_wconf 92' lang='lat' dir='ltr'>valde</span> <span class='ocrx_word' id='word_1_146' title='bbox 544 1083 727 1116; x_wconf 84' lang='lat' dir='ltr'>confirmat</span> <span class='ocrx_word' id='word_1_147' title='bbox 743 1095 859 1116; x_wconf 85' lang='lat' dir='ltr'>veram</span> <span class='ocrx_word' id='word_1_148' title='bbox 877 1083 1098 1118; x_wconf 89' lang='lat' dir='ltr'>sententiam.</span> 
     </span>
     <span class='ocr_line' id='line_1_23' title="bbox 113 1131 1098 1177; baseline 0.001 -12"><span class='ocrx_word' id='word_1_149' title='bbox 113 1131 224 1176; x_wconf 83' lang='lat' dir='ltr'>Saepe</span> <span class='ocrx_word' id='word_1_150' title='bbox 246 1144 308 1175; x_wconf 84' lang='lat' dir='ltr'>ego</span> <span class='ocrx_word' id='word_1_151' title='bbox 335 1133 408 1177; x_wconf 90' lang='lat' dir='ltr'>ipse</span> <span class='ocrx_word' id='word_1_152' title='bbox 440 1134 581 1167; x_wconf 87' lang='lat' dir='ltr'>intuens</span> <span class='ocrx_word' id='word_1_153' title='bbox 609 1145 753 1177; x_wconf 83' lang='lat' dir='ltr'>magnas</span> <span class='ocrx_word' id='word_1_154' title='bbox 783 1134 996 1167; x_wconf 78' lang='lat' dir='ltr'>calamitates</span> <span class='ocrx_word' id='word_1_155' title='bbox 1023 1134 1098 1177; x_wconf 91' lang='lat' dir='ltr'>pio-</span> 
     </span>
     <span class='ocr_line' id='line_1_24' title="bbox 113 1181 1100 1229; baseline 0.002 -14"><span class='ocrx_word' id='word_1_156' title='bbox 113 1195 192 1215; x_wconf 85' lang='lat' dir='ltr'>rum</span> <span class='ocrx_word' id='word_1_157' title='bbox 220 1181 424 1222; x_wconf 88' lang='lat' dir='ltr'>hominum,</span> <span class='ocrx_word' id='word_1_158' title='bbox 459 1182 523 1217; x_wconf 89' lang='lat' dir='ltr'>hac</span> <span class='ocrx_word' id='word_1_159' title='bbox 553 1185 763 1227; x_wconf 80' lang='lat' dir='ltr'>cogitatione</span> <span class='ocrx_word' id='word_1_160' title='bbox 796 1184 932 1227; x_wconf 83' lang='lat' dir='ltr'>erigor,</span> <span class='ocrx_word' id='word_1_161' title='bbox 965 1196 1100 1229; x_wconf 83' lang='lat' dir='ltr'>nequa-</span> 
     </span>
     <span class='ocr_line' id='line_1_25' title="bbox 113 1232 1099 1278; baseline 0.001 -13"><span class='ocrx_word' id='word_1_162' title='bbox 113 1245 218 1278; x_wconf 88' lang='lat' dir='ltr'>quam</span> <span class='ocrx_word' id='word_1_163' title='bbox 242 1240 515 1267; x_wconf 88' lang='lat' dir='ltr'>consentaneum</span> <span class='ocrx_word' id='word_1_164' title='bbox 536 1246 625 1275; x_wconf 86' lang='lat' dir='ltr'>esse,</span> <span class='ocrx_word' id='word_1_165' title='bbox 654 1241 791 1268; x_wconf 90' lang='lat' dir='ltr'>tantum</span> <span class='ocrx_word' id='word_1_166' title='bbox 813 1247 872 1268; x_wconf 87' lang='lat' dir='ltr'>eos</span> <span class='ocrx_word' id='word_1_167' title='bbox 888 1236 931 1267; x_wconf 91' lang='lat' dir='ltr'>ad</span> <span class='ocrx_word' id='word_1_168' title='bbox 950 1232 1012 1267; x_wconf 90' lang='lat' dir='ltr'>has</span> <span class='ocrx_word' id='word_1_169' title='bbox 1032 1234 1099 1266; x_wconf 90' lang='lat' dir='ltr'>mi-</span> 
     </span>
     <span class='ocr_line' id='line_1_26' title="bbox 116 1283 501 1318; baseline 0.005 -2"><span class='ocrx_word' id='word_1_170' title='bbox 116 1283 222 1316; x_wconf 90' lang='lat' dir='ltr'>serias</span> <span class='ocrx_word' id='word_1_171' title='bbox 238 1284 401 1318; x_wconf 88' lang='lat' dir='ltr'>conditos</span> <span class='ocrx_word' id='word_1_172' title='bbox 418 1296 501 1318; x_wconf 89' lang='lat' dir='ltr'>esse.</span> 
     </span>
    </p>

    <p class='ocr_par' dir='ltr' id='par_1_6' title="bbox 111 1333 1102 2188">
     <span class='ocr_line' id='line_1_27' title="bbox 216 1333 1099 1379; baseline 0 -13"><span class='ocrx_word' id='word_1_173' title='bbox 216 1333 379 1366; x_wconf 88' lang='lat' dir='ltr'>Tertium</span> <span class='ocrx_word' id='word_1_174' title='bbox 405 1340 653 1377; x_wconf 85' lang='lat' dir='ltr'>argumentum</span> <span class='ocrx_word' id='word_1_175' title='bbox 670 1333 754 1379; x_wconf 77' lang='lat' dir='ltr'>Cyri</span> <span class='ocrx_word' id='word_1_176' title='bbox 779 1341 829 1368; x_wconf 86' lang='lat' dir='ltr'>est</span> <span class='ocrx_word' id='word_1_177' title='bbox 860 1336 953 1378; x_wconf 92' lang='lat' dir='ltr'>apud</span> <span class='ocrx_word' id='word_1_178' title='bbox 978 1333 1099 1367; x_wconf 86' lang='lat' dir='ltr'>Xeno-</span> 
     </span>
     <span class='ocr_line' id='line_1_28' title="bbox 111 1381 1097 1428; baseline -0.001 -11"><span class='ocrx_word' id='word_1_179' title='bbox 111 1381 279 1428; x_wconf 88' lang='lat' dir='ltr'>phontem</span> <span class='ocrx_word' id='word_1_180' title='bbox 298 1390 477 1428; x_wconf 87' lang='lat' dir='ltr'>sumptum</span> <span class='ocrx_word' id='word_1_181' title='bbox 496 1396 514 1417; x_wconf 82' lang='lat' dir='ltr'>a</span> <span class='ocrx_word' id='word_1_182' title='bbox 531 1384 667 1427; x_wconf 90' lang='lat' dir='ltr'>magnis</span> <span class='ocrx_word' id='word_1_183' title='bbox 683 1384 898 1417; x_wconf 89' lang='lat' dir='ltr'>cruciatibus</span> <span class='ocrx_word' id='word_1_184' title='bbox 914 1385 1097 1417; x_wconf 88' lang='lat' dir='ltr'>conscien-</span> 
     </span>
     <span class='ocr_line' id='line_1_29' title="bbox 113 1434 1098 1479; baseline -0.002 -11"><span class='ocrx_word' id='word_1_185' title='bbox 113 1435 181 1468; x_wconf 82' lang='lat' dir='ltr'>tiae</span> <span class='ocrx_word' id='word_1_186' title='bbox 207 1434 243 1466; x_wconf 91' lang='lat' dir='ltr'>in</span> <span class='ocrx_word' id='word_1_187' title='bbox 267 1434 452 1468; x_wconf 89' lang='lat' dir='ltr'>sceleratis.</span> <span class='ocrx_word' id='word_1_188' title='bbox 512 1434 596 1468; x_wconf 90' lang='lat' dir='ltr'>Post</span> <span class='ocrx_word' id='word_1_189' title='bbox 629 1435 758 1468; x_wconf 88' lang='lat' dir='ltr'>scelera</span> <span class='ocrx_word' id='word_1_190' title='bbox 790 1435 950 1479; x_wconf 90' lang='lat' dir='ltr'>seqnitur</span> <span class='ocrx_word' id='word_1_191' title='bbox 975 1434 1098 1477; x_wconf 88' lang='lat' dir='ltr'>ingens</span> 
     </span>
     <span class='ocr_line' id='line_1_30' title="bbox 113 1485 1098 1530; baseline -0.001 -12"><span class='ocrx_word' id='word_1_192' title='bbox 113 1485 232 1525; x_wconf 88' lang='lat' dir='ltr'>dolor,</span> <span class='ocrx_word' id='word_1_193' title='bbox 267 1485 369 1519; x_wconf 85' lang='lat' dir='ltr'>etiam</span> <span class='ocrx_word' id='word_1_194' title='bbox 394 1485 430 1518; x_wconf 94' lang='lat' dir='ltr'>in</span> <span class='ocrx_word' id='word_1_195' title='bbox 455 1485 716 1526; x_wconf 84' lang='lat' dir='ltr'>audacissimis,</span> <span class='ocrx_word' id='word_1_196' title='bbox 752 1485 813 1530; x_wconf 90' lang='lat' dir='ltr'>qui</span> <span class='ocrx_word' id='word_1_197' title='bbox 836 1492 994 1519; x_wconf 84' lang='lat' dir='ltr'>excutere</span> <span class='ocrx_word' id='word_1_198' title='bbox 1018 1497 1098 1518; x_wconf 88' lang='lat' dir='ltr'>eum</span> 
     </span>
     <span class='ocr_line' id='line_1_31' title="bbox 112 1535 1099 1581; baseline -0.001 -12"><span class='ocrx_word' id='word_1_199' title='bbox 112 1542 296 1570; x_wconf 86' lang='lat' dir='ltr'>conantur.</span> <span class='ocrx_word' id='word_1_200' title='bbox 327 1535 447 1570; x_wconf 90' lang='lat' dir='ltr'>Vincit</span> <span class='ocrx_word' id='word_1_201' title='bbox 466 1543 582 1570; x_wconf 89' lang='lat' dir='ltr'>tamen</span> <span class='ocrx_word' id='word_1_202' title='bbox 599 1537 769 1581; x_wconf 84' lang='lat' dir='ltr'>quaedam</span> <span class='ocrx_word' id='word_1_203' title='bbox 788 1536 840 1569; x_wconf 93' lang='lat' dir='ltr'>vis</span> <span class='ocrx_word' id='word_1_204' title='bbox 856 1548 993 1576; x_wconf 88' lang='lat' dir='ltr'>arcana,</span> <span class='ocrx_word' id='word_1_205' title='bbox 1009 1547 1099 1580; x_wconf 88' lang='lat' dir='ltr'>quae</span> 
     </span>
     <span class='ocr_line' id='line_1_32' title="bbox 113 1586 1099 1632; baseline -0.003 -12"><span class='ocrx_word' id='word_1_206' title='bbox 113 1586 215 1631; x_wconf 88' lang='lat' dir='ltr'>punit</span> <span class='ocrx_word' id='word_1_207' title='bbox 232 1587 427 1622; x_wconf 81' lang='lat' dir='ltr'>sceleratos.</span> <span class='ocrx_word' id='word_1_208' title='bbox 468 1586 530 1621; x_wconf 89' lang='lat' dir='ltr'>Est</span> <span class='ocrx_word' id='word_1_209' title='bbox 550 1587 658 1631; x_wconf 84' lang='lat' dir='ltr'>igitur</span> <span class='ocrx_word' id='word_1_210' title='bbox 674 1599 806 1620; x_wconf 90' lang='lat' dir='ltr'>numen</span> <span class='ocrx_word' id='word_1_211' title='bbox 820 1613 828 1626; x_wconf 87' lang='lat'>,</span> <span class='ocrx_word' id='word_1_212' title='bbox 856 1588 949 1632; x_wconf 86' lang='lat' dir='ltr'>qnod</span> <span class='ocrx_word' id='word_1_213' title='bbox 968 1586 1099 1619; x_wconf 90' lang='lat' dir='ltr'>discer-</span> 
     </span>
     <span class='ocr_line' id='line_1_33' title="bbox 114 1634 1097 1682; baseline -0.001 -12"><span class='ocrx_word' id='word_1_214' title='bbox 114 1644 173 1671; x_wconf 89' lang='lat' dir='ltr'>net</span> <span class='ocrx_word' id='word_1_215' title='bbox 206 1637 314 1671; x_wconf 90' lang='lat' dir='ltr'>iustos</span> <span class='ocrx_word' id='word_1_216' title='bbox 343 1645 376 1671; x_wconf 87' lang='lat' dir='ltr'>et</span> <span class='ocrx_word' id='word_1_217' title='bbox 407 1638 568 1672; x_wconf 81' lang='lat' dir='ltr'>iniustos.</span> <span class='ocrx_word' id='word_1_218' title='bbox 630 1637 860 1682; x_wconf 85' lang='lat' dir='ltr'>Nequaquam</span> <span class='ocrx_word' id='word_1_219' title='bbox 893 1638 987 1670; x_wconf 92' lang='lat' dir='ltr'>enim</span> <span class='ocrx_word' id='word_1_220' title='bbox 1013 1634 1097 1670; x_wconf 86' lang='lat' dir='ltr'>haec</span> 
     </span>
     <span class='ocr_line' id='line_1_34' title="bbox 114 1687 1099 1733; baseline -0.001 -12"><span class='ocrx_word' id='word_1_221' title='bbox 114 1699 195 1721; x_wconf 85' lang='lat' dir='ltr'>casu</span> <span class='ocrx_word' id='word_1_222' title='bbox 212 1687 286 1721; x_wconf 87' lang='lat' dir='ltr'>fieri</span> <span class='ocrx_word' id='word_1_223' title='bbox 310 1696 466 1732; x_wconf 87' lang='lat' dir='ltr'>possunt.</span> <span class='ocrx_word' id='word_1_224' title='bbox 519 1687 682 1733; x_wconf 89' lang='lat' dir='ltr'>Deinque</span> <span class='ocrx_word' id='word_1_225' title='bbox 704 1688 922 1732; x_wconf 87' lang='lat' dir='ltr'>impossibile</span> <span class='ocrx_word' id='word_1_226' title='bbox 945 1694 994 1721; x_wconf 88' lang='lat' dir='ltr'>est</span> <span class='ocrx_word' id='word_1_227' title='bbox 1018 1699 1099 1720; x_wconf 89' lang='lat' dir='ltr'>casu</span> 
     </span>
     <span class='ocr_line' id='line_1_35' title="bbox 113 1736 1098 1772; baseline -0.001 -1"><span class='ocrx_word' id='word_1_228' title='bbox 113 1739 151 1771; x_wconf 91' lang='lat' dir='ltr'>in</span> <span class='ocrx_word' id='word_1_229' title='bbox 174 1739 351 1772; x_wconf 89' lang='lat' dir='ltr'>mentibus</span> <span class='ocrx_word' id='word_1_230' title='bbox 376 1736 565 1772; x_wconf 87' lang='lat' dir='ltr'>hominum</span> <span class='ocrx_word' id='word_1_231' title='bbox 590 1751 662 1772; x_wconf 89' lang='lat' dir='ltr'>esse</span> <span class='ocrx_word' id='word_1_232' title='bbox 685 1746 717 1772; x_wconf 92' lang='lat' dir='ltr'>et</span> <span class='ocrx_word' id='word_1_233' title='bbox 743 1750 884 1771; x_wconf 82' lang='lat' dir='ltr'>manere</span> <span class='ocrx_word' id='word_1_234' title='bbox 909 1738 1098 1771; x_wconf 90' lang='lat' dir='ltr'>discrimen</span> 
     </span>
     <span class='ocr_line' id='line_1_36' title="bbox 115 1787 1100 1833; baseline -0.001 -11"><span class='ocrx_word' id='word_1_235' title='bbox 115 1788 346 1822; x_wconf 85' lang='lat' dir='ltr'>honestorum</span> <span class='ocrx_word' id='word_1_236' title='bbox 362 1796 395 1823; x_wconf 89' lang='lat' dir='ltr'>et</span> <span class='ocrx_word' id='word_1_237' title='bbox 411 1789 580 1833; x_wconf 89' lang='lat' dir='ltr'>turpium.</span> <span class='ocrx_word' id='word_1_238' title='bbox 610 1788 648 1821; x_wconf 85' lang='lat' dir='ltr'>Id</span> <span class='ocrx_word' id='word_1_239' title='bbox 667 1789 795 1823; x_wconf 87' lang='lat' dir='ltr'>frustra</span> <span class='ocrx_word' id='word_1_240' title='bbox 814 1789 980 1822; x_wconf 80' lang='lat' dir='ltr'>sanxisset</span> <span class='ocrx_word' id='word_1_241' title='bbox 992 1787 1100 1829; x_wconf 81' lang='lat' dir='ltr'>Deus,</span> 
     </span>
     <span class='ocr_line' id='line_1_37' title="bbox 116 1838 1098 1885; baseline -0.002 -13"><span class='ocrx_word' id='word_1_242' title='bbox 116 1840 185 1873; x_wconf 89' lang='lat' dir='ltr'>nisi</span> <span class='ocrx_word' id='word_1_243' title='bbox 202 1851 335 1884; x_wconf 86' lang='lat' dir='ltr'>poenae</span> <span class='ocrx_word' id='word_1_244' title='bbox 359 1840 528 1873; x_wconf 85' lang='lat' dir='ltr'>scelerum</span> <span class='ocrx_word' id='word_1_245' title='bbox 554 1846 797 1885; x_wconf 86' lang='lat' dir='ltr'>sequerentur.</span> <span class='ocrx_word' id='word_1_246' title='bbox 850 1838 959 1872; x_wconf 82' lang='lat' dir='ltr'>Multi</span> <span class='ocrx_word' id='word_1_247' title='bbox 983 1845 1098 1871; x_wconf 89' lang='lat' dir='ltr'>autem</span> 
     </span>
     <span class='ocr_line' id='line_1_38' title="bbox 113 1887 1101 1934; baseline -0.003 -10"><span class='ocrx_word' id='word_1_248' title='bbox 113 1891 152 1924; x_wconf 89' lang='lat' dir='ltr'>in</span> <span class='ocrx_word' id='word_1_249' title='bbox 167 1887 231 1924; x_wconf 89' lang='lat' dir='ltr'>hac</span> <span class='ocrx_word' id='word_1_250' title='bbox 249 1890 318 1923; x_wconf 79' lang='lat' dir='ltr'>vita</span> <span class='ocrx_word' id='word_1_251' title='bbox 335 1902 408 1923; x_wconf 90' lang='lat' dir='ltr'>non</span> <span class='ocrx_word' id='word_1_252' title='bbox 432 1891 648 1934; x_wconf 91' lang='lat' dir='ltr'>puniuntur,</span> <span class='ocrx_word' id='word_1_253' title='bbox 683 1897 863 1924; x_wconf 87' lang='lat' dir='ltr'>secuturae</span> <span class='ocrx_word' id='word_1_254' title='bbox 887 1896 969 1923; x_wconf 88' lang='lat' dir='ltr'>sunt</span> <span class='ocrx_word' id='word_1_255' title='bbox 992 1889 1101 1932; x_wconf 86' lang='lat' dir='ltr'>igitur</span> 
     </span>
     <span class='ocr_line' id='line_1_39' title="bbox 113 1938 1100 1987; baseline -0.003 -12"><span class='ocrx_word' id='word_1_256' title='bbox 113 1953 248 1987; x_wconf 87' lang='lat' dir='ltr'>poenae</span> <span class='ocrx_word' id='word_1_257' title='bbox 265 1948 341 1986; x_wconf 89' lang='lat' dir='ltr'>post</span> <span class='ocrx_word' id='word_1_258' title='bbox 366 1938 458 1975; x_wconf 89' lang='lat' dir='ltr'>hanc</span> <span class='ocrx_word' id='word_1_259' title='bbox 481 1941 601 1976; x_wconf 87' lang='lat' dir='ltr'>vitam.</span> <span class='ocrx_word' id='word_1_260' title='bbox 655 1940 751 1974; x_wconf 89' lang='lat' dir='ltr'>Haec</span> <span class='ocrx_word' id='word_1_261' title='bbox 774 1947 980 1984; x_wconf 88' lang='lat' dir='ltr'>argumenta</span> <span class='ocrx_word' id='word_1_262' title='bbox 1006 1939 1100 1983; x_wconf 88' lang='lat' dir='ltr'>cogi-</span> 
     </span>
     <span class='ocr_line' id='line_1_40' title="bbox 114 1991 1099 2037; baseline -0.003 -11"><span class='ocrx_word' id='word_1_263' title='bbox 114 2000 189 2027; x_wconf 88' lang='lat' dir='ltr'>tare</span> <span class='ocrx_word' id='word_1_264' title='bbox 221 1993 382 2037; x_wconf 89' lang='lat' dir='ltr'>prodest,</span> <span class='ocrx_word' id='word_1_265' title='bbox 416 1992 477 2025; x_wconf 91' lang='lat' dir='ltr'>sed</span> <span class='ocrx_word' id='word_1_266' title='bbox 502 1999 621 2026; x_wconf 87' lang='lat' dir='ltr'>tamen</span> <span class='ocrx_word' id='word_1_267' title='bbox 646 1992 815 2032; x_wconf 87' lang='lat' dir='ltr'>sciamus,</span> <span class='ocrx_word' id='word_1_268' title='bbox 850 1991 1099 2036; x_wconf 87' lang='lat' dir='ltr'>patefactiones</span> 
     </span>
     <span class='ocr_line' id='line_1_41' title="bbox 116 2042 1101 2086; baseline -0.002 -10"><span class='ocrx_word' id='word_1_269' title='bbox 116 2043 255 2076; x_wconf 85' lang='lat' dir='ltr'>divinas</span> <span class='ocrx_word' id='word_1_270' title='bbox 271 2043 459 2076; x_wconf 89' lang='lat' dir='ltr'>intuendas</span> <span class='ocrx_word' id='word_1_271' title='bbox 477 2054 561 2077; x_wconf 89' lang='lat' dir='ltr'>esse.</span> <span class='ocrx_word' id='word_1_272' title='bbox 602 2042 677 2076; x_wconf 86' lang='lat' dir='ltr'>Has</span> <span class='ocrx_word' id='word_1_273' title='bbox 691 2042 963 2086; x_wconf 86' lang='lat' dir='ltr'>amplectamur,</span> <span class='ocrx_word' id='word_1_274' title='bbox 988 2048 1021 2075; x_wconf 91' lang='lat' dir='ltr'>et</span> <span class='ocrx_word' id='word_1_275' title='bbox 1039 2042 1101 2074; x_wconf 91' lang='lat' dir='ltr'>ad-</span> 
     </span>
     <span class='ocr_line' id='line_1_42' title="bbox 115 2092 1102 2128; baseline -0.002 -2"><span class='ocrx_word' id='word_1_276' title='bbox 115 2093 311 2127; x_wconf 88' lang='lat' dir='ltr'>sensionem</span> <span class='ocrx_word' id='word_1_277' title='bbox 336 2093 374 2126; x_wconf 90' lang='lat' dir='ltr'>in</span> <span class='ocrx_word' id='word_1_278' title='bbox 396 2093 575 2128; x_wconf 90' lang='lat' dir='ltr'>mentibus</span> <span class='ocrx_word' id='word_1_279' title='bbox 610 2093 740 2127; x_wconf 88' lang='lat' dir='ltr'>nostris</span> <span class='ocrx_word' id='word_1_280' title='bbox 772 2093 944 2127; x_wconf 86' lang='lat' dir='ltr'>divinitus</span> <span class='ocrx_word' id='word_1_281' title='bbox 973 2092 1102 2126; x_wconf 82' lang='lat' dir='ltr'>confir-</span> 
     </span>
     <span class='ocr_line' id='line_1_43' title="bbox 116 2144 388 2188; baseline 0.004 -11"><span class='ocrx_word' id='word_1_282' title='bbox 116 2144 204 2177; x_wconf 90' lang='lat' dir='ltr'>mari</span> <span class='ocrx_word' id='word_1_283' title='bbox 221 2151 388 2188; x_wconf 84' lang='lat' dir='ltr'>petamuS.</span> 
     </span>
    </p>
   </div>
   <div class='ocr_carea' id='block_1_6' title="bbox 117 2198 1104 2349">
    <p class='ocr_par' dir='ltr' id='par_1_7' title="bbox 117 2198 1104 2349">
     <span class='ocr_line' id='line_1_44' title="bbox 230 2198 1101 2245; baseline -0.002 -11"><span class='ocrx_word' id='word_1_284' title='bbox 230 2201 391 2245; x_wconf 86' lang='lat' dir='ltr'>Longum</span> <span class='ocrx_word' id='word_1_285' title='bbox 410 2208 497 2236; x_wconf 85' lang='lat' dir='ltr'>esset</span> <span class='ocrx_word' id='word_1_286' title='bbox 522 2209 639 2236; x_wconf 91' lang='lat' dir='ltr'>autem</span> <span class='ocrx_word' id='word_1_287' title='bbox 664 2213 843 2235; x_wconf 89' lang='lat' dir='ltr'>recensere</span> <span class='ocrx_word' id='word_1_288' title='bbox 869 2198 1101 2245; x_wconf 88' lang='lat' dir='ltr'>philosopho—</span> 
     </span>
     <span class='ocr_line' id='line_1_45' title="bbox 117 2252 1104 2295; baseline -0.003 -9"><span class='ocrx_word' id='word_1_289' title='bbox 117 2265 196 2286; x_wconf 87' lang='lat' dir='ltr'>rum</span> <span class='ocrx_word' id='word_1_290' title='bbox 214 2252 492 2295; x_wconf 83' lang='lat' dir='ltr'>imaginationes.</span> <span class='ocrx_word' id='word_1_291' title='bbox 519 2252 631 2287; x_wconf 89' lang='lat' dir='ltr'>Stoici</span> <span class='ocrx_word' id='word_1_292' title='bbox 647 2253 822 2292; x_wconf 85' lang='lat' dir='ltr'>dixerunt,</span> <span class='ocrx_word' id='word_1_293' title='bbox 840 2253 974 2285; x_wconf 85' lang='lat' dir='ltr'>animas</span> <span class='ocrx_word' id='word_1_294' title='bbox 991 2252 1104 2284; x_wconf 90' lang='lat' dir='ltr'>disce-</span> 
     </span>
     <span class='ocr_line' id='line_1_46' title="bbox 119 2302 1103 2349; baseline -0.002 -12"><span class='ocrx_word' id='word_1_295' title='bbox 119 2304 242 2337; x_wconf 88' lang='lat' dir='ltr'>dentes</span> <span class='ocrx_word' id='word_1_296' title='bbox 258 2314 275 2336; x_wconf 87' lang='lat' dir='ltr'>a</span> <span class='ocrx_word' id='word_1_297' title='bbox 291 2314 435 2347; x_wconf 87' lang='lat' dir='ltr'>corpore</span> <span class='ocrx_word' id='word_1_298' title='bbox 451 2303 534 2349; x_wconf 92' lang='lat' dir='ltr'>quia</span> <span class='ocrx_word' id='word_1_299' title='bbox 552 2304 623 2339; x_wconf 87' lang='lat' dir='ltr'>sint</span> <span class='ocrx_word' id='word_1_300' title='bbox 637 2304 759 2348; x_wconf 87' lang='lat' dir='ltr'>igneae</span> <span class='ocrx_word' id='word_1_301' title='bbox 778 2310 943 2347; x_wconf 83' lang='lat' dir='ltr'>naturae,</span> <span class='ocrx_word' id='word_1_302' title='bbox 971 2302 1103 2336; x_wconf 82' lang='lat' dir='ltr'>diutius</span> 
     </span>
    </p>
   </div>
   <div class='ocr_carea' id='block_1_7' title="bbox 183 2689 737 2726">
    <p class='ocr_par' dir='ltr' id='par_1_8' title="bbox 183 2689 737 2726">
     <span class='ocr_line' id='line_1_47' title="bbox 183 2689 737 2726; baseline -0.002 -2"><span class='ocrx_word' id='word_1_303' title='bbox 183 2689 369 2724; x_wconf 55' lang='lat' dir='ltr'>Manu-ru.</span> <span class='ocrx_word' id='word_1_304' title='bbox 398 2695 503 2726; x_wconf 69' lang='lat' dir='ltr'>Oen.</span> <span class='ocrx_word' id='word_1_305' title='bbox 532 2693 616 2725; x_wconf 78' lang='lat' dir='ltr'>Vm..</span> <span class='ocrx_word' id='word_1_306' title='bbox 644 2692 737 2724; x_wconf 83' lang='lat' dir='ltr'><strong>XIII.</strong></span> 
     </span>
    </p>
   </div>
   <div class='ocr_carea' id='block_1_8' title="bbox 1150 227 2136 2281">
    <p class='ocr_par' dir='ltr' id='par_1_9' title="bbox 1151 227 2136 978">
     <span class='ocr_line' id='line_1_48' title="bbox 1160 227 2136 274; baseline 0.018 -18"><span class='ocrx_word' id='word_1_307' title='bbox 1160 238 1238 258; x_wconf 85' lang='lat' dir='ltr'>aere</span> <span class='ocrx_word' id='word_1_308' title='bbox 1253 227 1418 269; x_wconf 73' lang='lat' dir='ltr'>volitare,</span> <span class='ocrx_word' id='word_1_309' title='bbox 1443 233 1502 263; x_wconf 86' lang='lat' dir='ltr'>sed</span> <span class='ocrx_word' id='word_1_310' title='bbox 1522 240 1638 266; x_wconf 87' lang='lat' dir='ltr'>tamen</span> <span class='ocrx_word' id='word_1_311' title='bbox 1662 237 1803 268; x_wconf 75' lang='lat' dir='ltr'>tandein</span> <span class='ocrx_word' id='word_1_312' title='bbox 1822 248 1884 270; x_wconf 90' lang='lat' dir='ltr'>ceu</span> <span class='ocrx_word' id='word_1_313' title='bbox 1899 237 2014 271; x_wconf 88' lang='lat' dir='ltr'>fumos</span> <span class='ocrx_word' id='word_1_314' title='bbox 2033 241 2136 274; x_wconf 86' lang='lat' dir='ltr'>dissi-</span> 
     </span>
     <span class='ocr_line' id='line_1_49' title="bbox 1159 275 2135 331; baseline 0.017 -25"><span class='ocrx_word' id='word_1_315' title='bbox 1159 276 1245 319; x_wconf 82' lang='lat' dir='ltr'>pari.</span> <span class='ocrx_word' id='word_1_316' title='bbox 1273 275 1499 312; x_wconf 80' lang='lat' dir='ltr'>Aristotelem</span> <span class='ocrx_word' id='word_1_317' title='bbox 1517 283 1675 317; x_wconf 83' lang='lat' dir='ltr'>existimo</span> <span class='ocrx_word' id='word_1_318' title='bbox 1692 292 1731 318; x_wconf 91' lang='lat' dir='ltr'>ut</span> <span class='ocrx_word' id='word_1_319' title='bbox 1747 285 1833 319; x_wconf 87' lang='lat' dir='ltr'>alios</span> <span class='ocrx_word' id='word_1_320' title='bbox 1849 287 2031 331; x_wconf 84' lang='lat' dir='ltr'>plurimos,</span> <span class='ocrx_word' id='word_1_321' title='bbox 2055 302 2135 324; x_wconf 87' lang='lat' dir='ltr'>eru-</span> 
     </span>
     <span class='ocr_line' id='line_1_50' title="bbox 1158 327 2133 380; baseline 0.015 -22"><span class='ocrx_word' id='word_1_322' title='bbox 1158 327 1250 359; x_wconf 84' lang='lat' dir='ltr'>ditos</span> <span class='ocrx_word' id='word_1_323' title='bbox 1281 335 1311 360; x_wconf 76' lang='lat' dir='ltr'>et</span> <span class='ocrx_word' id='word_1_324' title='bbox 1345 329 1520 362; x_wconf 89' lang='lat' dir='ltr'>modestos</span> <span class='ocrx_word' id='word_1_325' title='bbox 1549 329 1708 368; x_wconf 76' lang='lat' dir='ltr'>homines</span> <span class='ocrx_word' id='word_1_326' title='bbox 1739 338 1847 380; x_wconf 88' lang='lat' dir='ltr'>magis</span> <span class='ocrx_word' id='word_1_327' title='bbox 1877 334 1942 371; x_wconf 87' lang='lat' dir='ltr'>hoc</span> <span class='ocrx_word' id='word_1_328' title='bbox 1970 341 2133 374; x_wconf 87' lang='lat' dir='ltr'>sensisse:</span> 
     </span>
     <span class='ocr_line' id='line_1_51' title="bbox 1157 375 2134 433; baseline 0.017 -25"><span class='ocrx_word' id='word_1_329' title='bbox 1157 378 1293 410; x_wconf 81' lang='lat' dir='ltr'>animas</span> <span class='ocrx_word' id='word_1_330' title='bbox 1310 375 1495 412; x_wconf 85' lang='lat' dir='ltr'>hominum</span> <span class='ocrx_word' id='word_1_331' title='bbox 1522 393 1594 414; x_wconf 89' lang='lat' dir='ltr'>non</span> <span class='ocrx_word' id='word_1_332' title='bbox 1611 394 1750 424; x_wconf 90' lang='lat' dir='ltr'>prorsus</span> <span class='ocrx_word' id='word_1_333' title='bbox 1777 388 1932 430; x_wconf 82' lang='lat' dir='ltr'>extingui</span> <span class='ocrx_word' id='word_1_334' title='bbox 1956 398 2033 433; x_wconf 89' lang='lat' dir='ltr'>post</span> <span class='ocrx_word' id='word_1_335' title='bbox 2057 403 2134 424; x_wconf 88' lang='lat' dir='ltr'>cor-</span> 
     </span>
     <span class='ocr_line' id='line_1_52' title="bbox 1157 428 2134 474; baseline 0.017 -16"><span class='ocrx_word' id='word_1_336' title='bbox 1157 439 1281 471; x_wconf 85' lang='lat' dir='ltr'>porum</span> <span class='ocrx_word' id='word_1_337' title='bbox 1299 428 1497 470; x_wconf 86' lang='lat' dir='ltr'>interitum,</span> <span class='ocrx_word' id='word_1_338' title='bbox 1523 432 1658 464; x_wconf 88' lang='lat' dir='ltr'>etiamsi</span> <span class='ocrx_word' id='word_1_339' title='bbox 1678 435 1804 468; x_wconf 86' lang='lat' dir='ltr'>multae</span> <span class='ocrx_word' id='word_1_340' title='bbox 1820 438 2055 472; x_wconf 84' lang='lat' dir='ltr'>dubitationes</span> <span class='ocrx_word' id='word_1_341' title='bbox 2071 454 2134 474; x_wconf 87' lang='lat' dir='ltr'>ceu</span> 
     </span>
     <span class='ocr_line' id='line_1_53' title="bbox 1157 475 2132 525; baseline 0.016 -16"><span class='ocrx_word' id='word_1_342' title='bbox 1157 479 1249 510; x_wconf 75' lang='lat' dir='ltr'>venti</span> <span class='ocrx_word' id='word_1_343' title='bbox 1270 475 1359 512; x_wconf 83' lang='lat' dir='ltr'>hanc</span> <span class='ocrx_word' id='word_1_344' title='bbox 1376 480 1448 513; x_wconf 90' lang='lat' dir='ltr'>eius</span> <span class='ocrx_word' id='word_1_345' title='bbox 1468 482 1712 525; x_wconf 82' lang='lat' dir='ltr'>cogitationem</span> <span class='ocrx_word' id='word_1_346' title='bbox 1730 487 1926 523; x_wconf 79' lang='lat' dir='ltr'>turbarunt.</span> <span class='ocrx_word' id='word_1_347' title='bbox 1969 489 2009 522; x_wconf 83' lang='lat' dir='ltr'>ln</span> <span class='ocrx_word' id='word_1_348' title='bbox 2028 492 2132 524; x_wconf 85' lang='lat' dir='ltr'>tertio</span> 
     </span>
     <span class='ocr_line' id='line_1_54' title="bbox 1155 529 2132 585; baseline 0.014 -25"><span class='ocrx_word' id='word_1_349' title='bbox 1155 529 1247 561; x_wconf 89' lang='lat' dir='ltr'>libro</span> <span class='ocrx_word' id='word_1_350' title='bbox 1265 529 1308 561; x_wconf 87' lang='lat' dir='ltr'>de</span> <span class='ocrx_word' id='word_1_351' title='bbox 1325 529 1454 564; x_wconf 86' lang='lat' dir='ltr'>Anima</span> <span class='ocrx_word' id='word_1_352' title='bbox 1474 532 1522 565; x_wconf 91' lang='lat' dir='ltr'>sic</span> <span class='ocrx_word' id='word_1_353' title='bbox 1549 534 1591 565; x_wconf 82' lang='lat' dir='ltr'>de</span> <span class='ocrx_word' id='word_1_354' title='bbox 1616 533 1795 567; x_wconf 89' lang='lat' dir='ltr'>intellectu</span> <span class='ocrx_word' id='word_1_355' title='bbox 1819 546 1939 578; x_wconf 81' lang='lat' dir='ltr'>agente</span> <span class='ocrx_word' id='word_1_356' title='bbox 1963 539 2132 585; x_wconf 84' lang='lat' dir='ltr'>loquitur,</span> 
     </span>
     <span class='ocr_line' id='line_1_55' title="bbox 1154 579 2133 632; baseline 0.014 -21"><span class='ocrx_word' id='word_1_357' title='bbox 1154 585 1192 612; x_wconf 88' lang='lat' dir='ltr'>ut</span> <span class='ocrx_word' id='word_1_358' title='bbox 1216 579 1407 613; x_wconf 88' lang='lat' dir='ltr'>existimari</span> <span class='ocrx_word' id='word_1_359' title='bbox 1441 583 1565 625; x_wconf 88' lang='lat' dir='ltr'>possit,</span> <span class='ocrx_word' id='word_1_360' title='bbox 1605 583 1769 617; x_wconf 89' lang='lat' dir='ltr'>maluisse</span> <span class='ocrx_word' id='word_1_361' title='bbox 1799 597 1878 619; x_wconf 89' lang='lat' dir='ltr'>eum</span> <span class='ocrx_word' id='word_1_362' title='bbox 1903 585 1968 621; x_wconf 89' lang='lat' dir='ltr'>hoe</span> <span class='ocrx_word' id='word_1_363' title='bbox 1994 591 2133 632; x_wconf 81' lang='lat' dir='ltr'>sentire,</span> 
     </span>
     <span class='ocr_line' id='line_1_56' title="bbox 1154 629 2132 677; baseline 0.013 -16"><span class='ocrx_word' id='word_1_364' title='bbox 1154 629 1254 662; x_wconf 88' lang='lat' dir='ltr'>illum</span> <span class='ocrx_word' id='word_1_365' title='bbox 1272 631 1562 674; x_wconf 84' lang='lat' dir='ltr'>praestantiorem</span> <span class='ocrx_word' id='word_1_366' title='bbox 1581 633 1773 677; x_wconf 87' lang='lat' dir='ltr'>igniculum</span> <span class='ocrx_word' id='word_1_367' title='bbox 1792 636 1828 668; x_wconf 93' lang='lat' dir='ltr'>in</span> <span class='ocrx_word' id='word_1_368' title='bbox 1847 637 1962 670; x_wconf 89' lang='lat' dir='ltr'>anima</span> <span class='ocrx_word' id='word_1_369' title='bbox 1978 636 2132 675; x_wconf 89' lang='lat' dir='ltr'>hominis</span> 
     </span>
     <span class='ocr_line' id='line_1_57' title="bbox 1154 681 2132 728; baseline 0.013 -16"><span class='ocrx_word' id='word_1_370' title='bbox 1154 692 1226 712; x_wconf 92' lang='lat' dir='ltr'>non</span> <span class='ocrx_word' id='word_1_371' title='bbox 1244 681 1400 724; x_wconf 83' lang='lat' dir='ltr'>extingui</span> <span class='ocrx_word' id='word_1_372' title='bbox 1419 694 1498 715; x_wconf 90' lang='lat' dir='ltr'>cum</span> <span class='ocrx_word' id='word_1_373' title='bbox 1516 684 1733 728; x_wconf 88' lang='lat' dir='ltr'>corporibus.</span> <span class='ocrx_word' id='word_1_374' title='bbox 1788 684 1833 720; x_wconf 83' lang='lat' dir='ltr'>Et</span> <span class='ocrx_word' id='word_1_375' title='bbox 1856 687 1941 720; x_wconf 89' lang='lat' dir='ltr'>alibi</span> <span class='ocrx_word' id='word_1_376' title='bbox 1965 689 2132 726; x_wconf 84' lang='lat' dir='ltr'>discernit</span> 
     </span>
     <span class='ocr_line' id='line_1_58' title="bbox 1153 733 2134 779; baseline 0.011 -17"><span class='ocrx_word' id='word_1_377' title='bbox 1153 738 1305 763; x_wconf 91' lang='lat' dir='ltr'>mentem</span> <span class='ocrx_word' id='word_1_378' title='bbox 1337 733 1381 765; x_wconf 90' lang='lat' dir='ltr'>ab</span> <span class='ocrx_word' id='word_1_379' title='bbox 1413 733 1529 766; x_wconf 86' lang='lat' dir='ltr'>anima</span> <span class='ocrx_word' id='word_1_380' title='bbox 1561 735 1754 777; x_wconf 82' lang='lat' dir='ltr'>vegetativa</span> <span class='ocrx_word' id='word_1_381' title='bbox 1784 742 1816 769; x_wconf 91' lang='lat' dir='ltr'>et</span> <span class='ocrx_word' id='word_1_382' title='bbox 1848 738 2036 779; x_wconf 91' lang='lat' dir='ltr'>sentiente,</span> <span class='ocrx_word' id='word_1_383' title='bbox 2077 740 2134 773; x_wconf 84' lang='lat' dir='ltr'>in-</span> 
     </span>
     <span class='ocr_line' id='line_1_59' title="bbox 1153 780 2131 832; baseline 0.011 -20"><span class='ocrx_word' id='word_1_384' title='bbox 1153 781 1292 825; x_wconf 87' lang='lat' dir='ltr'>quiens:</span> <span class='ocrx_word' id='word_1_385' title='bbox 1318 780 1411 828; x_wconf 73' lang='grc' dir='ltr'><em>Περὶ</em></span> <span class='ocrx_word' id='word_1_386' title='bbox 1433 780 1473 817; x_wconf 68' lang='grc' dir='ltr'>δὲ</span> <span class='ocrx_word' id='word_1_387' title='bbox 1495 787 1562 818; x_wconf 74' lang='grc' dir='ltr'>τοῦ</span> <span class='ocrx_word' id='word_1_388' title='bbox 1588 787 1656 819; x_wconf 72' lang='grc' dir='ltr'>νοῦ</span> <span class='ocrx_word' id='word_1_389' title='bbox 1679 783 1823 820; x_wconf 69' lang='grc' dir='ltr'><em>οὐδέπω</em></span> <span class='ocrx_word' id='word_1_390' title='bbox 1849 786 2031 832; x_wconf 70' lang='grc' dir='ltr'>φανερὸν,</span> <span class='ocrx_word' id='word_1_391' title='bbox 2057 788 2131 824; x_wconf 71' lang='grc' dir='ltr'>ἀλλ’</span> 
     </span>
     <span class='ocr_line' id='line_1_60' title="bbox 1152 830 2131 884; baseline 0.01 -20"><span class='ocrx_word' id='word_1_392' title='bbox 1152 830 1242 865; x_wconf 71' lang='grc' dir='ltr'><em>ἔοικε</em></span> <span class='ocrx_word' id='word_1_393' title='bbox 1270 835 1390 877; x_wconf 70' lang='grc' dir='ltr'><em>ψυχῆς</em></span> <span class='ocrx_word' id='word_1_394' title='bbox 1418 832 1525 880; x_wconf 70' lang='grc' dir='ltr'><em>γένος</em></span> <span class='ocrx_word' id='word_1_395' title='bbox 1546 834 1670 880; x_wconf 69' lang='grc' dir='ltr'><em>ἕτερον</em></span> <span class='ocrx_word' id='word_1_396' title='bbox 1693 833 1804 876; x_wconf 70' lang='grc' dir='ltr'><em>εἶναι,</em></span> <span class='ocrx_word' id='word_1_397' title='bbox 1837 835 1897 871; x_wconf 76' lang='grc' dir='ltr'>καὶ</span> <span class='ocrx_word' id='word_1_398' title='bbox 1928 841 2039 873; x_wconf 74' lang='grc' dir='ltr'>τοῦτο</span> <span class='ocrx_word' id='word_1_399' title='bbox 2064 838 2131 884; x_wconf 79' lang='grc' dir='ltr'>μό-</span> 
     </span>
     <span class='ocr_line' id='line_1_61' title="bbox 1152 880 2132 934; baseline 0.011 -19"><span class='ocrx_word' id='word_1_400' title='bbox 1152 894 1218 916; x_wconf 66' lang='grc' dir='ltr'>νον</span> <span class='ocrx_word' id='word_1_401' title='bbox 1237 880 1430 927; x_wconf 63' lang='grc' dir='ltr'>ἐνδέχεται,</span> <span class='ocrx_word' id='word_1_402' title='bbox 1459 883 1707 931; x_wconf 70' lang='grc' dir='ltr'><em>χωρίζεσθαι,</em></span> <span class='ocrx_word' id='word_1_403' title='bbox 1742 884 1914 934; x_wconf 75' lang='grc' dir='ltr'><em>καθάπερ</em></span> <span class='ocrx_word' id='word_1_404' title='bbox 1943 887 1984 923; x_wconf 80' lang='grc' dir='ltr'>τὸ</span> <span class='ocrx_word' id='word_1_405' title='bbox 2010 888 2132 926; x_wconf 73' lang='grc' dir='ltr'><em>ἀΐδιον</em></span> 
     </span>
     <span class='ocr_line' id='line_1_62' title="bbox 1151 933 1432 978; baseline 0.014 -13"><span class='ocrx_word' id='word_1_406' title='bbox 1151 934 1218 966; x_wconf 73' lang='grc' dir='ltr'>τοῦ</span> <span class='ocrx_word' id='word_1_407' title='bbox 1242 933 1432 978; x_wconf 68' lang='grc' dir='ltr'>φθαρτοῦ.</span> 
     </span>
    </p>

    <p class='ocr_par' dir='ltr' id='par_1_10' title="bbox 1151 982 2133 1372">
     <span class='ocr_line' id='line_1_63' title="bbox 1253 982 2133 1036; baseline 0.011 -21"><span class='ocrx_word' id='word_1_408' title='bbox 1253 983 1322 1017; x_wconf 83' lang='lat' dir='ltr'>Sed</span> <span class='ocrx_word' id='word_1_409' title='bbox 1357 982 1650 1028; x_wconf 87' lang='lat' dir='ltr'>philosophorum</span> <span class='ocrx_word' id='word_1_410' title='bbox 1682 988 1921 1022; x_wconf 86' lang='lat' dir='ltr'>dubitationes</span> <span class='ocrx_word' id='word_1_411' title='bbox 1951 991 2133 1036; x_wconf 89' lang='lat' dir='ltr'>relinqua—</span> 
     </span>
     <span class='ocr_line' id='line_1_64' title="bbox 1152 1035 2133 1087; baseline 0.011 -22"><span class='ocrx_word' id='word_1_412' title='bbox 1152 1045 1247 1073; x_wconf 78' lang='lat' dir='ltr'>muS‚</span> <span class='ocrx_word' id='word_1_413' title='bbox 1288 1042 1321 1068; x_wconf 88' lang='lat' dir='ltr'>et</span> <span class='ocrx_word' id='word_1_414' title='bbox 1346 1035 1531 1078; x_wconf 88' lang='lat' dir='ltr'>caliginem</span> <span class='ocrx_word' id='word_1_415' title='bbox 1562 1036 1760 1071; x_wconf 88' lang='lat' dir='ltr'>animarum</span> <span class='ocrx_word' id='word_1_416' title='bbox 1791 1047 2009 1081; x_wconf 87' lang='lat' dir='ltr'>nostrarum,</span> <span class='ocrx_word' id='word_1_417' title='bbox 2044 1054 2133 1087; x_wconf 90' lang='lat' dir='ltr'>quae</span> 
     </span>
     <span class='ocr_line' id='line_1_65' title="bbox 1152 1088 2133 1131; baseline 0.011 -16"><span class='ocrx_word' id='word_1_418' title='bbox 1152 1090 1330 1128; x_wconf 83' lang='lat' dir='ltr'>peccatum</span> <span class='ocrx_word' id='word_1_419' title='bbox 1350 1092 1466 1119; x_wconf 86' lang='lat' dir='ltr'>secuta</span> <span class='ocrx_word' id='word_1_420' title='bbox 1485 1092 1553 1124; x_wconf 86' lang='lat' dir='ltr'>est,</span> <span class='ocrx_word' id='word_1_421' title='bbox 1579 1088 1822 1131; x_wconf 90' lang='lat' dir='ltr'>deploremus,</span> <span class='ocrx_word' id='word_1_422' title='bbox 1849 1097 1883 1124; x_wconf 90' lang='lat' dir='ltr'>et</span> <span class='ocrx_word' id='word_1_423' title='bbox 1899 1091 2032 1124; x_wconf 90' lang='lat' dir='ltr'>maiore</span> <span class='ocrx_word' id='word_1_424' title='bbox 2049 1104 2133 1127; x_wconf 84' lang='lat' dir='ltr'>cura</span> 
     </span>
     <span class='ocr_line' id='line_1_66' title="bbox 1154 1135 2133 1178; baseline 0.01 -12"><span class='ocrx_word' id='word_1_425' title='bbox 1154 1146 1272 1167; x_wconf 83' lang='lat' dir='ltr'>vocem</span> <span class='ocrx_word' id='word_1_426' title='bbox 1300 1135 1458 1168; x_wconf 85' lang='lat' dir='ltr'>divinam</span> <span class='ocrx_word' id='word_1_427' title='bbox 1487 1136 1530 1168; x_wconf 89' lang='lat' dir='ltr'>de</span> <span class='ocrx_word' id='word_1_428' title='bbox 1565 1137 1745 1172; x_wconf 85' lang='lat' dir='ltr'>voluntate</span> <span class='ocrx_word' id='word_1_429' title='bbox 1769 1139 1854 1178; x_wconf 90' lang='lat' dir='ltr'>Dei,</span> <span class='ocrx_word' id='word_1_430' title='bbox 1889 1142 1932 1174; x_wconf 87' lang='lat' dir='ltr'>de</span> <span class='ocrx_word' id='word_1_431' title='bbox 1955 1142 2133 1176; x_wconf 85' lang='lat' dir='ltr'>beneficiis</span> 
     </span>
     <span class='ocr_line' id='line_1_67' title="bbox 1151 1184 2133 1228; baseline 0.008 -10"><span class='ocrx_word' id='word_1_432' title='bbox 1151 1185 1288 1218; x_wconf 90' lang='lat' dir='ltr'>domini</span> <span class='ocrx_word' id='word_1_433' title='bbox 1314 1186 1426 1219; x_wconf 88' lang='lat' dir='ltr'>nostri</span> <span class='ocrx_word' id='word_1_434' title='bbox 1442 1187 1520 1219; x_wconf 89' lang='lat' dir='ltr'>Iesu</span> <span class='ocrx_word' id='word_1_435' title='bbox 1539 1184 1689 1228; x_wconf 89' lang='lat' dir='ltr'>Christi,</span> <span class='ocrx_word' id='word_1_436' title='bbox 1716 1196 1750 1223; x_wconf 90' lang='lat' dir='ltr'>et</span> <span class='ocrx_word' id='word_1_437' title='bbox 1774 1191 1816 1223; x_wconf 89' lang='lat' dir='ltr'>de</span> <span class='ocrx_word' id='word_1_438' title='bbox 1839 1191 2061 1226; x_wconf 89' lang='lat' dir='ltr'>restitutione</span> <span class='ocrx_word' id='word_1_439' title='bbox 2080 1194 2133 1226; x_wconf 79' lang='lat' dir='ltr'>vi-</span> 
     </span>
     <span class='ocr_line' id='line_1_68' title="bbox 1151 1237 2132 1286; baseline 0.007 -17"><span class='ocrx_word' id='word_1_440' title='bbox 1151 1243 1205 1269; x_wconf 90' lang='lat' dir='ltr'>tae</span> <span class='ocrx_word' id='word_1_441' title='bbox 1227 1243 1413 1279; x_wconf 87' lang='lat' dir='ltr'>perpetuae</span> <span class='ocrx_word' id='word_1_442' title='bbox 1436 1237 1704 1272; x_wconf 89' lang='lat' dir='ltr'>concionantem</span> <span class='ocrx_word' id='word_1_443' title='bbox 1728 1241 1930 1281; x_wconf 77' lang='lat' dir='ltr'>audiamus,</span> <span class='ocrx_word' id='word_1_444' title='bbox 1959 1249 1992 1276; x_wconf 93' lang='lat' dir='ltr'>et</span> <span class='ocrx_word' id='word_1_445' title='bbox 2017 1243 2132 1286; x_wconf 89' lang='lat' dir='ltr'>ipsum</span> 
     </span>
     <span class='ocr_line' id='line_1_69' title="bbox 1151 1284 2131 1327; baseline 0.01 -10"><span class='ocrx_word' id='word_1_446' title='bbox 1151 1286 1263 1318; x_wconf 85' lang='lat' dir='ltr'>filium</span> <span class='ocrx_word' id='word_1_447' title='bbox 1288 1284 1354 1319; x_wconf 91' lang='lat' dir='ltr'>Dei</span> <span class='ocrx_word' id='word_1_448' title='bbox 1377 1298 1534 1325; x_wconf 90' lang='lat' dir='ltr'>oremus,</span> <span class='ocrx_word' id='word_1_449' title='bbox 1568 1295 1606 1321; x_wconf 90' lang='lat' dir='ltr'>ut</span> <span class='ocrx_word' id='word_1_450' title='bbox 1626 1290 1871 1325; x_wconf 89' lang='lat' dir='ltr'>adsensionem</span> <span class='ocrx_word' id='word_1_451' title='bbox 1895 1292 1933 1325; x_wconf 91' lang='lat' dir='ltr'>in</span> <span class='ocrx_word' id='word_1_452' title='bbox 1953 1294 2131 1327; x_wconf 87' lang='lat' dir='ltr'>mentibus</span> 
     </span>
     <span class='ocr_line' id='line_1_70' title="bbox 1152 1336 1501 1372; baseline 0.006 -3"><span class='ocrx_word' id='word_1_453' title='bbox 1152 1336 1281 1371; x_wconf 90' lang='lat' dir='ltr'>nostris</span> <span class='ocrx_word' id='word_1_454' title='bbox 1307 1338 1501 1372; x_wconf 85' lang='lat' dir='ltr'>confirmet.</span> 
     </span>
    </p>

    <p class='ocr_par' dir='ltr' id='par_1_11' title="bbox 1150 1385 2134 2281">
     <span class='ocr_line' id='line_1_71' title="bbox 1255 1385 2132 1433; baseline 0.011 -15"><span class='ocrx_word' id='word_1_455' title='bbox 1255 1385 1332 1419; x_wconf 93' lang='lat' dir='ltr'>Oro</span> <span class='ocrx_word' id='word_1_456' title='bbox 1356 1387 1466 1429; x_wconf 87' lang='lat' dir='ltr'>igitur</span> <span class='ocrx_word' id='word_1_457' title='bbox 1487 1395 1520 1420; x_wconf 93' lang='lat' dir='ltr'>te</span> <span class='ocrx_word' id='word_1_458' title='bbox 1544 1388 1593 1420; x_wconf 82' lang='lat' dir='ltr'>fili</span> <span class='ocrx_word' id='word_1_459' title='bbox 1621 1387 1687 1421; x_wconf 91' lang='lat' dir='ltr'>Dei</span> <span class='ocrx_word' id='word_1_460' title='bbox 1710 1390 1853 1423; x_wconf 90' lang='lat' dir='ltr'>domine</span> <span class='ocrx_word' id='word_1_461' title='bbox 1882 1390 1960 1425; x_wconf 89' lang='lat' dir='ltr'>Iesu</span> <span class='ocrx_word' id='word_1_462' title='bbox 1981 1391 2132 1433; x_wconf 86' lang='lat' dir='ltr'>Christe,</span> 
     </span>
     <span class='ocr_line' id='line_1_72' title="bbox 1151 1436 2133 1486; baseline 0.01 -18"><span class='ocrx_word' id='word_1_463' title='bbox 1151 1436 1313 1469; x_wconf 86' lang='lat' dir='ltr'>crucifixe</span> <span class='ocrx_word' id='word_1_464' title='bbox 1337 1449 1401 1481; x_wconf 90' lang='lat' dir='ltr'>pro</span> <span class='ocrx_word' id='word_1_465' title='bbox 1433 1438 1537 1470; x_wconf 87' lang='lat' dir='ltr'>nobis</span> <span class='ocrx_word' id='word_1_466' title='bbox 1557 1445 1591 1471; x_wconf 85' lang='lat' dir='ltr'>et</span> <span class='ocrx_word' id='word_1_467' title='bbox 1615 1440 1836 1481; x_wconf 87' lang='lat' dir='ltr'>resuscitate,</span> <span class='ocrx_word' id='word_1_468' title='bbox 1865 1442 1925 1486; x_wconf 89' lang='lat' dir='ltr'>qui</span> <span class='ocrx_word' id='word_1_469' title='bbox 1949 1454 1984 1476; x_wconf 91' lang='lat' dir='ltr'>es</span> <span class='ocrx_word' id='word_1_470' title='bbox 2004 1444 2081 1477; x_wconf 78' lang='lat' dir='ltr'>viva</span> <span class='ocrx_word' id='word_1_471' title='bbox 2101 1452 2133 1479; x_wconf 87' lang='lat' dir='ltr'>et</span> 
     </span>
     <span class='ocr_line' id='line_1_73' title="bbox 1151 1487 2132 1532; baseline 0.009 -13"><span class='ocrx_word' id='word_1_472' title='bbox 1151 1487 1287 1530; x_wconf 83' lang='lat' dir='ltr'>integra</span> <span class='ocrx_word' id='word_1_473' title='bbox 1305 1487 1419 1530; x_wconf 85' lang='lat' dir='ltr'>imago</span> <span class='ocrx_word' id='word_1_474' title='bbox 1436 1489 1706 1532; x_wconf 84' lang='lat' dir='ltr'>aeternipatris‚</span> <span class='ocrx_word' id='word_1_475' title='bbox 1731 1497 1763 1523; x_wconf 92' lang='lat' dir='ltr'>et</span> <span class='ocrx_word' id='word_1_476' title='bbox 1783 1491 1916 1525; x_wconf 89' lang='lat' dir='ltr'>dixisti:</span> <span class='ocrx_word' id='word_1_477' title='bbox 1945 1492 2073 1528; x_wconf 75' lang='lat' dir='ltr'>Venite</span> <span class='ocrx_word' id='word_1_478' title='bbox 2089 1497 2132 1529; x_wconf 89' lang='lat' dir='ltr'>ad</span> 
     </span>
     <span class='ocr_line' id='line_1_74' title="bbox 1151 1538 2132 1588; baseline 0.009 -18"><span class='ocrx_word' id='word_1_479' title='bbox 1151 1550 1206 1570; x_wconf 88' lang='lat' dir='ltr'>me</span> <span class='ocrx_word' id='word_1_480' title='bbox 1223 1550 1367 1579; x_wconf 89' lang='lat' dir='ltr'>omnes,</span> <span class='ocrx_word' id='word_1_481' title='bbox 1390 1538 1450 1584; x_wconf 90' lang='lat' dir='ltr'>qui</span> <span class='ocrx_word' id='word_1_482' title='bbox 1470 1539 1638 1573; x_wconf 87' lang='lat' dir='ltr'>laboratis</span> <span class='ocrx_word' id='word_1_483' title='bbox 1664 1547 1697 1573; x_wconf 93' lang='lat' dir='ltr'>et</span> <span class='ocrx_word' id='word_1_484' title='bbox 1722 1542 1858 1575; x_wconf 85' lang='lat' dir='ltr'>onerati</span> <span class='ocrx_word' id='word_1_485' title='bbox 1883 1543 1983 1585; x_wconf 83' lang='lat' dir='ltr'>estis,</span> <span class='ocrx_word' id='word_1_486' title='bbox 2011 1551 2044 1578; x_wconf 91' lang='lat' dir='ltr'>et</span> <span class='ocrx_word' id='word_1_487' title='bbox 2069 1556 2132 1588; x_wconf 87' lang='lat' dir='ltr'>ego</span> 
     </span>
     <span class='ocr_line' id='line_1_75' title="bbox 1151 1589 2132 1633; baseline 0.01 -13"><span class='ocrx_word' id='word_1_488' title='bbox 1151 1589 1302 1621; x_wconf 82' lang='lat' dir='ltr'>reficiam</span> <span class='ocrx_word' id='word_1_489' title='bbox 1322 1601 1401 1629; x_wconf 83' lang='lat' dir='ltr'>vos,</span> <span class='ocrx_word' id='word_1_490' title='bbox 1428 1601 1560 1623; x_wconf 86' lang='lat' dir='ltr'>renova</span> <span class='ocrx_word' id='word_1_491' title='bbox 1576 1591 1764 1633; x_wconf 86' lang='lat' dir='ltr'>imaginem</span> <span class='ocrx_word' id='word_1_492' title='bbox 1783 1599 1877 1626; x_wconf 89' lang='lat' dir='ltr'>tuam</span> <span class='ocrx_word' id='word_1_493' title='bbox 1899 1594 1936 1627; x_wconf 93' lang='lat' dir='ltr'>in</span> <span class='ocrx_word' id='word_1_494' title='bbox 1953 1595 2057 1628; x_wconf 91' lang='lat' dir='ltr'>nobis</span> <span class='ocrx_word' id='word_1_495' title='bbox 2073 1603 2132 1630; x_wconf 91' lang='lat' dir='ltr'>tua</span> 
     </span>
     <span class='ocr_line' id='line_1_76' title="bbox 1150 1640 2132 1686; baseline 0.008 -14"><span class='ocrx_word' id='word_1_496' title='bbox 1150 1640 1247 1679; x_wconf 87' lang='lat' dir='ltr'>luce,</span> <span class='ocrx_word' id='word_1_497' title='bbox 1274 1640 1360 1672; x_wconf 88' lang='lat' dir='ltr'>doce</span> <span class='ocrx_word' id='word_1_498' title='bbox 1378 1647 1411 1673; x_wconf 91' lang='lat' dir='ltr'>et</span> <span class='ocrx_word' id='word_1_499' title='bbox 1429 1641 1585 1683; x_wconf 82' lang='lat' dir='ltr'>guberna</span> <span class='ocrx_word' id='word_1_500' title='bbox 1603 1653 1667 1674; x_wconf 90' lang='lat' dir='ltr'>nos</span> <span class='ocrx_word' id='word_1_501' title='bbox 1684 1641 1820 1686; x_wconf 85' lang='lat' dir='ltr'>Spiritu</span> <span class='ocrx_word' id='word_1_502' title='bbox 1846 1650 1907 1677; x_wconf 89' lang='lat' dir='ltr'>tuo</span> <span class='ocrx_word' id='word_1_503' title='bbox 1927 1652 2045 1678; x_wconf 83' lang='lat' dir='ltr'>sancto</span> <span class='ocrx_word' id='word_1_504' title='bbox 2057 1671 2065 1684; x_wconf 95' lang='lat'>‚</span> <span class='ocrx_word' id='word_1_505' title='bbox 2092 1653 2132 1680; x_wconf 86' lang='lat' dir='ltr'>ut</span> 
     </span>
     <span class='ocr_line' id='line_1_77' title="bbox 1150 1693 2131 1738; baseline 0.008 -16"><span class='ocrx_word' id='word_1_506' title='bbox 1150 1696 1333 1723; x_wconf 89' lang='lat' dir='ltr'>aeternum</span> <span class='ocrx_word' id='word_1_507' title='bbox 1350 1697 1483 1735; x_wconf 87' lang='lat' dir='ltr'>patrem</span> <span class='ocrx_word' id='word_1_508' title='bbox 1502 1698 1621 1732; x_wconf 90' lang='lat' dir='ltr'>tuum,</span> <span class='ocrx_word' id='word_1_509' title='bbox 1649 1699 1698 1733; x_wconf 88' lang='lat' dir='ltr'>te,</span> <span class='ocrx_word' id='word_1_510' title='bbox 1726 1699 1758 1726; x_wconf 88' lang='lat' dir='ltr'>et</span> <span class='ocrx_word' id='word_1_511' title='bbox 1775 1693 1949 1738; x_wconf 88' lang='lat' dir='ltr'>Spiritum</span> <span class='ocrx_word' id='word_1_512' title='bbox 1971 1703 2131 1730; x_wconf 89' lang='lat' dir='ltr'>sanctum</span> 
     </span>
     <span class='ocr_line' id='line_1_78' title="bbox 1150 1741 2129 1787; baseline 0.007 -15"><span class='ocrx_word' id='word_1_513' title='bbox 1150 1752 1230 1773; x_wconf 84' lang='lat' dir='ltr'>vere</span> <span class='ocrx_word' id='word_1_514' title='bbox 1253 1741 1457 1775; x_wconf 85' lang='lat' dir='ltr'>invocemus</span> <span class='ocrx_word' id='word_1_515' title='bbox 1476 1749 1508 1775; x_wconf 89' lang='lat' dir='ltr'>et</span> <span class='ocrx_word' id='word_1_516' title='bbox 1531 1742 1766 1781; x_wconf 87' lang='lat' dir='ltr'>celebremus,</span> <span class='ocrx_word' id='word_1_517' title='bbox 1794 1756 1832 1776; x_wconf 91' lang='lat' dir='ltr'>ac</span> <span class='ocrx_word' id='word_1_518' title='bbox 1856 1755 1992 1787; x_wconf 90' lang='lat' dir='ltr'>semper</span> <span class='ocrx_word' id='word_1_519' title='bbox 2012 1746 2050 1778; x_wconf 90' lang='lat' dir='ltr'>in</span> <span class='ocrx_word' id='word_1_520' title='bbox 2074 1744 2129 1780; x_wconf 92' lang='lat' dir='ltr'>his</span> 
     </span>
     <span class='ocr_line' id='line_1_79' title="bbox 1150 1790 2131 1838; baseline 0.007 -15"><span class='ocrx_word' id='word_1_521' title='bbox 1150 1790 1354 1834; x_wconf 86' lang='lat' dir='ltr'>regionibus</span> <span class='ocrx_word' id='word_1_522' title='bbox 1378 1790 1573 1825; x_wconf 83' lang='lat' dir='ltr'>Ecclesiam</span> <span class='ocrx_word' id='word_1_523' title='bbox 1596 1798 1773 1825; x_wconf 89' lang='lat' dir='ltr'>aeternam</span> <span class='ocrx_word' id='word_1_524' title='bbox 1800 1793 1866 1827; x_wconf 87' lang='lat' dir='ltr'>tibi</span> <span class='ocrx_word' id='word_1_525' title='bbox 1886 1795 2062 1838; x_wconf 76' lang='lat' dir='ltr'>colligim,</span> <span class='ocrx_word' id='word_1_526' title='bbox 2097 1804 2131 1831; x_wconf 88' lang='lat' dir='ltr'>et</span> 
     </span>
     <span class='ocr_line' id='line_1_80' title="bbox 1151 1842 2130 1884; baseline 0.008 -11"><span class='ocrx_word' id='word_1_527' title='bbox 1151 1852 1249 1874; x_wconf 88' lang='lat' dir='ltr'>serva</span> <span class='ocrx_word' id='word_1_528' title='bbox 1274 1854 1312 1874; x_wconf 88' lang='lat' dir='ltr'>ac</span> <span class='ocrx_word' id='word_1_529' title='bbox 1341 1842 1450 1884; x_wconf 82' lang='lat' dir='ltr'>tegito</span> <span class='ocrx_word' id='word_1_530' title='bbox 1482 1849 1601 1875; x_wconf 82' lang='lat' dir='ltr'>coetus</span> <span class='ocrx_word' id='word_1_531' title='bbox 1633 1843 1835 1876; x_wconf 87' lang='lat' dir='ltr'>docentium</span> <span class='ocrx_word' id='word_1_532' title='bbox 1865 1851 1898 1879; x_wconf 93' lang='lat' dir='ltr'>et</span> <span class='ocrx_word' id='word_1_533' title='bbox 1921 1846 2130 1880; x_wconf 88' lang='lat' dir='ltr'>discentium</span> 
     </span>
     <span class='ocr_line' id='line_1_81' title="bbox 1151 1890 2130 1940; baseline 0.009 -17"><span class='ocrx_word' id='word_1_534' title='bbox 1151 1892 1346 1924; x_wconf 88' lang='lat' dir='ltr'>doctrinam</span> <span class='ocrx_word' id='word_1_535' title='bbox 1367 1890 1541 1925; x_wconf 88' lang='lat' dir='ltr'>Ecclesiae</span> <span class='ocrx_word' id='word_1_536' title='bbox 1567 1894 1815 1937; x_wconf 83' lang='lat' dir='ltr'>necessariam,</span> <span class='ocrx_word' id='word_1_537' title='bbox 1843 1901 1876 1928; x_wconf 88' lang='lat' dir='ltr'>et</span> <span class='ocrx_word' id='word_1_538' title='bbox 1897 1903 2038 1940; x_wconf 87' lang='lat' dir='ltr'>protege</span> <span class='ocrx_word' id='word_1_539' title='bbox 2063 1894 2130 1931; x_wconf 89' lang='lat' dir='ltr'>ho-</span> 
     </span>
     <span class='ocr_line' id='line_1_82' title="bbox 1151 1940 2130 1988; baseline 0.006 -13"><span class='ocrx_word' id='word_1_540' title='bbox 1151 1942 1254 1986; x_wconf 91' lang='lat' dir='ltr'>spitia</span> <span class='ocrx_word' id='word_1_541' title='bbox 1271 1940 1507 1976; x_wconf 89' lang='lat' dir='ltr'>Ecclesiarum</span> <span class='ocrx_word' id='word_1_542' title='bbox 1533 1949 1677 1987; x_wconf 92' lang='lat' dir='ltr'>propter</span> <span class='ocrx_word' id='word_1_543' title='bbox 1700 1950 1796 1977; x_wconf 87' lang='lat' dir='ltr'>tuam</span> <span class='ocrx_word' id='word_1_544' title='bbox 1823 1945 1984 1988; x_wconf 89' lang='lat' dir='ltr'>gloriam.</span> <span class='ocrx_word' id='word_1_545' title='bbox 2044 1946 2130 1980; x_wconf 88' lang='lat' dir='ltr'>Tibi</span> 
     </span>
     <span class='ocr_line' id='line_1_83' title="bbox 1151 1993 2130 2036; baseline 0.006 -11"><span class='ocrx_word' id='word_1_546' title='bbox 1151 1999 1235 2026; x_wconf 88' lang='lat' dir='ltr'>nota</span> <span class='ocrx_word' id='word_1_547' title='bbox 1258 1999 1309 2026; x_wconf 90' lang='lat' dir='ltr'>est</span> <span class='ocrx_word' id='word_1_548' title='bbox 1333 1993 1457 2036; x_wconf 86' lang='lat' dir='ltr'>ingens</span> <span class='ocrx_word' id='word_1_549' title='bbox 1479 1993 1666 2026; x_wconf 86' lang='lat' dir='ltr'>infirmitas</span> <span class='ocrx_word' id='word_1_550' title='bbox 1689 2001 1827 2036; x_wconf 87' lang='lat' dir='ltr'>nostra,</span> <span class='ocrx_word' id='word_1_551' title='bbox 1861 2003 1893 2030; x_wconf 87' lang='lat' dir='ltr'>et</span> <span class='ocrx_word' id='word_1_552' title='bbox 1921 2008 1961 2030; x_wconf 90' lang='lat' dir='ltr'>eo</span> <span class='ocrx_word' id='word_1_553' title='bbox 1982 2009 2130 2031; x_wconf 88' lang='lat' dir='ltr'>massam</span> 
     </span>
     <span class='ocr_line' id='line_1_84' title="bbox 1152 2041 2132 2088; baseline 0.006 -13"><span class='ocrx_word' id='word_1_554' title='bbox 1152 2043 1288 2086; x_wconf 86' lang='lat' dir='ltr'>generis</span> <span class='ocrx_word' id='word_1_555' title='bbox 1317 2041 1465 2077; x_wconf 91' lang='lat' dir='ltr'>humani</span> <span class='ocrx_word' id='word_1_556' title='bbox 1495 2050 1664 2088; x_wconf 89' lang='lat' dir='ltr'>perpetuo</span> <span class='ocrx_word' id='word_1_557' title='bbox 1687 2051 1719 2078; x_wconf 90' lang='lat' dir='ltr'>et</span> <span class='ocrx_word' id='word_1_558' title='bbox 1744 2044 1958 2080; x_wconf 87' lang='lat' dir='ltr'>immutabili</span> <span class='ocrx_word' id='word_1_559' title='bbox 1993 2048 2132 2081; x_wconf 86' lang='lat' dir='ltr'>foedere</span> 
     </span>
     <span class='ocr_line' id='line_1_85' title="bbox 1152 2093 2130 2137; baseline 0.005 -11"><span class='ocrx_word' id='word_1_560' title='bbox 1152 2094 1218 2127; x_wconf 88' lang='lat' dir='ltr'>tibi</span> <span class='ocrx_word' id='word_1_561' title='bbox 1236 2094 1424 2137; x_wconf 90' lang='lat' dir='ltr'>copulasti,</span> <span class='ocrx_word' id='word_1_562' title='bbox 1451 2106 1495 2127; x_wconf 86' lang='lat' dir='ltr'>ne</span> <span class='ocrx_word' id='word_1_563' title='bbox 1515 2100 1628 2128; x_wconf 89' lang='lat' dir='ltr'>totum</span> <span class='ocrx_word' id='word_1_564' title='bbox 1655 2106 1764 2137; x_wconf 87' lang='lat' dir='ltr'>genus</span> <span class='ocrx_word' id='word_1_565' title='bbox 1789 2093 1985 2131; x_wconf 90' lang='lat' dir='ltr'>humanum</span> <span class='ocrx_word' id='word_1_566' title='bbox 2008 2098 2130 2131; x_wconf 86' lang='lat' dir='ltr'>fundi-</span> 
     </span>
     <span class='ocr_line' id='line_1_86' title="bbox 1152 2143 2131 2188; baseline 0.003 -10"><span class='ocrx_word' id='word_1_567' title='bbox 1152 2151 1207 2178; x_wconf 88' lang='lat' dir='ltr'>tus</span> <span class='ocrx_word' id='word_1_568' title='bbox 1222 2144 1362 2188; x_wconf 90' lang='lat' dir='ltr'>periret.</span> <span class='ocrx_word' id='word_1_569' title='bbox 1414 2143 1486 2178; x_wconf 83' lang='lat' dir='ltr'>Nos</span> <span class='ocrx_word' id='word_1_570' title='bbox 1508 2144 1616 2188; x_wconf 88' lang='lat' dir='ltr'>igitur</span> <span class='ocrx_word' id='word_1_571' title='bbox 1630 2145 1774 2178; x_wconf 89' lang='lat' dir='ltr'>miseros</span> <span class='ocrx_word' id='word_1_572' title='bbox 1790 2153 1822 2180; x_wconf 91' lang='lat' dir='ltr'>et</span> <span class='ocrx_word' id='word_1_573' title='bbox 1841 2147 2043 2188; x_wconf 85' lang='lat' dir='ltr'>imbecilles,</span> <span class='ocrx_word' id='word_1_574' title='bbox 2071 2149 2131 2181; x_wconf 87' lang='lat' dir='ltr'>sed</span> 
     </span>
     <span class='ocr_line' id='line_1_87' title="bbox 1154 2193 2134 2241; baseline 0.005 -14"><span class='ocrx_word' id='word_1_575' title='bbox 1154 2196 1346 2239; x_wconf 88' lang='lat' dir='ltr'>pendentes</span> <span class='ocrx_word' id='word_1_576' title='bbox 1378 2195 1421 2228; x_wconf 93' lang='lat' dir='ltr'>de</span> <span class='ocrx_word' id='word_1_577' title='bbox 1452 2195 1523 2229; x_wconf 88' lang='lat' dir='ltr'>tuis</span> <span class='ocrx_word' id='word_1_578' title='bbox 1555 2193 1731 2236; x_wconf 91' lang='lat' dir='ltr'>humeris,</span> <span class='ocrx_word' id='word_1_579' title='bbox 1769 2196 1959 2231; x_wconf 87' lang='lat' dir='ltr'>clementer</span> <span class='ocrx_word' id='word_1_580' title='bbox 1981 2205 2074 2241; x_wconf 86' lang='lat' dir='ltr'>gesta</span> <span class='ocrx_word' id='word_1_581' title='bbox 2101 2205 2134 2232; x_wconf 89' lang='lat' dir='ltr'>et</span> 
     </span>
     <span class='ocr_line' id='line_1_88' title="bbox 1155 2243 1475 2281; baseline -0.006 -2"><span class='ocrx_word' id='word_1_582' title='bbox 1155 2252 1307 2281; x_wconf 82' lang='lat' dir='ltr'>servato,</span> <span class='ocrx_word' id='word_1_583' title='bbox 1349 2243 1475 2280; x_wconf 90' lang='lat' dir='ltr'>Amen.</span> 
     </span>
    </p>
   </div>
   <div class='ocr_carea' id='block_1_9' title="bbox 1473 2303 1838 2350">
    <p class='ocr_par' dir='ltr' id='par_1_12' title="bbox 1473 2303 1838 2350">
     <span class='ocr_line' id='line_1_89' title="bbox 1473 2303 1838 2350; baseline -0.003 -11"><span class='ocrx_word' id='word_1_584' title='bbox 1473 2303 1594 2344; x_wconf 78' lang='grc' dir='ltr'><em>Δόξα</em></span> <span class='ocrx_word' id='word_1_585' title='bbox 1636 2306 1694 2350; x_wconf 72' lang='grc' dir='ltr'>τῴ</span> <span class='ocrx_word' id='word_1_586' title='bbox 1733 2303 1838 2350; x_wconf 75' lang='grc' dir='ltr'><em>θεῷ.</em></span> 
     </span>
    </p>
   </div>
   <div class='ocr_carea' id='block_1_10' title="bbox 1482 2689 1528 2724">
    <p class='ocr_par' dir='ltr' id='par_1_13' title="bbox 1482 2689 1528 2724">
     <span class='ocr_line' id='line_1_90' title="bbox 1482 2689 1528 2724; baseline 0.043 -2"><span class='ocrx_word' id='word_1_587' title='bbox 1482 2689 1528 2724; x_wconf 76' lang='lat'>12</span> 
     </span>
    </p>
   </div>
  </div>
 </body>
</html>
