2379 2948
220 108 315 145 1275

807 96 932 132 PHlL.
958 92 1075 130 MEL.
1100 91 1309 128 SCRIPTA
1336 88 1636 125 EXEGETICA.

2142 89 2240 126 1276

219 195 325 233 tiam,
370 190 576 228 sanctificat,
617 185 788 229 gubernat
822 188 856 216 et
892 181 1034 214 adiuvat
1066 178 1202 222 Spiritu
1257 189 1358 215 nem,
1386 176 1533 221 perinde
1554 187 1592 208 ac
1612 176 1641 208 si
1657 172 1819 209 Christus
1843 187 1917 208 eam
1934 176 2180 216 annunciaret,
2206 182 2241 209 et

220 250 358 283 sancto,
395 249 427 275 et
460 251 524 273 nos
553 236 706 270 vicissim
736 246 815 266 vere
846 231 1064 275 agnoscimus
1088 229 1202 262 Deum

220 294 323 329 irasci
348 298 505 338 peccato,
540 295 573 322 et
597 298 677 320 vere
702 286 879 328 ignoscere
903 282 1145 320 credentibus,
1172 285 1205 311 et

223 346 426 379 invocamus
452 342 587 385 ipsum,
621 345 654 371 et
679 336 823 369 obedire
847 334 878 367 ei
904 333 1101 376 incipimus,
1154 328 1204 362 Ita

222 397 383 429 incoatur
405 393 443 424 in
468 389 690 424 credentibus
714 398 804 419 nova
831 391 863 418 et
888 391 1026 418 aeterna
1051 381 1141 417 vita,
1174 386 1206 412 et

222 446 318 479 Deus
346 449 482 488 praesto
508 442 605 474 adest
628 436 894 475 invocantibus,
927 441 960 467 et
988 431 1146 466 defendit
1170 442 1208 463 ac

222 497 366 530 adiuvat
395 505 452 526 eos
483 493 520 524 in
551 489 733 534 periculis,
765 487 828 520 etsi
855 485 1003 519 exerceri
1032 494 1089 516 eos
1114 481 1208 519 sinit,

223 547 311 581 sicut
323 542 484 579 Christus
508 541 638 586 inquit:
667 538 747 572 Non
771 537 968 581 relinquam
991 545 1053 567 vos
1077 529 1210 575 orpha-

224 608 300 632 nos.
362 595 407 628 Et
431 593 605 626 Psalmns:
641 589 832 633 Nunquam
855 587 929 619 vidi
955 586 1085 618 iustum
1107 584 1209 616 dere-

225 649 365 686 lictum,
392 656 454 677 nec
471 654 589 677 semen
608 641 681 674 eius
699 650 870 684 quaerens
887 648 1024 681 panem.

326 711 392 746 Est
409 711 515 754 igitur
531 707 730 742 benedictio
749 707 809 738 illa
827 699 1089 738 Melchisedech
1102 727 1111 741 ‚
1137 711 1211 733 non

225 767 341 808 imago
365 769 425 796 aut
447 761 571 794 umbra
587 758 791 800 Evangelii,
818 756 875 788 sed
900 761 949 788 est
967 754 1041 797 ipsa
1059 751 1212 784 admini-

228 816 349 850 stratio
373 811 557 854 Evangelii
591 809 777 842 continens
803 805 1091 850 promissionem,
1125 813 1213 846 quae

227 873 374 902 testatur
389 862 502 896 Deum
528 872 600 893 esse
622 858 817 903 propicium
837 853 999 889 Abrahae
1018 860 1050 887 et
1066 852 1213 885 auxilia-

228 926 353 952 torem.
418 911 516 945 Talis
542 909 741 943 benedictio
764 914 815 941 est
838 918 958 939 revera
984 902 1214 938 annunciatio

227 963 446 1001 remissionis
467 968 688 1006 peecatorum
710 965 742 991 et
758 957 888 1001 gratiae
904 956 1018 1001 qualis
1036 954 1214 998 praedica-

229 1026 288 1053 tur
304 1017 341 1049 in
357 1013 562 1056 Evangelio.
615 1008 661 1043 Et
678 1008 743 1042 hoc
761 1015 810 1041 est
827 1019 950 1040 verum
969 1004 1215 1043 sacerdotium,

230 1065 434 1103 concionari
460 1065 501 1097 de
526 1061 590 1095 hac
616 1061 797 1094 voluntate
815 1058 880 1092 Dei
902 1055 1113 1091 remittentis
1137 1067 1216 1099 pec—

231 1126 324 1158 cata,
353 1123 385 1149 et
403 1116 446 1148 de
465 1113 595 1147 auxilio
613 1110 692 1145 Dei.

332 1174 428 1208 Haec
450 1172 572 1206 concio
598 1170 700 1212 longe
723 1168 841 1201 differt
865 1179 883 1200 a
905 1168 990 1209 lege.
1045 1164 1133 1198 Cum
1152 1165 1218 1207 igi-

232 1236 290 1263 tur
323 1225 455 1269 inquit:
501 1217 705 1255 Secundum
741 1215 903 1251 ordinem
938 1213 1220 1256 flIelchisedeclz,

233 1277 399 1313 describit
431 1272 664 1307 sacerdotium
695 1270 778 1303 novi
805 1268 1023 1301 Testamenti
1048 1267 1219 1299 dissimile

231 1328 401 1363 Levitico.
454 1323 651 1357 Leviticnm
668 1320 775 1354 tradit
789 1320 918 1362 legem,
943 1317 1058 1360 arguit
1073 1323 1221 1360 peccata,

233 1371 402 1425 proponit
427 1373 710 1409 maledictiones,
745 1381 966 1414 nequaqnam
991 1368 1094 1401 offert
1117 1367 1221 1410 gratis

234 1427 476 1464 remissionem
504 1430 733 1468 peccatorum.
783 1419 921 1453 Deinde
944 1418 1093 1462 requirit
1109 1424 1219 1451 exter—

235 1492 300 1513 nos
318 1478 451 1519 cultus,
476 1474 588 1507 varias
606 1479 638 1504 et
654 1471 850 1514 corporales
867 1469 1081 1502 ceremonias
1098 1468 1141 1501 ad
1159 1480 1223 1511 po-

235 1531 350 1565 litiam
375 1527 473 1560 istius
499 1523 619 1568 populi
644 1522 758 1554 miles.
810 1520 879 1554 Sed
903 1526 1044 1553 econtra
1061 1519 1223 1551 sacerdo-

236 1582 327 1616 tium
352 1577 436 1610 novi
459 1573 677 1608 Testamenti
703 1572 804 1604 affert
828 1569 1128 1608 benedicti0nem,
1156 1566 1224 1601 hoc

238 1638 307 1673 est,
334 1626 576 1662 remissionem
595 1630 815 1667 peccatorum
833 1621 939 1663 gratis
956 1626 1099 1663 propter
1117 1616 1223 1652 Chri-

238 1689 349 1720 stum,
383 1686 416 1712 et
440 1675 610 1710 auxilium
635 1672 719 1712 Dei,
753 1672 791 1704 in
812 1671 970 1704 tollendo
996 1675 1160 1713 peccato,
1193 1674 1226 1702 et

238 1738 312 1767 toto
335 1741 442 1772 regno
459 1725 607 1771 peccati,
634 1730 674 1757 ut
691 1722 919 1761 adiuvemur,
947 1727 980 1753 et
995 1720 1127 1752 abolito
1144 1731 1225 1763 pec-

239 1789 314 1816 cato
327 1806 336 1819 ,
363 1780 504 1813 tandem
524 1787 588 1809 nos
606 1773 765 1808 renovati
782 1784 908 1805 novam
926 1777 959 1804 et
977 1777 1154 1804 aeternam
1171 1770 1224 1802 lu-

240 1845 331 1872 cem,
361 1837 393 1863 et
409 1829 518 1861 vitam
538 1835 805 1869 consequamur.

342 1888 437 1921 Haec
461 1892 542 1919 sunt
564 1882 728 1917 beneficia
746 1880 952 1922 Evangelii,
982 1890 1043 1913 seu
1065 1880 1226 1912 sacerdo-

241 1942 281 1976 tii
298 1937 494 1981 Evangelii,
521 1946 609 1979 qnae
624 1933 741 1966 omnia
759 1930 1002 1974 complectitur
1017 1928 1229 1970 benedictio,

243 1991 355 2037 qualis
380 1990 416 2021 in
440 1986 506 2019 hoc
527 1986 604 2018 loco
623 1982 851 2027 proponitur,
878 1993 982 2025 quam
999 1980 1109 2022 magis
1123 1980 1227 2014 intel-

242 2044 407 2085 ligemuS,
435 2038 463 2070 si
485 2034 739 2080 applicabimus
763 2033 804 2064 ad
830 2044 895 2063 nos
919 2031 1048 2074 singuli
1068 2028 1135 2064 hoc
1154 2043 1229 2063 mo-

243 2095 310 2132 do,
343 2089 525 2126 videlicet,
560 2092 598 2118 ut
629 2084 776 2116 sciamus
806 2082 919 2125 ipsum
944 2080 1125 2114 Christum
1158 2093 1230 2114 esse

243 2142 340 2177 hunc
355 2139 554 2185 pontificem
567 2162 575 2176 ,
601 2133 865 2168 benedicentem
884 2132 1007 2171 nobis,
1035 2139 1067 2165 et
1084 2132 1230 2175 promit—

245 2200 375 2228 tentem
401 2189 570 2222 anxilinm
593 2184 677 2221 Dei,
712 2183 957 2216 defendentem
986 2194 1067 2222 nos,
1096 2189 1128 2215 et
1151 2194 1230 2215 san-

246 2244 473 2279 ctificantem,
500 2245 531 2271 et
557 2235 820 2270 resuscitantem
845 2244 864 2266 a
885 2233 1043 2266 mortuis.
1095 2232 1231 2266 Admo-

246 2301 327 2327 neat
351 2292 458 2332 igitur
482 2300 547 2321 nos
571 2286 768 2329 exemplum
793 2281 898 2316 huius
924 2283 992 2315 loci
1016 2284 1059 2315 de
1079 2281 1231 2315 Melchi-

248 2341 392 2380 sedech,
420 2348 458 2374 ut
483 2349 623 2383 prorsus
648 2348 713 2368 nos
740 2335 831 2378 ipsos
849 2334 897 2366 sic
916 2333 1076 2367 benedici
1093 2345 1111 2366 a
1127 2332 1231 2367 Chri-

248 2402 300 2428 sto
327 2400 529 2427 statuamus.
583 2387 659 2420 Hoc
685 2387 711 2418 si
730 2386 969 2424 crederemus,
996 2385 1056 2416 illa
1076 2396 1158 2417 vero
1177 2385 1233 2416 in-

249 2456 332 2487 gens
357 2449 440 2476 esset
465 2439 678 2474 consolatio,
706 2437 794 2468 sicut
817 2433 909 2467 haud
928 2435 1034 2468 dubie
1052 2432 1231 2468 Abraham

250 2494 408 2536 concepit
443 2491 624 2524 mirificam
661 2486 956 2522 consolationem,
998 2493 1030 2519 et
1059 2485 1231 2519 laeticiam

249 2543 314 2577 hac
333 2543 498 2576 concione
517 2538 691 2585 pontificis
709 2534 983 2570 Melchisedech.

352 2608 488 2643 Deinde
510 2609 657 2641 sciamus
680 2605 824 2637 verbum
843 2604 956 2647 ipsum
972 2603 1157 2646 Evangelii
1173 2615 1235 2648 per

251 2672 372 2696 omnes
405 2658 602 2697 ministros,
644 2655 859 2689 annunciare
894 2652 983 2688 hanc
1014 2655 1234 2689 benedictio—

1257 226 1418 262 Christus
1437 233 1485 259 est
1504 238 1565 270 per
1585 225 1674 259 hanc
1695 226 1987 270 praedicationem
2005 227 2134 261 efficax.
2189 225 2240 260 Ita

1259 291 1380 312 omnes
1403 278 1584 312 audientes
1607 277 1885 317 absolutionem,
1910 283 1969 310 aut
1985 288 2103 309 vocem
2122 275 2242 309 Evan-

1259 329 1361 373 gelii,
1393 329 1546 372 cogitent
1575 339 1610 360 se
1639 327 1701 360 tali
1723 328 1799 360 loco
1824 334 1914 360 stare
1939 327 2028 359 sicut
2050 325 2243 367 Abraham,

1261 388 1293 414 et
1317 380 1440 413 audire
1463 390 1584 411 verum
1608 378 1809 422 pontificem
1834 378 2110 412 benedicentem.
2173 376 2243 410 Sed

1261 432 1339 464 ideo
1362 430 1433 463 rari
1457 429 1505 462 sic
1528 428 1746 467 afficiuntur,
1779 428 1868 461 sicut
1890 428 2106 461 afficiebatur
2128 425 2245 460 Abra-

1261 480 1356 521 ham,
1384 480 1464 526 qnia
1481 492 1554 512 non
1571 480 1775 523 intelligunt
1790 479 1838 512 sic
1855 480 1897 511 ad
1914 491 1947 512 se
1961 479 2134 522 pertinere
2148 477 2245 510 illam

1264 544 1404 572 vocem,
1431 531 1519 564 sicut
1544 528 1723 563 Abraham
1751 530 1923 563 statuebat
1946 530 1988 562 ad
2012 540 2047 562 se
2070 528 2246 576 pertinere

1264 581 1544 616 benedictionem
1568 578 1841 614 Melchisedech.
1911 579 1993 613 Ideo
2016 591 2090 613 non
2112 580 2248 612 addunt

1266 645 1381 666 veram
1397 633 1518 670 fidem,
1544 632 1603 664 sed
1624 631 1698 664 sine
1715 632 1788 664 ullo
1807 631 1934 665 affectu
1952 631 2113 664 audiunt.
2165 627 2249 662 Dixi

1265 685 1307 717 de
1340 681 1526 727 principali
1552 682 1862 725 interpretatione,
1897 694 2004 727 quare
2025 681 2157 714 dictum
2184 679 2248 712 sit:

1266 734 1468 768 Secundum
1483 733 1643 765 ordinem
1654 731 1925 773 Melchisedech,
1943 732 2106 766 videlicet
2120 732 2162 765 ad
2178 730 2250 763 dis-

1267 785 1482 818 cernendum
1515 782 1770 826 Evangelinm,
1806 784 1901 827 qnod
1927 782 2120 816 annunciat
2144 783 2251 814 bene-

1267 836 1458 869 dictionem
1479 846 1496 867 a
1518 834 1610 877 lege,
1637 845 1725 878 qnae
1743 833 1908 878 proponit
1924 832 2220 868 maledictionem.

1370 909 1468 944 Olim
1492 917 1627 943 tantum
1650 910 1823 944 faciebant
1845 910 2068 943 collationem
2092 916 2254 943 externo-

1270 974 1347 996 rum
1374 962 1518 995 rituum.
1573 960 1671 995 Sicut
1689 957 1951 994 Melchisedech
1976 961 2105 994 obtulit
2129 960 2253 992 vinum

1270 1020 1303 1047 et
1336 1024 1478 1057 panem,
1514 1012 1562 1045 ita
1593 1024 1689 1044 nnnc
1713 1012 1749 1044 in
1772 1023 1878 1044 coena
1900 1008 2061 1043 Domini
2082 1011 2180 1054 panis
2203 1016 2255 1043 est

1272 1063 1544 1097 communicatio
1576 1062 1733 1106 corporis
1760 1062 1924 1101 Domini,
1955 1068 1988 1095 et
2019 1061 2140 1093 vinum
2173 1072 2255 1093 san-

1271 1114 1399 1157 guinis.
1450 1112 1545 1146 Haec
1568 1114 1635 1146 fuit
1659 1113 1797 1147 collatio
1815 1119 1928 1146 sumta
1947 1112 1990 1145 ab
2009 1118 2152 1144 externo
2169 1111 2254 1145 ritu.

1271 1165 1343 1198 Nos
1366 1171 1481 1197 autem
1506 1170 1606 1196 antea
1628 1164 1861 1201 contulimus,
1889 1175 1960 1195 non
1980 1169 2141 1195 externos
2158 1161 2258 1202 ritus,

1273 1216 1330 1248 sed
1364 1214 1575 1258 principales
1604 1221 1720 1258 partes
1750 1214 1952 1253 sacerdotii,
1986 1214 2019 1246 id
2052 1220 2121 1253 est,
2154 1212 2258 1257 quale

1274 1266 1441 1304 verbum,
1475 1271 1508 1297 et
1537 1277 1625 1309 qnae
1652 1265 1819 1297 beneficia
1843 1265 1914 1297 sint
1937 1263 2120 1308 utriusque
2146 1275 2259 1296 sacer-

1274 1315 1373 1349 dotii.
1438 1314 1533 1348 Haec
1562 1315 1766 1358 principalis
1789 1315 1928 1347 collatio
1953 1315 2104 1357 primum
2131 1321 2180 1346 est
2206 1319 2258 1346 te·-

1275 1367 1411 1406 nenda,
1451 1372 1484 1398 et
1513 1366 1555 1398 de
1579 1363 1644 1397 hac
1666 1365 1825 1409 loquitur
1847 1362 2034 1407 Propheta.
2088 1363 2183 1397 Haec
2210 1370 2260 1397 est

1274 1417 1371 1449 utilis
1395 1415 1638 1455 conscientlis‚
1673 1422 1703 1448 et
1728 1415 1879 1448 illustrat
1900 1413 2147 1456 Evangelium.
2206 1413 2260 1447 De

1277 1466 1465 1500 collatione
1486 1467 1619 1499 rituum
1645 1463 1737 1498 nihil
1756 1478 1844 1509 opus
1865 1472 1914 1499 est
1933 1465 2022 1505 dici,
2050 1472 2081 1497 et
2098 1472 2214 1499 tamen
2231 1465 2261 1497 si

1277 1517 1355 1562 quis
1372 1515 1462 1549 hanc
1481 1528 1621 1561 quoqne
1638 1516 1788 1549 adiicere
1804 1516 1896 1556 vult,
1923 1516 2004 1549 satis
2022 1515 2193 1548 concinna
2212 1522 2262 1549 est

1277 1567 1453 1610 allegoria.
1504 1565 1685 1600 Exercitui
1709 1566 1798 1599 sesso
1822 1578 1910 1610 opus
1929 1573 2001 1600 erat
2020 1566 2098 1598 cibo
2117 1572 2150 1599 et
2164 1572 2262 1610 potu,

1279 1619 1357 1650 ideo
1381 1617 1533 1650 occurrit
1557 1617 1693 1650 vicinus
1716 1617 1878 1661 princeps
1899 1624 1931 1650 et
1951 1617 2122 1660 pontifex,
2149 1623 2183 1650 et
2200 1618 2263 1649 ad-

1277 1669 1345 1701 fert
1370 1667 1440 1700 illis
1464 1667 1580 1699 cibum
1607 1673 1639 1700 et
1663 1674 1803 1710 potum,
1831 1669 1873 1700 ad
1899 1668 2085 1701 reficienda
2105 1679 2263 1712 corpora.

1278 1718 1373 1751 Haec
1390 1724 1439 1751 est
1457 1718 1492 1749 in
1511 1715 1656 1751 historia
1675 1730 1756 1750 vera
1775 1725 1807 1751 et
1822 1718 1969 1762 simplex
1985 1718 2169 1752 sententia.

1382 1792 1421 1827 Si
1446 1793 1524 1837 quis
1549 1800 1663 1826 autem
1685 1794 1728 1826 de
1743 1794 1923 1827 oblatione
1941 1801 2092 1838 pugnat,
2118 1807 2192 1828 non
2210 1806 2266 1828 re-

1281 1845 1404 1878 clamo.
1467 1841 1640 1876 Existimo
1672 1850 1706 1877 et
1737 1856 1798 1887 ego
1833 1846 1995 1878 sumsisse
2029 1842 2265 1878 Melchisede-

1282 1893 1407 1935 chum,
1434 1895 1544 1927 veteri
1569 1906 1685 1934 more,
1713 1902 1846 1938 partem
1869 1896 1969 1939 panis
1991 1902 2023 1928 et
2046 1896 2138 1935 vini,
2162 1902 2197 1929 et
2220 1896 2266 1928 li-

1282 1947 1399 1985 basse,
1434 1945 1469 1977 id
1495 1952 1563 1984 est,
1596 1945 1775 1978 oblatione
1797 1946 1885 1980 facta
1909 1946 2017 1989 egisse
2038 1946 2164 1989 gratias
2189 1945 2266 1979 Deo

1283 2009 1346 2040 pro
1369 1995 1534 2035 victoria,
1562 2008 1626 2040 pro
1653 1996 1728 2040 ipso
1751 1996 1848 2035 cibo,
1875 2003 1908 2029 et
1933 2008 1995 2040 pro
2020 1997 2185 2030 omnibus
2204 1997 2267 2030 he-

1282 2046 1426 2080 neficiis.
1488 2045 1554 2079 Hic
1587 2058 1661 2080 mos
1691 2047 1756 2080 fnit
1789 2046 1937 2080 usitatus
1967 2048 2137 2090 patribus,
2196 2046 2267 2081 Sed

1283 2109 1356 2130 non
1380 2103 1429 2130 est
1453 2097 1707 2140 affingendum,
1735 2099 1828 2142 quod
1857 2095 1940 2130 haec
1964 2098 2156 2140 gratiarum
2177 2099 2268 2132 actio

1284 2148 1389 2182 suerit
1411 2148 1618 2180 sacrificium
1646 2148 1892 2191 applicandum
1917 2160 1981 2192 pro
2006 2149 2102 2188 aliis,
2130 2156 2169 2183 ut
2194 2161 2268 2182 me-

1284 2206 1420 2232 reretur
1449 2198 1498 2230 eis
1523 2198 1764 2231 remissionem
1790 2205 2029 2242 peccatorum,
2064 2206 2097 2233 et
2123 2200 2268 2245 quidem

1286 2262 1325 2283 ex
1353 2261 1457 2293 opere
1486 2255 1640 2293 operato.
1694 2248 1825 2282 Verum
1857 2250 2048 2292 gratiarum
2075 2251 2164 2284 actio
2196 2258 2270 2284 erat

1286 2312 1373 2344 opus
1397 2299 1494 2339 fidei,
1522 2311 1594 2332 non
1618 2311 1681 2342 pro
1706 2299 1784 2332 aliis
1807 2301 1944 2333 valens:
1973 2302 2029 2334 sed
2056 2302 2214 2345 placebat
2230 2301 2269 2333 in

1286 2352 1372 2391 isto,
1398 2357 1563 2395 tanquam
1583 2350 1620 2382 in
1637 2350 1862 2384 reconciliato
1879 2358 2021 2396 propter
2035 2352 2153 2392 fidem,
2180 2352 2270 2384 sicut

1287 2402 1396 2445 ipsius
1418 2400 1560 2444 propria
1582 2401 1764 2434 confessio.
1818 2401 2125 2444 Quemadmodum
2144 2408 2269 2435 notum

1287 2459 1336 2485 est
1362 2452 1549 2484 discrimen
1570 2451 1662 2484 inter
1680 2452 1886 2485 sacrificium
1903 2453 2209 2496 propiciatorium,
2237 2459 2271 2487 et

1287 2499 1554 2547 edxaptormov.
1592 2501 1629 2535 Si
1646 2500 1712 2535 hoc
1728 2504 1832 2536 modo
1849 2505 2047 2536 conferatur
2062 2504 2104 2536 ad
2123 2515 2269 2536 coenam

1285 2552 1433 2586 Domini
1450 2550 1541 2585 nihil
1558 2559 1605 2585 est
1625 2553 1852 2589 incommodi.
1904 2553 2004 2588 Certe
2018 2555 2055 2586 in
2073 2566 2178 2587 coena
2195 2553 2270 2587 Do-

1287 2604 1375 2636 mini
1398 2604 1435 2636 fit
1458 2603 1674 2637 sanctissima
1694 2604 1835 2643 libatio,
1860 2602 1926 2638 hoc
1945 2611 2012 2642 est,
2039 2611 2175 2647 gustato
2192 2616 2269 2638 cor-

1288 2667 1372 2699 pore
1389 2661 1422 2688 et
1438 2656 1607 2698 sanguine
1616 2653 1780 2696 Domini,
1803 2655 1938 2698 agimus
1952 2655 2080 2698 gratias
2097 2667 2159 2699 pro
2174 2662 2270 2689 tanta
