2379 2948
95 55 189 91 1281

95 141 223 173 nifesto
256 140 387 173 verbo:
425 138 626 184 Applicatio
653 137 785 171 Missae
816 138 954 171 nullum
984 135 1090 171 habet

95 192 322 231 mandatum,
364 191 423 224 sed
454 197 592 224 tantum
618 189 750 232 singuli
774 189 942 222 iubentur
966 201 1029 233 pro
1054 199 1089 221 se

94 241 167 282 uti,
195 242 238 274 ad
261 242 539 275 confirmandam
557 241 736 285 propriam
758 240 873 273 fidem.
914 239 1007 283 Ergo
1026 252 1089 284 ap—

94 292 239 336 plicatio
266 299 316 326 est
343 292 525 332 idolatria,
553 291 678 325 Minor
701 297 749 324 est
773 290 957 323 manifesta
976 303 1015 323 ex
1032 291 1087 323 in-

93 343 299 382 stitutione,
329 343 411 388 quia
429 342 605 376 institutio
623 354 695 375 non
714 342 811 375 iubet
828 353 890 384 pro
908 341 986 374 aliis
1002 341 1087 374 fieri.

92 393 168 428 Imo
194 401 244 428 est
268 394 381 427 utenti
405 393 592 438 applicatio
617 393 701 425 novi
726 391 964 432 Testamenti,
998 392 1085 425 sicut

93 445 142 478 ait
167 452 296 478 textus:
325 443 394 477 Hic
415 451 466 477 est
488 443 577 476 calix
603 443 687 476 novi
712 442 940 477 Testamenti.
993 442 1082 475 Nam

93 495 257 529 Christus
282 502 446 536 testatur,
481 494 575 539 quod
601 506 663 538 per
687 491 781 527 hunc
806 493 947 526 calicem
971 494 1084 537 appli-

93 553 166 586 cet,
199 553 233 579 et
262 543 424 579 exhibeat
455 545 625 589 promissa
659 544 696 577 in
723 557 816 578 novo
840 543 1079 578 Testamento.

91 596 200 638 igitur
216 608 289 629 non
308 603 358 629 est
373 596 561 641 applicatio
578 608 642 640 pro
661 596 757 634 aliis,
785 595 852 628 nisi
871 607 935 639 pro
953 602 1082 628 utente.

90 645 145 680 Ex
177 644 231 679 his
262 647 445 681 manifeste
473 654 636 692 apparet,
671 648 766 692 quod
791 646 901 679 Missa
935 658 1007 679 non
1038 646 1080 679 sit

90 709 179 742 opus
201 698 450 742 applicandum
475 711 538 742 pro
562 698 660 738 aliis,
689 698 761 731 sive
780 710 819 730 ex
835 709 941 741 opere
957 709 1080 740 opera-

89 755 137 789 to,
164 748 237 781 sive
254 749 366 783 aliter.
413 748 532 792 Quare
551 761 772 794 nequaquam
792 755 842 782 est
858 748 1080 787 sacrificium,

90 799 179 833 sicut
203 800 395 833 adversarii
423 802 662 840 contendunt,
696 800 756 845 qui
783 799 861 832 ideo
886 800 1079 832 defendunt

89 861 163 883 esse
191 851 419 893 sacrificium,
455 852 536 897 quia
562 851 605 885 sit
629 862 718 896 opus
742 850 993 895 applicandum
1017 862 1079 894 pro

88 901 177 935 aliis.

190 959 367 994 Refutatis
391 958 445 994 his
470 961 669 999 erroribus,
696 967 814 1004 postea
834 960 935 993 facile
953 965 1002 992 est
1022 959 1077 992 in-

87 1011 245 1055 telligere
275 1012 353 1056 quis
377 1013 421 1045 sit
444 1023 546 1044 verus
572 1024 656 1045 usus
680 1024 807 1045 coenae
830 1008 1008 1049 Domini,
1046 1017 1078 1043 et
1104 1031 1108 1037 -

87 1069 259 1107 quatenus
297 1063 342 1096 sit
374 1059 644 1096 eucharisticum
673 1063 881 1096 sacrificium
913 1067 1106 1106 cuiusquei

87 1113 231 1148 utentis.
283 1112 386 1148 Unus
407 1120 457 1147 est
481 1114 690 1157 principalis
714 1125 798 1147 usus
822 1121 854 1148 et
878 1113 958 1146 finis
985 1124 1078 1145 cere-

89 1164 249 1203 moniae,
277 1164 341 1198 etsi
358 1164 451 1197 enim
472 1172 619 1208 possunt
639 1165 800 1198 accedere
816 1164 944 1196 deinde
961 1164 1078 1207 plures

86 1214 172 1248 fines
202 1227 275 1247 non
309 1221 505 1259 pugnantes
529 1227 607 1248 cum
631 1216 699 1248 fine
724 1215 932 1259 principali,
966 1225 1076 1247 unum

86 1272 205 1299 tamen
221 1266 452 1310 principalem
471 1277 542 1299 esse
559 1278 696 1299 necesse
715 1273 776 1300 est.

189 1332 310 1375 Quare
334 1331 476 1366 Coenae
501 1333 655 1366 Domini
679 1332 885 1377 principalis
909 1343 993 1365 usus
1017 1337 1077 1370 est,

85 1383 137 1417 uti
161 1389 331 1428 tanquam
348 1382 597 1422 Sacramento,
623 1381 690 1416 hoc
709 1390 779 1426 est,
806 1383 954 1423 sentire,
982 1382 1075 1426 quod

85 1434 130 1467 sit
161 1434 422 1474 testimonium,
458 1447 527 1479 quo
559 1431 720 1468 Christus
744 1440 891 1467 testatur
916 1445 951 1466 se
973 1432 1077 1465 nobis

85 1482 268 1525 exhibere,
297 1492 329 1519 et
352 1485 527 1529 applicare
552 1485 721 1518 beneficia
745 1485 828 1517 novi
848 1483 1078 1524 Testamenti,

85 1542 119 1569 et
136 1533 204 1569 hoc
219 1536 422 1569 testimonio
441 1536 615 1569 admoniti
632 1537 774 1569 credere
792 1536 970 1575 debemus,
997 1546 1077 1567 vere

84 1587 189 1620 nobis
207 1587 335 1620 donari
353 1587 412 1620 illa
431 1587 600 1620 beneficia
616 1593 760 1631 propter
776 1584 969 1620 Christum.

187 1653 269 1687 Non
289 1653 397 1697 igitur
415 1654 556 1697 prodest
573 1665 661 1697 opus
677 1653 792 1696 ipsum
811 1653 886 1685 sine
902 1653 987 1693 fide,
1014 1664 1077 1685 nec

85 1705 229 1750 prodest
245 1717 308 1748 pro
325 1705 422 1745 aliis,
451 1705 509 1737 sed
525 1705 614 1737 sicut
633 1705 740 1737 verbo
755 1702 821 1736 Dei
833 1730 841 1743 ,
868 1703 913 1736 ita
930 1701 996 1736 hoc
1013 1702 1074 1737 Sa-

85 1762 265 1789 cramento
290 1767 387 1788 suam
406 1755 555 1800 quisque
571 1755 674 1788 fidem
693 1755 871 1788 exuscitet.

84 1856 296 1901 Principalis
319 1857 412 1889 enim
431 1857 629 1890 recordatio
647 1854 781 1890 Christi
798 1862 865 1897 est,
891 1867 1078 1899 agnoscere

85 1907 160 1941 eius
177 1908 363 1946 beneficia,
391 1915 424 1941 et
442 1920 480 1941 ea
501 1908 568 1941 fide
585 1907 753 1951 accipere.

190 1966 313 2000 Postea
344 1968 516 2000 accedunt
546 1973 579 1999 et
609 1965 670 1999 alii
701 1966 799 2000 fines.

86 2117 154 2152 hoc
183 2119 354 2153 immenso
377 2126 410 2153 et
435 2119 608 2152 ineffabili
633 2119 803 2152 beneficio
827 2119 952 2162 gratias
976 2130 1076 2162 agere

87 2171 273 2211 debemus,
306 2177 340 2203 et
369 2171 526 2204 confiteri
555 2171 658 2204 fidem
684 2176 861 2209 nostram,
899 2177 931 2203 et
954 2177 1075 2203 nostro
1100 2197 1102 2207 ,

87 2221 247 2265 exemplo
282 2221 370 2254 alios
401 2221 552 2255 invitare
583 2228 617 2255 et
646 2221 864 2255 confirmare.
930 2220 1075 2255 Constat

860 1965 956 1999 Idem
988 1979 1008 1999 o
1037 1977 1076 1998 us
1101 1976 1103 1979 ’
1380 1997 1387 2003 .
1420 1997 1427 2004 .
1457 1997 1463 2003 .
1583 1996 1590 2002 .
1808 1995 1814 2001 .
1967 1994 1973 2000 .

87 2029 215 2050 coenae
241 2018 390 2051 Domini
421 2019 457 2051 fit
491 2017 681 2061 gratiarum
713 2017 802 2050 actio
834 2024 867 2051 et
891 1978 1074 2050 confesEio.
1100 2017 1103 2045 ἴ
1129 2009 1257 2055 mesum
1282 1995 1428 2030 D⁰m¹¹¹¹
1451 2008 1491 2054 ‚¹¹¹
1515 1995 1697 2039 seminum
1725 1996 1874 2028 “adnm
1901 2002 2030 2037 Parnes
2054 2006 2118 2037 pro

85 2067 176 2102 Cum
209 2069 303 2101 enim
329 2070 504 2102 credimus
528 2069 632 2101 nobis
658 2068 790 2101 remitti
819 2076 975 2112 peccata,
1013 2079 1074 2111 pro
1101 2081 1102 2087 ¹
1129 2060 1293 2081 unwersa
1323 2046 1493 2082 ECCI⁰⁵¹³’

720 52 780 88 IX.
833 48 1197 88 COMMENTARH
1224 49 1274 84 IN
1300 48 1546 88 PSALMOS.

1102 1733 1105 1754 l

925 1754 1010 1786 Ideo
1030 1754 1075 1786 ait
1102 1777 1103 1784 1

84 1804 264 1840 Christus:
296 1805 372 1839 Hoc
401 1807 505 1839 facite
535 1806 572 1838 in
602 1805 670 1837 mei
695 1805 1077 1838 commemorationem.
1101 1802 1104 1838 ἷ
1130 1795 1223 1838 (Ιῦοἀ
1256 1804 1345 1837 Opus
1374 1793 1462 1826 illssd
1489 1799 1665 1825 meremur
1689 1792 1933 1825 remiSSionem
1958 1797 2119 1833 peccato·

1101 1843 1103 1860 ε

1101 1864 1104 1890 Ι

1100 1998 1103 2011 l

1100 2107 1102 2133 1

88 2278 205 2306 autem
234 2272 425 2315 gratiarum
455 2273 627 2306 actionem
659 2279 691 2306 et
723 2273 979 2305 confessionem
1004 2283 1075 2304 esse
1101 2280 1102 2294 ³

87 2323 203 2357 cultus
225 2321 312 2364 Dei,
339 2335 427 2368 quos
450 2334 550 2367 saepe
574 2323 744 2368 praecipit
769 2323 963 2366 Scriptura.

89 2381 122 2408 et
137 2374 210 2418 ipsa
227 2374 312 2407 fides
328 2375 442 2408 cultus
459 2374 679 2418 praecipuus,
706 2387 775 2419 quo
795 2374 985 2408 tribuimus
1003 2373 1076 2407 Deo

87 2422 260 2458 honorem
293 2437 491 2466 summum,
525 2426 618 2470 quod
650 2425 696 2459 sit
723 2424 837 2465 Deus,
872 2426 967 2471 quod
997 2437 1078 2457 vere

90 2476 273 2517 exaudiat,
313 2477 408 2521 quod
441 2482 590 2520 praestet
624 2477 812 2519 promissa,
846 2485 885 2510 ut
914 2476 1021 2511 Rom.
1047 2475 1077 2509 4.

89 2527 259 2571 scriptum
292 2535 357 2561 est:
394 2526 492 2561 Dans
520 2527 667 2569 gloriam
692 2525 779 2562 Deo.
843 2527 894 2562 lta
926 2528 963 2561 fit
996 2539 1079 2561 usus

144 2682 319 2713 Mnaxru.
351 2684 453 2715 Ocra.
479 2682 561 2712 VoL.
592 2680 684 2711 XIII.

1016 2322 1075 2355 Est
1101 2319 1103 2352 't

2044 51 2141 87 1282

1143 149 1221 170 rum
1252 136 1359 175 actio,
1395 143 1430 170 et
1453 136 1640 170 confessio:
1669 142 1886 184 concurrunt
1912 137 2006 170 enim
2030 137 2135 171 multi

1141 188 1227 220 fines
1244 187 1351 220 unius
1368 189 1501 231 operis,
1526 189 1585 221 sed
1605 199 1676 221 non
1695 194 1892 231 pugnantes
1910 187 2001 222 inter
2018 201 2061 222 se.

1242 251 1400 298 Exposui
1419 256 1598 299 quomodo
1617 255 1676 287 fiat
1692 254 1912 289 sacrificium.
1954 253 2023 287 Sed
2044 254 2131 287 illud

1141 302 1198 337 hic
1216 311 1308 338 certe
1325 307 1518 338 tenendum
1535 313 1603 344 est,
1632 317 1853 350 nequaquam
1871 302 1938 338 hoc
1957 316 2044 348 opus
2061 316 2132 337 esse

1139 356 1366 396 sacrificium,
1408 356 1477 388 nisi
1507 357 1689 399 praecedat
1720 356 1927 399 principalis
1958 355 2057 395 finis,
2099 362 2132 389 et

1139 408 1278 439 accedat
1302 406 1404 447 fides,
1433 413 1466 439 et
1490 418 1569 439 vera
1589 407 1780 448 gratiarum
1798 407 1898 439 actio.
1951 405 2046 449 Quia
2065 418 2129 439 no-

1139 469 1221 490 vum
1239 457 1506 490 Testamentum
1531 458 1627 489 nulla
1654 455 1759 490 habet
1784 457 1952 490 sacrificia
1976 457 2129 490 valentia

1138 520 1177 541 ex
1201 520 1306 552 opere
1330 515 1485 551 operato.
1538 505 1700 541 Christus
1717 508 1811 540 enim
1828 508 1960 553 inquit:
1986 505 2128 541 Adora-

1136 559 1225 592 bunt
1251 565 1383 602 patrem
1409 559 1447 591 in
1471 558 1597 601 spiritu
1622 566 1654 592 et
1676 559 1841 598 veritate,
1873 559 1908 591 id
1934 565 2002 599 est,
2037 559 2127 591 veris

1137 611 1290 643 motibus
1313 609 1444 643 cordis.
1496 607 1541 641 Et
1558 621 1690 642 novum
1708 608 1975 642 Testamentum
1994 616 2043 642 est
2061 610 2128 642 do-

1136 661 1232 693 natio
1267 668 1428 694 aeternae
1460 660 1618 694 iusticiae
1649 666 1680 692 et
1711 660 1812 692 vitae.
1876 658 1996 701 Quare
2023 657 2127 693 habet

1137 718 1301 755 perpetua
1336 711 1490 754 Spiritus
1519 710 1707 750 sacrificia,
1748 710 1965 752 agnitionem
1997 708 2064 742 Dei
2095 716 2127 744 et

1134 763 1435 805 glorificationem.

1236 820 1288 853 Ex
1317 818 1373 854 his
1404 821 1626 865 perspicuum
1654 826 1723 860 est,
1756 831 1828 851 non
1853 819 1996 851 differre
2022 830 2124 852 usum

1134 884 1262 905 coenae
1281 869 1443 904 Domini
1465 872 1502 904 in
1531 871 1700 905 Ministro
1724 867 1901 902 Ecclesiae
1925 876 1957 902 et
1981 870 2125 913 populo,

1134 921 1178 957 Et
1195 924 1324 967 pariter
1344 923 1552 956 Ministrum
1570 929 1603 956 et
1621 921 1792 966 populum
1812 921 1861 954 uti
1880 928 2046 964 tanquam
2059 920 2124 954 Sa-

1133 980 1332 1013 eramento,
1366 973 1533 1018 Utrisque
1566 973 1698 1016 pariter
1730 978 1876 1005 testatur
1909 968 2068 1004 exhiberi
2092 977 2124 1005 et

1133 1025 1300 1068 applicari
1319 1025 1484 1057 beneficia
1499 1025 1581 1057 novi
1595 1023 1825 1057 Testamenti.
1866 1021 2003 1055 Pariter
2018 1022 2123 1055 etiarn

1133 1076 1300 1109 Ministro
1329 1083 1361 1109 et
1392 1076 1522 1119 populo
1546 1075 1583 1108 fit
1607 1073 1836 1116 sacrificium,
1882 1085 1960 1105 cum
1985 1073 2123 1106 addunt

1134 1127 1251 1166 fidem,
1273 1127 1466 1169 gratiarum
1483 1126 1671 1165 actionem,
1696 1131 1729 1158 et
1743 1123 2010 1158 confessionem.
2051 1123 2122 1157 Sed

1134 1177 1300 1210 Minister
1323 1190 1362 1209 eo
1387 1177 1505 1209 differt
1531 1190 1548 1209 a
1574 1176 1724 1220 populo,
1757 1176 1837 1219 quia
1866 1175 1939 1217 ipse
1961 1174 2122 1218 porrigit,

1131 1228 1218 1261 sicut
1237 1227 1423 1271 Baptisans
1442 1227 1560 1260 differt
1577 1240 1593 1259 a
1612 1226 1813 1270 Baptisato‚
1839 1226 1897 1258 sed
1916 1232 2031 1258 tamen
2051 1237 2121 1258 una

1132 1291 1209 1311 cum
1230 1279 1393 1322 pluribus
1411 1278 1502 1310 vesci
1522 1277 1689 1310 Minister
1706 1283 1831 1321 potest.

1236 1335 1367 1369 Verum
1394 1335 1586 1368 adversarii
1612 1335 1723 1367 nostri
1747 1334 1953 1366 discernunt
1976 1345 1996 1365 a
2019 1345 2121 1365 man-

1131 1387 1319 1419 ducatione
1343 1386 1580 1426 oblationem,
1606 1392 1638 1419 et
1663 1384 1804 1429 proprie
1829 1391 1952 1429 putant
1969 1384 2122 1416 oblatio-

1132 1449 1212 1470 nem
1231 1448 1303 1470 esse
1321 1437 1543 1470 sacrificium.
1595 1435 1690 1469 Haec
1708 1435 1830 1480 opinio
1848 1446 1952 1478 supra
1971 1434 2122 1468 refutata

1130 1496 1180 1522 est
1208 1495 1240 1522 et
1269 1489 1371 1521 facile
1403 1487 1547 1521 refuzari
1578 1494 1709 1531 potest,
1744 1486 1772 1519 si
1803 1486 1881 1531 quis
1912 1485 2121 1526 consideret,

1130 1540 1216 1584 quid
1240 1540 1349 1572 velint
1369 1551 1440 1572 esse
1458 1539 1553 1571 illam
1572 1538 1807 1578 oblationem,
1835 1536 2016 1574 videlicet,
2045 1536 2120 1569 cul-

1130 1597 1204 1622 tum
1224 1591 1458 1623 necessarium
1479 1590 1515 1622 iu
1532 1588 1706 1627 Ecclesia,
1736 1595 1768 1621 et
1786 1588 1928 1633 quidem
1945 1599 2010 1634 pro
2029 1587 2120 1620 vivis

1130 1653 1168 1673 ac
1193 1641 1354 1676 mortuis.
1408 1640 1556 1674 Dictum
1582 1646 1631 1673 est
1656 1647 1772 1672 autem
1799 1650 1922 1683 supra,
1956 1638 2051 1682 quod
2076 1638 2119 1672 sit

1130 1692 1353 1725 idolatricum
1365 1719 1372 1731 ‚
1400 1691 1584 1725 instituere
1600 1703 1731 1723 novum
1748 1684 1901 1729 cultum,
1929 1688 2004 1721 sine
2018 1701 2120 1721 man-

1130 1744 1210 1775 dato
1233 1742 1314 1775 Dei.
1368 1740 1414 1776 Et
1438 1742 1548 1775 multo
1573 1741 1686 1774 maior
1710 1741 1871 1784 impietas
1894 1746 1962 1780 est,
1989 1740 2120 1782 fingere

1130 1857 1206 1877 rum
1241 1844 1330 1876 vivis
1361 1851 1395 1878 et
1426 1844 1585 1878 mortuis.
1640 1842 1734 1875 Haec
1759 1849 1791 1876 et
1813 1841 1960 1885 gloriam
1985 1838 2118 1874 Christi

1129 1896 1306 1935 obruunt,
1342 1902 1374 1928 et
1401 1901 1561 1938 pugnant
1586 1906 1665 1927 cum
1690 1894 1777 1933 fide,
1810 1900 1849 1926 ut
1874 1904 1976 1935 supra
2000 1900 2118 1924 osten-

1129 1959 1205 1979 sum
1237 1952 1300 1978 est.
1378 1945 1602 1980 Retinendus
1635 1951 1684 1977 est
1717 1944 1824 1986 igitur
1856 1943 2003 1986 simplex
2036 1954 2119 1975 usus

1551 2045 1597 2079 Et
1630 2047 1832 2079 detestanda
1866 2050 1915 2078 est
1946 2044 2118 2087 impietas,

1129 2100 1222 2143 quod
1243 2111 1356 2132 novus
1377 2099 1491 2132 cultus
1511 2098 1712 2137 institutus,
1742 2095 1971 2140 applicandus
1989 2101 2037 2128 est
2053 2107 2117 2139 pro

1128 2151 1221 2191 aliis,
1249 2157 1312 2184 etc.

1231 2210 1326 2243 Haec
1343 2210 1385 2242 de
1402 2208 1511 2242 Missa
1531 2207 1685 2241 breviter
1701 2206 1830 2246 adieci,
1856 2217 1935 2239 cum
1952 2217 2056 2252 supra
2074 2206 2117 2238 de

1130 2261 1324 2295 sacerdotio
1348 2261 1479 2293 dictum
1498 2265 1604 2297 esset,
1632 2265 1672 2291 ut
1690 2257 1844 2300 vulgaris
1859 2268 1958 2289 error
1973 2256 2118 2289 tollatur

1129 2313 1290 2352 illorum,
1324 2311 1384 2356 qui
1417 2316 1542 2354 putant
1575 2310 1796 2342 sacerdotum
1826 2307 2011 2351 proprium
2046 2318 2119 2340 esse

1130 2364 1226 2396 illam
1253 2363 1481 2395 oblationem.
1535 2359 1631 2392 Haec
1657 2359 1779 2403 opinio
1805 2359 1935 2391 abusus
1959 2358 2120 2401 ingentes

1130 2421 1162 2448 et
1180 2413 1413 2457 multiplicem
1432 2411 1632 2444 idolatriam
1650 2410 1797 2454 peperit.

1233 2471 1480 2506 Commoratus
1504 2482 1580 2503 sum
1607 2469 1644 2502 in
1668 2467 1733 2502 hoc
1753 2469 1830 2502 loco
1848 2469 1890 2500 de
1906 2468 2119 2501 sacerdotio:

1103 2531 1105 2541 ⁴
1130 2524 1358 2559 utilissimum
1385 2522 1479 2555 enim
1506 2527 1557 2554 est
1580 2521 1647 2564 piis
1669 2527 1759 2553 recte
1785 2519 1998 2562 intelligere,
2033 2519 2119 2564 quid

89 2589 218 2611 coenae
234 2576 382 2611 Domini
399 2577 627 2617 sacrificium,
654 2577 690 2610 id
709 2584 781 2621 est,
806 2590 894 2623 opus
912 2591 982 2624 quo
1000 2580 1079 2611 red-
1103 2568 1106 2613 l
1131 2578 1175 2610 sit
1207 2573 1440 2608 sacerdotium
1455 2598 1463 2613 ‚
1508 2578 1540 2605 et
1573 2583 1658 2616 quas
1688 2568 1816 2604 habeat
1848 2570 2120 2614 praerogativas-

91 2629 189 2662 ditur
205 2626 321 2663 honos
337 2628 432 2670 Deo,
460 2641 538 2663 cum
557 2629 727 2663 accedunt
743 2628 804 2663 illa
820 2630 906 2663 fides
918 2657 927 2671 ,
954 2629 1080 2673 gratia·
1103 2624 1108 2675 ζ
1133 2627 1263 2670 Magna
1280 2624 1373 2658 enim
1391 2623 1585 2658 consolatio
1601 2628 1650 2655 est
1668 2621 1874 2665 intelligere,
1900 2623 1992 2666 quod
2011 2621 2121 2654 simus

1570 2674 1615 2707 81
