2379 2948
179 96 253 130 825
782 87 904 123 PfflL.
932 85 1050 122 MEL.
1079 84 1286 122 SCRIPTA
1316 83 1617 120 EXEGETtCA.
2136 84 2210 118 824

438 616 492 656 V.
559 615 623 657 IN
669 610 993 655 DANIELEM
1039 607 1413 650 PROPHETAM
1459 606 1960 661 COMMENTARIUS,

707 705 832 728 EDl'rUs
859 705 881 726 A
908 701 1071 726 PHILIPPO
1097 699 1358 724 MELANTHONE.
1394 698 1490 722 ANNO
1516 698 1687 723 M.D.Xtht.

271 796 410 833 (Primum
434 793 503 820 Mel.
528 791 617 819 edidit
641 791 855 818 enarrationem
880 788 1008 815 Danielis
1032 787 1071 814 sic
1095 787 1278 823 inscriptam:
1308 785 1463 821 „Danielis
1487 785 1644 812 enarratio.
1688 782 1833 811 Praefatio
1856 784 1892 811 ad
1916 784 2026 821 Regem
2051 783 2214 812 Fer-dinan-

318 838 395 864 dum.
439 834 568 862 Authore
591 833 665 861 Phil.
689 831 866 860 Melanclith.
897 831 1052 868 Haganoae
1075 829 1153 866 apud
1175 829 1217 856 J0.
1242 828 1392 855 Secerium
1416 826 1536 855 1529.”
1566 826 1594 855 8.
1619 842 1660 846 —
1705 825 1920 854 Praefationem
1943 827 1979 854 ad
2002 827 2117 864 Regem
2139 827 2213 855 Fer-

313 877 470 906 dinandum
502 876 634 904 dedimus
664 884 750 912 supra
776 876 805 901 in
829 873 964 909 Epistolis
987 872 1051 899 vol.
1070 872 1090 897 l.
1117 881 1146 907 p.
1164 869 1254 899 1051.
1280 885 1320 890 --
1364 870 1483 898 Librum
1508 870 1600 906 ipsum
1624 878 1680 896 non
1704 868 1778 903 vidi,
1815 876 1912 904 neque
1936 868 2005 896 vidit
2025 869 2108 896 illum
2131 869 2214 897 Stro-

313 921 420 956 belius,
461 927 575 955 neque,
605 918 681 955 quod
704 917 808 952 miror,
838 924 956 942 recusus
980 920 1023 942 est
1046 915 1072 940 in
1098 913 1293 940 Melantlionis
1317 922 1385 949 opp.
1410 913 1497 939 Basil.
1528 927 1565 932 -
1610 911 1716 938 Postea
1737 919 1764 937 a.
1791 908 1884 937 1543.
1920 910 2090 938 Melanthon
2114 911 2143 938 in
2167 911 2214 939 lu-

312 971 374 990 cem
406 962 482 989 misit
511 961 675 988 uberiorem
699 959 829 987 Danielis
860 958 1092 984 enarrationem:
1128 955 1189 990 „In
1210 955 1364 983 Danielem
1386 955 1563 991 Prophetam
1585 953 1816 981 Commentarius
1846 952 1940 980 editus
1961 961 1978 979 a
2000 952 2076 980 Phil.
2100 953 2215 981 Melan—

312 1005 401 1032 thone
424 1013 499 1032 anno
526 1001 617 1030 1543.
645 1002 833 1038 Witebergae
863 1008 916 1037 per
939 998 1095 1035 Josephum
1120 998 1205 1034 elug.
1232 995 1343 1025 1543.’⁷
1371 997 1387 1025 1
1404 997 1491 1034 Alph.
1515 996 1533 1024 2
1552 996 1593 1033 pl.
1617 995 1647 1024 8.
1675 1010 1715 1015 —
1765 995 1897 1022 Recusus
1921 1000 1965 1022 est
1987 994 2033 1022 hic
2056 994 2128 1023 liber
2151 995 2216 1021 Wi-

314 1048 452 1084 tebergae
482 1054 535 1082 per
558 1045 660 1072 Joaun.
682 1043 779 1079 Lufft,
821 1052 896 1069 anno
921 1041 1003 1068 ΜΛ).
1014 1040 1117 1067 XLIII.
1145 1038 1183 1067 19
1198 1041 1239 1076 pl.
1270 1056 1311 1060 —
1341 1039 1457 1077 Lipsiae
1483 1037 1576 1066 1543.
1600 1054 1640 1058 —-
1685 1036 1818 1065 Francos.
1848 1037 1877 1063 in
1901 1036 2018 1064 officina
2038 1037 2119 1064 Petri
2139 1036 2215 1064 Bur-

314 1089 405 1116 bachii
431 1086 522 1116 1546.
555 1103 595 1106 —
624 1087 651 1113 in
682 1095 750 1123 opp.
774 1085 844 1112 Mel.
868 1084 976 1110 W'iteb.
1000 1084 1036 1110 T.
1052 1083 1087 1109 11.
1111 1092 1141 1119 p.
1157 1080 1220 1109 416
1243 1092 1306 1119 sqq.
1337 1098 1376 1102 —-
1427 1082 1619 1109 Germanice:
1659 1079 1747 1116 „ZDet
1773 1079 1901 1115 §prophet
1924 1078 2035 1109 &aniel
2067 1081 2214 1116 aussgelegt

312 1138 367 1160 ron
392 1130 449 1166 ΨΚ).
473 1128 541 1161 SJK]
571 1128 740 1164 verbeutfmt
764 1127 844 1157 burda
869 1124 995 1161 &ustum
1018 1124 1143 1159 &onum
1168 1123 1310 1155 {Bittentn
1339 1123 1453 1152 1546.’·
1484 1123 1503 1151 2
1521 1123 1608 1160 Alpli.
1632 1122 1710 1160 4121.
1735 1122 1764 1150 4.
1810 1121 1949 1149 Dedimus
1972 1122 2018 1149 hic
2040 1122 2144 1149 librum
2167 1130 2217 1149 se-

313 1174 438 1201 cundum
469 1177 581 1200 textum
611 1172 638 1198 in
668 1180 736 1208 opp.
765 1170 890 1205 Witeb.,
929 1169 1131 1205 praetermissa
1161 1174 1259 1195 autem
1282 1167 1412 1204 Epistola
1442 1166 1617 1194 dedicatoria
1650 1166 1686 1193 ad
1709 1165 1891 1201 Mauritium,
1929 1164 2039 1192 Ducem
2064 1164 2216 1201 Smmniae,

315 1225 401 1253 quam
424 1223 510 1252 supra
536 1214 602 1241 vide
625 1215 653 1240 iu
677 1213 813 1250 Epistolis
837 1212 902 1239 Vol.
919 1211 955 1239 V.
979 1220 1007 1248 p.
1024 1209 1070 1247 8.)

826 1353 1153 1384 ARGUMENTUM
1187 1353 1309 1383 LIBRI
1344 1351 1572 1382 DANIELIS.

187 1433 338 1488 Multas
364 1464 417 1485 res
447 1463 606 1495 magnas,
633 1449 736 1483 utiles
759 1454 791 1481 et
818 1448 941 1490 dignas
962 1448 1173 1491 cogitatione
1195 1443 1201 1453 '

188 1508 362 1540 bonarum
398 1504 569 1537 mentium
600 1500 800 1544 complexus
832 1505 881 1531 est
907 1497 1053 1539 Daniel,
1089 1510 1174 1544 quas

189 1557 350 1590 evolvere
375 1561 407 1587 et
430 1554 600 1598 explicare
625 1562 747 1584 omnes
772 1549 905 1592 ingenii
929 1550 1039 1582 nostri
1064 1561 1174 1592 angu-

190 1608 254 1641 stia
278 1612 369 1638 certe
395 1617 468 1638 non
495 1610 618 1648 potest.
671 1600 827 1633 Multum
845 1611 879 1632 se
899 1600 1084 1643 profecisse
1102 1607 1175 1633 stu-

190 1658 308 1691 diosus
335 1656 443 1689 lector
473 1655 575 1693 sciat,
616 1653 645 1685 si
677 1650 862 1695 praecipua
892 1648 1015 1693 Capita
1039 1651 1202 1696 rnedio-⁴

191 1709 294 1742 criter
321 1704 627 1743 animadverterit,
663 1708 696 1735 et
721 1703 764 1734 ad
791 1701 848 1744 pia
873 1701 1034 1733 exercitia
1063 1708 1176 1734 trans-

191 1761 282 1792 ferre
304 1757 483 1796 didicerit,
511 1767 549 1788 ac
574 1753 703 1786 viderit
722 1763 810 1797 quae
826 1763 906 1796 pars
924 1751 1062 1785 erudiat
1078 1763 1176 1784 men-

193 1818 242 1843 tes
279 1810 321 1841 de
359 1820 438 1840 vera
475 1805 715 1844 invocatione,
760 1814 847 1847 quae
884 1814 963 1845 pars
992 1802 1177 1836 confirmet

192 1861 315 1899 fidem,
352 1870 439 1902 quae
468 1857 596 1890 refutet
623 1854 791 1893 ludaeos,
828 1865 917 1897 quae
947 1853 1178 1887 concionetur

191 1913 234 1943 de
264 1909 477 1954 poenitentia
500 1914 533 1940 et
557 1908 599 1939 de
625 1905 728 1938 certis
754 1904 955 1938 virtutibus.
1017 1903 1107 1936 Nam
1132 1906 1174 1938 ad

192 1960 256 1994 hos
278 1961 370 1993 locos
389 1959 516 1992 referre
536 1956 754 1990 narrationes
774 1955 1002 1988 utilissimum
1021 1961 1081 1988 est.

292 2026 497 2061 Recensebo
527 2025 634 2066 igitur
661 2023 760 2068 quasi
785 2022 907 2055 titulos
934 2034 1051 2056 rerum
1077 2035 1177 2066 prae-

193 2080 373 2123 cipuarum
409 2088 496 2121 quae
530 2073 587 2107 hic
613 2073 859 2113 continentur,
894 2073 955 2117 qui
981 2074 1179 2113 ostendent,

194 2142 282 2175 quae
300 2129 344 2162 sit
362 2128 494 2161 utilitas
513 2123 620 2159 huius
638 2123 810 2158 lectionis.

296 2195 455 2229 Primum
483 2192 650 2235 cogitabis
675 2192 717 2223 de
741 2189 906 2223 universo
933 2201 1046 2233 opere.
1108 2190 1178 2224 Te-

1227 1458 1330 1491 quem
1363 1457 1428 1478 nos
1461 1445 1757 1488 cogitaveramus,
1801 1451 1840 1478 ut
1872 1443 1983 1477 tribui
2018 1444 2104 1478 luda
2128 1444 2216 1478 facta

1229 1505 1280 1530 est
1304 1497 1509 1540 promissio,
1533 1495 1614 1528 Non
1639 1496 1818 1528 auferetur
1842 1502 2036 1538 sceptrum,
2063 1507 2127 1528 nec
2151 1496 2218 1528 do-

1229 1555 1303 1581 ctor
1328 1560 1344 1579 a
1372 1546 1479 1585 luda,
1513 1548 1625 1578 donec
1651 1546 1786 1578 venerit
1806 1545 1982 1579 Salvator.
2035 1544 2111 1579 Hac
2135 1545 2216 1579 freti

1230 1597 1462 1643 promissione
1486 1608 1583 1640 reges
1605 1595 1691 1630 luda
1715 1597 1816 1629 toties
1839 1595 2076 1637 rebellabant,
2109 1603 2141 1630 et
2162 1595 2217 1629 Ie-

1230 1649 1359 1681 remiae
1391 1647 1667 1692 praedictionem
1701 1648 1744 1679 de
1776 1647 1957 1680 eversione
1983 1648 2083 1690 regni
2107 1647 2218 1681 auda-

1229 1699 1367 1732 cissime
1408 1699 1643 1739 damnabant,
1685 1705 1853 1743 tanquam
1888 1705 2102 1742 pugnantem
2137 1710 2216 1731 cum

1230 1750 1413 1783 manifesta
1438 1750 1672 1793 promissione
1696 1748 1772 1784 Dei.
1832 1748 1902 1782 Sed
1925 1747 2091 1782 Ieremias
2116 1756 2218 1783 norat

1229 1809 1438 1845 utrumque,
1466 1801 1539 1833 fore
1560 1807 1598 1834 ut
1616 1800 1840 1843 castigaretur
1858 1800 2025 1844 populus,
2051 1808 2084 1834 et
2100 1807 2216 1834 tamen

1229 1852 1362 1884 familia
1403 1852 1495 1895 regia
1530 1863 1603 1885 non
1632 1852 1912 1894 extingueretur,
1964 1863 2027 1884 nec
2059 1852 2217 1884 deessent

1231 1900 1442 1946 Prophetae.
1504 1900 1622 1947 Atque
1646 1902 1692 1935 ita
1719 1901 1846 1934 accidit
1868 1909 2006 1944 praeter
2029 1898 2216 1934 hominum

1231 1954 1453 1997 opinionem,
1478 1952 1589 1996 Regia
1603 1952 1737 1985 familia
1754 1952 1856 1985 etiam
1875 1952 1912 1984 in
1931 1952 2053 1991 exilio,
2081 1949 2216 1985 honore

1231 2004 1353 2037 affecta
1378 2011 1446 2044 est,
1474 2002 1521 2037 Et
1540 2003 1703 2037 excitavit
1719 2002 1814 2036 Deus
1831 2000 2043 2046 Prophetas,
2070 2011 2102 2036 et
2117 2014 2215 2036 suam

1232 2053 1423 2088 Ecclesiam
1447 2055 1582 2098 ingenti
1607 2054 1716 2097 gloria
1743 2053 1892 2086 ornavit.
1956 2052 2031 2087 Imo
2054 2053 2217 2087 adiunxit

1230 2107 1274 2139 ad
1296 2106 1494 2139 societatem
1513 2103 1689 2139 Ecclesiae
1712 2110 1847 2147 gentes,
1875 2103 1979 2137 Facta
2001 2111 2051 2138 est
2069 2116 2216 2138 conver—

1232 2157 1282 2189 sio
1301 2155 1472 2190 Gentium
1489 2158 1531 2190 ad
1551 2155 1663 2189 Deum
1681 2155 1841 2198 insignis.

1334 2207 1498 2241 Secundo
1529 2205 1732 2240 observabis
1765 2205 1964 2239 testimonia
1996 2207 2040 2239 de
2072 2205 2214 2241 Messio.

194 2246 398 2281 stimonium
422 2251 471 2277 est
496 2251 565 2277 tota
591 2241 736 2275 historia
755 2239 914 2273 Danielis
938 2248 1092 2274 servatae
1108 2240 1178 2275 Ec-
1205 2293 1207 2298 Ι
1234 2258 1279 2293 [jt
1310 2259 1436 2292 caeteri
1462 2255 1658 2302 prophetae
1688 2257 1872 2301 praecipue
1902 2257 1946 2289 ad
1976 2253 2043 2290 hoc
2077 2257 2216 2291 excitati

195 2298 317 2331 clesiae
343 2304 376 2330 et
401 2301 543 2329 ornatae
568 2292 702 2337 ingenti
726 2291 856 2335 gloria,
885 2297 959 2323 tum
984 2303 1062 2324 cum
1082 2292 1178 2325 vide-

197 2356 294 2382 retur
325 2359 413 2391 pene
444 2346 604 2379 extincta.

194 2397 399 2438 Ecclesiam,
425 2404 457 2430 et
474 2397 509 2429 in
529 2407 629 2429 cruce
646 2405 768 2427 rursus
786 2404 860 2425 eam
877 2393 1078 2428 instaurari.
1107 2392 1177 2427 Te-

195 2456 304 2482 statur
328 2449 410 2481 item
426 2446 620 2481 Ecclesiam
644 2456 717 2477 non
740 2441 904 2476 humanis
922 2443 1095 2485 consiliis,
1123 2445 1176 2477 vi-

193 2499 308 2539 ribus,
343 2498 646 2535 ordinationibus,
680 2496 739 2528 sed
770 2494 941 2537 singulari
971 2492 1039 2538 Dei
1070 2507 1175 2539 opere
1200 2507 1202 2517 ¹

193 2550 276 2583 inde
293 2556 402 2594 usque
418 2550 461 2582 ab
474 2549 576 2582 initio
595 2547 772 2581 defensam
789 2552 821 2579 et
838 2552 1062 2589 propagatam
1080 2557 1162 2579 esse.

293 2615 420 2650 Monet
441 2616 522 2649 item
540 2618 582 2649 de
598 2614 913 2659 promissionibus,
937 2612 1054 2647 Deum
1072 2625 1173 2658 prae-
1197 2631 1200 2644 ψ

187 2675 276 2702 stare
307 2667 495 2712 promissa,
529 2666 665 2699 etiamsi
697 2677 769 2699 non
801 2677 841 2698 eo
868 2665 973 2698 modo
1002 2673 1167 2709 praestat,
1194 2650 1199 2709 l

829 2342 836 2348 ,
865 2342 872 2348 ,
1092 2342 1099 2349 ,
1169 2345 1177 2350 ,
1204 2321 1206 2349 1
1233 2317 1330 2347 sunt,
1363 2316 1402 2343 ut
1426 2321 1488 2353 per
1512 2321 1569 2342 eos
1590 2315 1730 2341 sonaret
1753 2307 1939 2351 promissio
1961 2306 2126 2341 Messiae:
2166 2307 2215 2341 ita

672 2341 797 2376 Monet
827 2349 935 2384 igitur
961 2348 994 2375 et
1018 2349 1178 2385 castigari
1203 2356 1206 2384 1

1232 2368 1262 2394 et
1282 2360 1466 2394 Danielem
1491 2358 1557 2392 hoc
1577 2371 1722 2391 munere
1740 2358 1839 2402 fungi
1857 2358 2031 2402 oportuit,
2058 2359 2117 2402 qui
2134 2358 2214 2403 qui-

1231 2413 1308 2444 dem
1342 2411 1450 2444 multa
1479 2411 1598 2450 docet,
1640 2409 1851 2443 vaticinatur
1881 2410 1924 2442 de
1957 2417 2112 2452 tempore
2142 2421 2213 2453 quo

1229 2463 1324 2495 nasci
1349 2461 1514 2494 Messiam
1547 2462 1697 2494 durante
1729 2461 1853 2505 politia
1878 2459 2018 2493 Iudaica
2044 2460 2213 2503 oportuit.

1227 2511 1364 2546 Diserte
1391 2512 1602 2546 vaticinatur
1624 2513 1668 2545 de
1691 2512 1853 2556 passione
1876 2507 2025 2553 Christi,
2057 2510 2104 2545 ait
2127 2511 2213 2551 fore,

1225 2571 1265 2598 ut
1281 2564 1469 2598 occidatur.

1328 2614 1451 2648 Tertio
1485 2614 1723 2647 considerabis
1754 2613 1877 2645 seriem
1914 2610 2211 2653 monarchiarum,

1225 2677 1312 2711 quae
1330 2666 1408 2699 ideo
1425 2665 1553 2700 tradita
1570 2672 1638 2706 est,
1667 2671 1705 2698 ut
1724 2663 1940 2697 indicaretur
1959 2670 2113 2707 tempus,
2139 2675 2209 2708 quo

2350 1101 2356 1171 xvv
2348 909 2357 1084 „qv—:vm-
2348 880 2357 893 ζ
