2379 2948
130 86 177 121 46
185 86 209 121 9
770 86 832 122 lv.

886 84 1160 122 ELEMENTA
1190 85 1524 127 RHETORICES.
2087 102 2160 136 470

239 169 373 203 Verum
396 168 454 204 hic
478 171 669 215 interroget
696 171 844 216 aliquis,
879 183 922 204 an
947 181 1122 215 nusquam
1148 173 1153 211 l
1176 172 1380 214 nitentiam‚
1407 176 1450 208 ad
1468 177 1626 219 gratiam,
1654 179 1697 212 ad
1716 179 1819 213 fidem
1837 181 1873 215 in
1890 180 2082 221 Christum,
2110 189 2153 220 ad

136 220 214 254 aliis
242 221 402 254 sensibus
425 222 524 255 locus
547 223 603 257 sit.

663 219 720 254 Ad
747 220 812 254 hoc
835 222 1048 265 respondeo:
1083 222 1122 255 Si
1144 250 1151 274 ὁ

1147 219 1149 245 l
1175 223 1372 256 doctrinam
1393 226 1436 257 de
1451 238 1561 267 cruce,
1589 230 1632 261 ad
1649 230 1857 271 orationem,
1881 235 1925 266 ad
1944 236 2055 268 officia
2072 235 2154 270 cha-

136 271 256 304 omnia
268 272 344 305 sine
358 273 563 305 discrimine
579 272 727 304 velimus
743 272 992 305 transformare
1008 272 1045 303 in
1062 283 1121 304 va·
1145 288 1148 329 τ
1173 273 1297 308 ritatis,
1350 274 1437 307 Nam
1458 275 1494 308 in
1518 275 1571 310 his
1595 280 1698 313 rebus
1722 282 1911 325 acquiescit
1935 297 2034 318 mens
2048 285 2153 319 (jhri-

134 322 208 354 rios
225 333 366 362 sensus,
393 320 485 355 nibil
503 320 644 354 habebit
662 321 745 353 certi
770 321 963 365 scriptura,
1000 320 1120 366 ltaque
1144 334 1148 372 Ι
1172 323 1302 363 stiana,
1337 336 1452 368 neque
1484 333 1588 361 restat
1611 329 1678 362 alia
1704 332 1830 365 melior
1860 334 2020 368 doctrina
2047 349 2150 380 quac-

134 372 212 405 iure
227 371 498 416 reprehenditur
509 369 694 413 Origenes,
712 371 772 416 qui
790 371 909 404 omnia
929 378 1119 416 quantum·

1171 374 1293 409 renda.
1348 373 1466 416 Quare
1485 373 1576 409 nihil
1596 390 1684 421 opus
1702 388 1752 414 est
1774 383 1957 426 allegoria,
1984 387 2044 419 ubi
2065 386 2153 420 Pro-

135 422 223 456 libet
238 423 444 467 simpliciter
459 421 551 454 dicta
564 446 573 461 ‚
600 427 720 454 tamen
740 421 777 453 in
798 422 981 465 allegorias
1004 429 1119 455 trans-
1171 421 1296 467 phetae
1314 424 1424 457 claras
1441 426 1689 468 promissiones
1706 431 1748 462 de
1761 430 1902 467 Christo
1922 438 2076 476 tradunt,
2093 446 2152 472 aut

133 473 274 506 format.

132 523 216 556 facit
237 524 325 556 ratio
347 521 572 555 autoritatem
596 522 800 565 scripturae.

131 571 280 619 phyrius
310 570 376 605 hoc
406 571 551 605 nomine
584 572 695 606 irrisit
721 570 960 606 Christianam
984 573 1117 606 doctri-

131 635 232 664 nam,
260 630 292 656 et
306 622 445 666 scripsit
461 634 535 655 eam
552 620 645 655 nihil
661 620 791 657 habere
808 624 913 664 certi,
940 623 1115 669 siquidem

132 686 205 707 non
220 673 322 706 aliter
338 679 443 717 atque
463 673 602 706 fabulae
620 675 824 718 poetarum,
847 674 883 706 in
900 674 988 707 alios
1009 685 1115 719 quos·

131 725 211 757 dam
229 735 371 764 sensus,
395 730 533 767 praeter
548 724 832 767 grammaticum,
858 725 978 758 omnia
999 732 1115 759 trans-

130 774 315 806 formanda
343 780 469 809 essent.
523 773 645 819 Itaque
674 775 883 820 plerumque
910 787 983 808 uno
1010 786 1114 808 sensu

128 825 354 866 grammatico
372 825 528 857 contenti
543 836 616 858 esse
637 826 824 866 debemus,
850 831 889 859 ut
909 825 947 858 in
973 837 1113 869 praece-

127 874 196 917 ptis
224 882 257 908 et
283 874 578 918 promissionibus
605 874 684 910 Dei.
737 875 830 908 Illud
854 887 938 909 vero
963 876 1114 909 maxime

126 924 317 958 ridiculum
337 932 405 963 est,
430 927 526 969 quod
545 926 581 958 in
598 926 829 959 concionibus
846 927 901 959 vel
917 924 1113 970 Propheta-

127 986 218 1016 rum,
245 976 299 1009 vel
312 974 465 1017 Christi,
493 977 606 1009 itemi
652 976 952 1020 disputationibus
967 978 1112 1019 ‹logma-

125 1032 199 1060 turn
215 1033 255 1060 ut
273 1027 309 1059 in
325 1024 484 1070 Epistola
498 988 768 1072 Paulihatuor
785 1038 907 1060 sensus
924 1027 1112 1063 finxerunt.

226 1084 432 1124 Caeterum,
461 1087 632 1131 quaedam
650 1086 739 1120 facta
756 1092 875 1120 extant
893 1086 930 1118 in
948 1086 1054 1119 sacris
1069 1087 1112 1118 li-

124 1136 228 1177 teris,
258 1143 291 1170 et
308 1137 525 1169 ceremoniae
545 1138 737 1181 quaedam,
765 1148 855 1181 quae
879 1138 922 1169 ad
947 1137 983 1169 id
1009 1137 1112 1170 insti—

124 1194 220 1220 tutae
237 1186 401 1226 fuerunt,
427 1194 467 1221 ut
483 1187 580 1220 aliud
600 1187 767 1232 quiddam
784 1187 1029 1230 significarent.
1068 1186 1109 1220 In

123 1235 179 1270 his
202 1244 252 1270 est
276 1237 464 1280 allegoriae
489 1237 598 1270 locus.
652 1236 867 1281 Quanquam
886 1250 929 1270 ne
952 1235 1009 1271 hic
1029 1238 1110 1282 qui·

122 1288 201 1320 dem
219 1288 322 1321 anxie
339 1289 558 1332 quaerendae
576 1294 668 1328 sunt,
687 1288 770 1332 quia
787 1295 827 1321 ut
841 1288 992 1320 maxime
1009 1300 1111 1321 erua-

122 1349 201 1371 mus
219 1345 316 1381 aptas
332 1338 535 1381 allegorias,
564 1345 681 1372 tamen
702 1338 739 1370 in
762 1338 1012 1371 controversiis
1037 1350 1109 1371 non

121 1388 265 1432 pariunt
287 1388 405 1421 firmas
427 1388 674 1430 probationes,
708 1394 848 1422 tantum
872 1389 971 1421 velut
993 1389 1108 1432 pictu-

120 1450 180 1470 rae
197 1437 354 1470 reddunt
373 1436 559 1477 illustrius,
587 1438 623 1471 id
639 1439 734 1481 quod
753 1450 792 1472 ex
809 1440 888 1472 aliis
904 1440 1008 1473 certis
1025 1439 1109 1472 locis

118 1488 302 1532 probatur.

223 1545 315 1580 Sunt
331 1552 446 1579 autem
463 1543 570 1579 huius
592 1545 730 1589 generis
752 1546 918 1591 pleraque
943 1546 1052 1587 facta,
1071 1553 1109 1579 ut

119 1595 288 1630 historiae
304 1597 431 1637 Ionae,
458 1597 518 1641 qui
536 1603 611 1641 post
629 1597 788 1629 triduum
806 1597 943 1631 revixit.
971 1596 1108 1630 Macta-

119 1648 170 1681 tio
188 1647 268 1690 agni
286 1647 324 1680 in
341 1645 527 1688 paschate,
559 1646 731 1681 Adoratio
747 1648 789 1681 ad
806 1647 1108 1691 propiciatorium,

121 1705 154 1732 et
173 1698 262 1732 aliae
281 1698 513 1732 ceremoniae.

221 1764 334 1800 Porro
351 1763 409 1798 hic
423 1777 494 1798 non
513 1771 565 1798 est
579 1765 800 1798 abiiciendus
816 1765 964 1799 literalis
975 1777 1108 1808 sensus,

120 1823 203 1852 sunt
221 1817 316 1850 enim
341 1817 506 1849 mandata
522 1814 610 1856 Dei,
637 1828 726 1860 quae
750 1828 823 1848 non
847 1816 946 1849 licuit
970 1823 1107 1850 mutare

119 1868 196 1902 sine
225 1866 413 1901 autoritate
447 1866 591 1906 divina,
624 1867 683 1898 sed
709 1866 781 1909 ipsa
807 1866 895 1899 facta
927 1872 960 1899 et
991 1878 1106 1900 mores

120 1919 352 1953 conferuntur
369 1929 447 1950 cum
467 1916 546 1949 aliis
567 1917 673 1949 rebus
690 1916 885 1956 similibus,
914 1928 1002 1961 quae
1019 1918 1106 1950 alibi

120 1969 327 2014 simpliciter
351 1974 385 2001 et
408 1968 482 2001 sine
507 1967 627 2010 figuris
650 1966 850 2010 propositae
866 1973 961 2000 sunt.
1015 1966 1105 2000 Nam

122 2032 161 2053 ea
185 2032 273 2065 quae
298 2018 502 2053 acciderunt
526 2024 606 2051 ante
629 2018 838 2061 patefactum
858 2015 1105 2061 Evangelium,

121 2070 256 2115 aliquid
292 2071 336 2103 de
372 2067 567 2112 Evangelio
600 2068 866 2111 significabant,
924 2080 1033 2113 quare
1067 2068 1105 2101 in

120 2119 309 2164 Evangelii
324 2131 485 2154 sermone
502 2119 663 2152 resistere
679 2130 744 2152 nos
758 2124 907 2163 oportet,
924 2130 988 2152 nec
1003 2131 1104 2163 prae-

121 2180 174 2206 ter
190 2171 453 2215 grammaticum
470 2172 623 2213 sensum,
640 2181 770 2203 novam
787 2169 984 2203 doctrinam
997 2182 1104 2215 quae-

120 2234 211 2256 rere.
263 2221 384 2265 Itaque
399 2221 565 2264 allegoria
583 2220 744 2265 sequitur
766 2220 937 2254 literalem
963 2227 1103 2254 senten-

123 2274 228 2312 tiam,
255 2271 317 2305 ubi
336 2283 390 2304 res
405 2272 535 2305 similes
557 2273 599 2304 ad
618 2271 790 2304 literalem
819 2282 981 2309 sensum,
1008 2271 1104 2305 velut

121 2325 166 2358 ad
191 2321 411 2365 exemplum,
446 2329 506 2355 aut
536 2322 723 2365 imaginem
749 2333 953 2366 comparare
979 2333 1103 2366 possu-

120 2386 219 2414 mus,
246 2373 335 2406 sicut
350 2371 388 2403 in
405 2372 562 2415 apologis
586 2372 811 2413 enarrandis,
839 2383 954 2405 mores
978 2379 1103 2418 tyran-

121 2435 250 2458 norum
268 2424 310 2456 ad
328 2423 493 2466 luporum
511 2421 650 2465 ingenia
663 2423 904 2464 conferuntur,
919 2430 978 2457 aut
996 2422 1105 2457 astuti

120 2477 163 2509 ad
179 2473 413 2518 vulpeculam.
573 2519 578 2523 ¹

223 2542 370 2585 Semper
396 2547 511 2573 autem
539 2539 734 2572 versabitur
758 2540 925 2582 allegoria
945 2539 980 2572 in
998 2540 1105 2573 sacris

123 2593 252 2632 literis,
281 2593 373 2624 inter
391 2591 486 2624 locos
503 2589 709 2633 praecipuos
732 2591 914 2623 doctrinae
930 2588 1105 2624 Christia—

123 2656 206 2684 nae,
232 2643 382 2676 refertur
410 2641 502 2674 enim
530 2641 570 2673 ad
604 2650 752 2683 regnum
770 2637 921 2680 Christi,
955 2642 997 2673 ad
1022 2653 1106 2685 poe-

333 472 428 506 Haec
454 471 709 514 interpretandi
731 472 822 505 ratio
847 472 997 505 maxime
1022 473 1119 505 labe—
1143 504 1145 511 ,
1171 474 1280 507 claras
1296 475 1488 509 sententias
1505 477 1548 509 de
1565 477 1644 517 fide,
1671 480 1714 511 de
1732 482 1960 523 poenitentia,
1983 488 2025 519 de
2041 499 2152 527 cruce,

860 521 949 555 Nam
974 531 1006 555 et
1029 522 1118 555 Por-
1143 525 1145 534 '

1170 525 1213 557 de
1231 525 1354 558 officiis
1369 523 1560 561 charitatis.

1271 575 1394 620 Neque
1412 588 1494 609 vero
1512 577 1667 610 cuiusvis
1687 586 1736 613 est
1750 581 1909 623 artificis,
1937 585 2055 619 dextre
2082 595 2151 621 tra-

1169 630 1263 658 ctare
1285 626 1488 669 allegorias,
1516 634 1578 661 aut
1602 628 1721 662 videre
1743 631 1803 663 ubi
1830 634 1986 667 deceant.
2040 636 2150 670 Nemo

1169 675 1263 708 enim
1282 677 1347 710 erit
1365 677 1514 711 idoneus
1529 678 1652 711 artifex
1669 677 1775 713 huius
1790 682 1851 722 rei,
1878 683 1948 716 nisi
1965 686 2151 728 perfectam

1168 726 1403 769 cognitionem
1423 725 1550 762 habeat
1565 729 1713 762 istorum
1731 731 1909 772 locorum,
1936 735 1997 778 qui
2016 744 2095 769 sunt
2115 738 2151 770 in

1167 777 1329 810 doctrina
1353 776 1556 812 Christiana
1581 780 1778 824 praecipui,
1817 794 1905 826 quos
1938 785 2042 827 paulo
2072 794 2152 820 aute

1167 827 1324 863 recitavi.
1377 826 1538 863 Christus
1568 829 1699 863 alicubi
1728 832 1855 866 alludit
1889 835 1933 866 ad
1965 832 2150 870 historiam

1170 876 1294 918 lonae,
1330 879 1582 923 interpretatur
1607 887 1641 913 et
1662 889 1859 925 serpentem
1891 885 2078 919 exaltatum
2114 888 2149 920 in

1167 928 1315 962 deserto.
1367 928 1498 963 Paulus
1522 931 1559 963 in
1578 929 1776 966 Corinthiis
1800 933 1914 966 velum
1942 934 2150 978 interpreta-

1166 984 1243 1018 tur,
1277 990 1347 1023 quo
1372 980 1476 1013 facies
1501 979 1610 1014 Moisi
1633 988 1721 1016 tecta
1754 983 1833 1027 suit,
1892 983 1966 1017 Hos
1991 986 2150 1020 videmus

1166 1030 1297 1061 versari
1320 1029 1412 1063 intra
1437 1031 1531 1064 locos
1557 1032 1654 1072 illos,
1682 1045 1768 1077 quos
1794 1034 1995 1074 nominavi,
2022 1045 2053 1070 et
2077 1051 2150 1070 ma-

1164 1079 1274 1112 ximas
1291 1091 1344 1112 res
1359 1080 1458 1125 quasi
1475 1081 1585 1124 pictas
1603 1082 1817 1125 imaginibus
1837 1087 2031 1121 ostendere.
2086 1087 2150 1120 As-

1164 1130 1282 1163 serunt
1298 1130 1393 1162 enim
1411 1130 1449 1163 in
1467 1132 1543 1164 loco
1562 1130 1753 1173 adhibitae,
1770 1140 1802 1166 et
1820 1135 1967 1177 gratiam
1987 1143 2018 1169 et
2035 1137 2147 1171 lucem

1164 1180 1339 1221 orationi,
1365 1187 1403 1214 ut
1424 1181 1451 1213 si
1467 1182 1545 1226 quis
1563 1182 1599 1214 in
1618 1184 1925 1218 commendatione
1947 1186 2148 1230 linguarum

1165 1237 1198 1263 et
1214 1231 1343 1263 artium
1361 1239 1539 1275 comparet
1556 1234 1599 1264 ad
1619 1231 1810 1276 cophinos,
1838 1235 1873 1267 in
1893 1247 1980 1280 quos
2005 1238 2148 1281 collige-

1163 1280 1295 1314 bantur
1312 1281 1481 1326 reliquiae
1505 1283 1662 1328 quinque
1681 1295 1831 1327 panum,
1856 1286 2060 1330 disciplinas
2079 1287 2146 1322 hu-

1163 1331 1351 1365 maniores.
1410 1330 1500 1365 Cum
1524 1333 1617 1365 enim
1643 1346 1751 1377 panes
1775 1335 1971 1377 significent
1997 1339 2145 1372 verbum

1162 1380 1251 1422 Dei,
1280 1379 1426 1425 cophini
1449 1383 1696 1425 significabunt
1713 1384 1851 1428 linguas
1873 1392 1906 1419 et
1932 1393 2039 1428 arteS,
2066 1390 2147 1432 qui-

1164 1432 1228 1463 bus
1249 1432 1340 1463 inter
1357 1430 1520 1464 homines
1543 1441 1742 1467 asservatur
1763 1434 1909 1467 verbum
1935 1434 2013 1471 Dei.
2066 1437 2146 1471 Non

1163 1480 1271 1523 igitur
1288 1482 1528 1526 aspernandae
1545 1490 1648 1516 erunt
1665 1481 1802 1516 homini
1820 1482 2024 1520 Christiano
2042 1488 2147 1521 ‹lisci-

1163 1531 1281 1574 plinae
1299 1529 1539 1573 humaniores,
1567 1545 1645 1566 cum
1664 1534 1734 1567 sint
1751 1546 1841 1575 vasa,
1868 1535 1905 1568 in
1923 1537 2052 1581 quibus
2069 1551 2148 1572 coe-

1162 1582 1259 1616 lestis
1276 1582 1435 1616 doctrina
1452 1591 1691 1620 conservatur.
1745 1585 1818 1618 Aut
1834 1585 1861 1618 si
1887 1588 1965 1631 quis
1988 1588 2147 1623 (licturus

1161 1633 1205 1666 de
1223 1633 1355 1676 duplici
1374 1633 1529 1674 iusticia,
1556 1634 1651 1667 civili
1668 1642 1702 1668 et
1719 1635 1908 1679 spirituali,
1934 1638 2026 1671 dicat
2043 1640 2148 1673 tabu-

1161 1684 1211 1716 las
1228 1683 1356 1725 Moisi‚
1384 1684 1480 1717 intus
1498 1691 1530 1718 et
1546 1685 1631 1718 foris
1655 1686 1801 1730 scriptas
1823 1687 1946 1728 fuisse,
1973 1694 2012 1721 ut
2037 1690 2147 1732 signi-

1161 1735 1340 1775 ficaretur,
1365 1746 1421 1767 eas
1439 1735 1564 1778 partim
1581 1737 1624 1768 de
1641 1736 1777 1768 iusticia
1795 1737 1911 1769 cordis
1935 1749 2051 1771 coram
2069 1739 2144 1773 Deo

1160 1785 1378 1829 praecipere,
1413 1785 1539 1828 partim
1565 1786 1608 1817 de
1631 1792 1772 1819 externa
1796 1797 1835 1819 ac
1866 1787 1963 1820 civili
1994 1788 2143 1824 iusticia.

1160 1833 1233 1868 Aut
1249 1835 1329 1867 ideo
1349 1836 1436 1867 duas
1453 1834 1557 1867 fuisse
1572 1835 1726 1876 tabulas,
1755 1836 1836 1880 quia
1853 1837 1951 1880 prior
1967 1838 2141 1872 iusticiam

1159 1885 1397 1928 spiritualem,
1424 1896 1492 1928 qua
1517 1885 1660 1928 proprie
1682 1898 1759 1918 cum
1778 1885 1853 1919 Deo
1881 1888 2033 1930 agimUS,
2058 1902 2144 1922 con-

1159 1936 1264 1974 tinet,
1287 1935 1395 1968 altera
1419 1941 1600 1979 praecepta
1624 1936 1667 1968 de
1683 1936 1754 1970 vita
1773 1938 1947 1980 corporali
1971 1950 2009 1971 ac
2036 1940 2144 1973 civili.

1158 1985 1263 2018 Prior
1278 1986 1435 2018 continet
1448 1983 1694 2028 Theologiam‚
1714 1998 1774 2019 seu
1783 1987 1891 2019 vitam
1911 1988 2142 2032 spiritualem.

1158 2035 1320 2069 Secunda
1355 2035 1504 2068 Politica
1527 2042 1587 2069 est.
1650 2035 1772 2081 ltaque
1795 2034 1861 2070 hae
1884 2039 2022 2072 tabulae
2046 2052 2142 2073 com-

1157 2087 1277 2131 plexae
1294 2092 1375 2119 sunt
1394 2093 1503 2119 totam
1520 2083 1677 2119 hominis
1691 2088 1808 2123 vitam.

1260 2134 1393 2170 Extant
1416 2133 1566 2169 Lutheri
1588 2138 1834 2171 commentarii
1862 2139 1898 2171 in
1920 2137 2141 2173 Deuterono-

1157 2187 1266 2220 mium
1279 2213 1288 2226 ,
1317 2193 1349 2220 et
1368 2187 1403 2219 in
1422 2187 1592 2231 quosdam
1612 2185 1823 2231 Prophetas,
1851 2189 1912 2233 qui
1939 2191 2140 2230 ostendunt,

1157 2237 1241 2282 quid
1257 2237 1294 2270 in
1312 2235 1379 2270 hoc
1393 2249 1519 2279 genere
1538 2238 1727 2270 enarrandi
1742 2239 1892 2271 maxime
1907 2239 2034 2274 deceat.
2071 2239 2139 2274 Hic

1156 2300 1229 2321 non
1244 2289 1434 2321 traduntur
1451 2288 1544 2321 solae
1561 2288 1746 2330 allegoriae
1759 2315 1767 2328 ,
1793 2290 1852 2321 sed
1871 2289 1969 2332 prius
1991 2287 2138 2324 historia

1114 2366 1119 2369 .
1157 2339 1230 2383 ipsa
1255 2339 1464 2373 transfertur
1488 2339 1528 2371 ad
1556 2339 1650 2371 locos
1672 2350 1875 2371 communes
1895 2339 1977 2371 fidei
2000 2347 2033 2374 et
2054 2353 2137 2384 ope-

1156 2401 1254 2429 rum,
1281 2390 1410 2422 deinde
1443 2401 1483 2421 ex
1512 2388 1600 2421 locis
1629 2389 1699 2420 illis
1724 2395 1916 2422 nascuntur
1938 2389 2135 2433 allegoriae.

1157 2440 1224 2474 Sed
1252 2437 1342 2473 hanc
1365 2439 1535 2472 rationem
1559 2450 1661 2471 nemo
1688 2438 1817 2470 imitari
1848 2439 1923 2471 sine
1955 2441 2137 2474 excellenti

1157 2491 1317 2523 doctriua
1340 2496 1462 2533 potest.
1514 2487 1560 2521 Et
1579 2500 1656 2520 cum
1681 2488 1837 2531 proclive
1859 2490 1903 2523 sit
1928 2490 1964 2522 in
1989 2490 2056 2524 hoc
2079 2503 2138 2534 ge-

1158 2553 1240 2574 nere
1263 2553 1281 2574 a
1308 2541 1363 2572 via
1390 2540 1571 2578 deerrare,
1597 2539 1767 2571 monendi
1791 2546 1874 2573 sunt
1896 2540 2071 2585 imperiti,
2098 2549 2138 2576 ut

1159 2591 1296 2624 omissis
1318 2589 1512 2631 allegoriis,
1536 2595 1719 2622 versentur
1747 2590 1869 2623 sedulo
1892 2591 1929 2623 in
1954 2591 2031 2623 aliis
2053 2592 2138 2625 locis

1159 2642 1367 2685 scripturae,
1403 2646 1442 2672 ut
1465 2639 1667 2679 autoribus,
1704 2640 1767 2672 ubi
1795 2640 1870 2673 sine
1892 2641 2011 2684 figuris
2037 2642 2140 2685 plane

1662 2689 1738 2723 30*
