2379 2948
0 2660 21 2692 eis

0 2720 21 2745 {lli

34 1924 35 1960 l
61 1968 64 1971 .
90 1942 249 1975 definitio
279 1938 459 1974 Ecclesiae
490 1940 633 1984 proprie
663 1940 793 1973 dictae:

97 77 194 113 1053

91 162 230 197 Psalmo
248 160 402 194 secundo
420 160 566 195 dicitur:
596 159 784 206 Tanquam
800 172 860 194 vas
877 160 975 203 figuli
994 172 1079 193 con-

90 267 188 304 sita,
221 263 258 296 id
290 269 360 304 est,
392 262 538 306 imperia
571 262 787 306 patefaciatis
823 262 890 294 iter
923 261 1080 295 venienti

91 312 250 349 Christo:
280 320 313 347 et
329 314 517 347 elevamini
540 320 661 357 portae
678 313 822 353 mundi,
844 312 880 345 id
905 319 972 352 est,
998 325 1081 356 ape-

90 364 236 398 riamini
257 376 319 398 vos
342 364 500 408 Respub.
523 371 562 397 ut
595 375 655 396 rex
685 363 819 406 gloriae
846 363 1080 406 ingrediatur,

90 422 130 449 ut
146 416 340 449 illuscescat
359 413 720 457 vobisEvangelium,
747 420 780 447 et
797 413 888 447 adsit
906 414 999 447 inter
1016 425 1078 447 vos

91 464 273 508 Christus,
300 474 333 501 et
355 466 399 499 sit
420 465 556 505 efficax,
582 464 686 498 faciat
709 475 770 497 vos
794 461 962 498 haeredes
987 465 1079 498 vitae

90 524 265 553 aeternae.
317 516 386 551 Sed
409 516 438 549 si
461 515 594 549 bellum
621 516 789 548 adversus
814 527 895 549 eum
919 515 1078 548 movebi-

90 567 136 602 tis
148 595 156 608 ,
172 568 294 602 scitote
310 578 369 600 vos
387 566 561 610 perituros
580 577 661 602 esse.
692 565 781 599 Nam
798 566 872 610 ipse
890 574 940 601 est
955 573 1078 611 potens

90 619 129 651 in
146 619 297 663 praelio,
325 617 434 650 vincit
455 623 488 650 et
508 617 600 651 delet
618 623 804 662 tyrannos,
834 618 923 651 sicut
948 618 1079 651 delevit

90 667 336 709 Pharaonem,
359 665 600 709 Sennaherib,
627 675 659 702 et
675 668 764 701 alios
790 668 1078 703 innumerabiles,

192 718 344 753 Orditur
359 725 474 752 autem
495 717 673 752 Ecclesiae
690 719 963 764 descriptionem
984 731 1002 753 a
1021 732 1077 752 ca-

88 770 179 815 pite,
206 771 337 803 scilicet
361 771 405 803 ab
429 770 506 813 ipso
532 769 687 804 Domino
712 768 873 811 Christo,
899 777 931 804 et
956 783 974 803 a
1000 771 1077 803 loco

88 821 151 854 ubi
167 821 377 854 collecturus
396 828 446 854 est
463 819 669 856 Ecclesiam.
723 820 790 854 Hic
814 828 932 854 noster
950 821 1078 855 Domi-

88 883 156 905 nus
173 869 321 911 Iehova,
350 872 485 916 inquit,
513 873 575 917 qui
592 885 672 905 vere
691 879 742 906 est
766 873 930 906 conditor
947 884 1078 910 rerum,

88 922 228 965 colliget
265 923 332 956 sibi
368 922 562 956 Ecclesiam
600 923 637 955 in
673 930 746 957 toto
775 924 861 956 orbe
889 930 1078 958 terrarum.

87 971 213 1016 Qualis
231 974 297 1007 erit
313 974 491 1018 populus?
543 973 636 1007 Num
654 981 693 1008 ut
711 986 807 1008 nunc
829 975 947 1007 colens
962 973 1078 1007 Deum

88 1025 240 1058 externis
257 1024 493 1058 ceremoniis?
540 1024 614 1058 lmo
631 1025 710 1058 talis
728 1026 794 1059 erit
811 1026 982 1070 populus,
1010 1022 1079 1057 In-

87 1085 217 1108 nocens
240 1074 435 1116 manibus,
459 1079 490 1108 et
513 1073 674 1108 mundus
702 1073 826 1115 corde,
861 1083 893 1109 et
916 1088 987 1109 non
1015 1077 1078 1108 ad-

85 1125 222 1170 plicans
249 1127 293 1159 ad
316 1126 508 1160 vanitatem
533 1127 688 1159 animam
713 1138 832 1165 suam,
867 1133 900 1160 et
926 1138 998 1159 non
1023 1125 1079 1159 iu-

86 1187 169 1210 rans
192 1177 331 1218 dolose,
358 1178 395 1210 id
419 1184 487 1216 est,
514 1189 588 1211 non
613 1178 795 1221 adplicans
819 1178 860 1210 ad
887 1189 1018 1211 vanum
1044 1184 1078 1211 et

86 1228 293 1261 mendacem
311 1229 467 1268 cultum,
488 1229 530 1261 ad
555 1229 760 1261 mendacem
784 1229 982 1262 doctrinam
1001 1228 1079 1261 ani-

86 1290 182 1311 mam
204 1289 324 1318 suam,
352 1280 411 1312 sed
436 1290 558 1312 verum
574 1277 688 1312 Deum
708 1290 899 1322 agnoscens
921 1286 954 1312 et
977 1279 1080 1311 invo-

87 1340 186 1371 cans,
219 1330 434 1373 amplectens
461 1330 608 1363 verbum
633 1342 652 1362 a
675 1328 750 1362 Deo
782 1330 971 1373 traditum,
1004 1341 1079 1362 non

87 1379 166 1413 ficta
193 1377 371 1425 hypocrisi
388 1380 526 1420 colens,
555 1381 614 1413 sed
634 1392 714 1413 vere
739 1380 886 1421 timens,
914 1392 995 1413 vere
1021 1380 1079 1412 in—

86 1442 232 1464 vocans:
260 1432 416 1464 mundus
433 1432 558 1470 corde,
586 1438 619 1465 et
638 1431 809 1464 innocens
832 1431 1014 1471 manibus,
1043 1431 1079 1462 id

87 1487 159 1520 est,
186 1494 285 1523 vere,
319 1494 393 1515 non
424 1482 503 1516 ficta
528 1479 708 1528 hypocrisi
740 1482 909 1516 obediens
932 1481 1007 1516 Deo
1041 1481 1079 1513 in

87 1533 253 1567 omnibus
270 1533 472 1581 praeceptis.

191 1584 291 1626 Quae
308 1585 402 1617 bona
418 1583 564 1627 accipiet
589 1580 647 1616 hic
664 1584 817 1627 populus
841 1596 858 1617 a
876 1583 979 1617 Deo‘?
1005 1581 1078 1616 Be-

88 1633 327 1669 nedictionem
360 1639 391 1667 et
423 1633 629 1672 iusticiam,
668 1635 703 1667 id
728 1641 796 1675 est,
838 1633 895 1668 hic
927 1635 1079 1678 populus

88 1698 281 1730 agnoscens
297 1684 393 1719 hunc
410 1697 532 1718 verum
551 1684 685 1725 Deum,
714 1686 937 1729 colligentem
954 1684 1077 1718 Eccle-

90 1738 197 1779 siam,
225 1737 372 1781 accipiet
398 1736 597 1774 iusticiam,
621 1736 655 1768 id
682 1743 749 1776 est,
783 1736 1080 1780 pronunciabitur

88 1789 221 1827 iustus,
237 1801 276 1821 ac
291 1787 367 1821 Deo
383 1788 542 1832 placens:
570 1787 715 1830 accipiet
734 1794 767 1820 et
784 1788 1079 1827 benedictionem,

88 1840 124 1873 id
142 1847 211 1878 est,
239 1839 521 1873 liberationema
538 1845 679 1882 peccato
707 1845 740 1871 et
767 1846 899 1877 morte,
927 1838 1077 1871 donabi-

88 1898 147 1925 tur
165 1890 302 1934 Spiritu
320 1897 439 1923 sancto
469 1895 500 1922 et
516 1889 587 1922 vita
607 1896 760 1922 aeterna.
813 1889 877 1923 Est
894 1901 974 1932 ergo
994 1886 1078 1922 haec

847 1939 1004 1973 Ecclesia
1030 1947 1080 1973 est

90 1999 208 2026 coetus
237 1990 425 2025 hominum
449 1991 617 2025 collectus
646 1991 773 2034 passim
797 2003 837 2024 ex
862 2002 989 2033 genere
1012 1989 1080 2024 hu-

91 2055 198 2077 mano
223 2055 308 2076 voce
339 2042 543 2086 Evangelii,
584 2042 799 2085 amplectens
831 2041 1077 2085 Evangelium,

38 2094 40 2117 ¹¹
91 2102 124 2129 et
142 2105 223 2127 vere
241 2104 430 2136 agnoscens
447 2100 478 2126 et
497 2093 666 2126 invocans
684 2091 796 2125 Deum
816 2093 883 2126 fide
901 2093 1079 2126 Mediato-

91 2145 140 2178 ris
158 2142 308 2184 Christi,
339 2155 401 2187 per
425 2156 528 2189 quem
553 2142 708 2177 Ecclesia
734 2144 890 2177 redemta
916 2153 986 2185 est,
1015 2141 1079 2176 ha-

92 2197 179 2229 bens
213 2195 455 2228 remissionem
487 2201 711 2238 peccatorum
744 2201 777 2228 et
802 2194 975 2239 Spiritum
998 2207 1080 2227 san-

93 2254 186 2281 ctum
204 2259 242 2279 ac
252 2244 523 2286 obediensDeo‚
549 2253 582 2279 et
592 2247 780 2279 donandus
792 2245 929 2289 Spiritu
946 2253 1078 2280 sanctO.

197 2297 388 2340 Quomodo
401 2303 515 2330 autem
535 2294 620 2330 haec
639 2298 729 2331 dicta
750 2297 979 2340 intelligenda
1000 2297 1080 2337 sint,

92 2348 265 2382 innocens
287 2347 471 2388 manibus,
494 2349 648 2381 mundus
670 2349 797 2390 corde,
826 2360 866 2381 ex
883 2347 1078 2391 Evangelio

94 2406 252 2433 sumatur
270 2398 479 2438 declaratis),
506 2400 601 2443 quod
620 2406 780 2447 oporteat
798 2400 835 2432 in
854 2397 918 2432 hac
936 2399 1005 2432 vita
1023 2399 1079 2431 in-

93 2451 188 2484 coari
205 2450 397 2483 novitatem
418 2449 654 2492 spiritualem,
682 2457 714 2484 et
731 2451 823 2495 quod
842 2451 972 2494 peccati
995 2450 1078 2482 reli-

94 2502 196 2547 quiae
218 2507 403 2540 maneant,
430 2500 490 2532 sed
513 2506 630 2534 tamen
654 2501 880 2535 remittantur
903 2501 1079 2535 credenti-

92 2553 159 2586 bus
172 2553 210 2586 in
226 2551 418 2586 Christum.

196 2603 334 2637 Deinde
352 2603 510 2648 sequitur
524 2602 647 2636 concio
671 2603 714 2635 ad
731 2614 827 2646 reges
844 2611 875 2637 et
890 2604 1078 2648 principes.

687 75 748 110 lx.
802 73 1170 111 COMMENTARH
1197 75 1249 109 IN
1276 74 1520 113 PSALMOS.

2023 77 2120 114 1054

1106 160 1108 189 ’τ
1133 167 1261 195 stratus
1279 161 1460 204 politicos,
1487 169 1525 196 ut
1544 162 1655 198 sciant
1672 163 1714 196 ad
1735 175 1769 196 se
1785 175 1925 208 quoque
1943 165 2119 209 pertinere

91 213 221 256 fringes
244 222 312 245 eos.
362 209 410 245 Et
435 209 508 245 hic:
536 209 705 244 Attollite
727 215 855 258 portae
881 210 1004 257 capita
1026 222 1081 243 ve-
1106 202 1108 236 l
1133 224 1252 245 curam
1270 212 1416 244 iuvandi
1434 214 1723 257 propagationem
1734 212 1942 257 Evangelii,
1969 222 2001 248 et
2016 223 2121 249 tuen-

1133 263 1169 295 di
1193 275 1289 296 veras
1313 260 1380 295 Dei
1397 262 1580 299 Ecclesias.
1636 265 1715 298 Non
1737 265 1974 299 existimemus
2001 277 2018 299 a
2044 265 2120 300 Deo

1133 320 1270 347 tantum
1303 313 1382 346 ideo
1415 315 1595 349 ordinatas
1626 327 1698 349 esse
1725 316 1885 359 politias‚
1921 322 1960 350 ut
1987 317 2122 350 ventris

1133 365 1225 398 bona
1244 375 1466 409 quaeramus.
1522 365 1594 398 Nec
1619 366 1843 409 magistratus
1862 374 1961 411 putet
1983 378 2019 401 se
2041 374 2121 401 tan-

1134 422 1209 448 tum
1234 427 1307 448 esse
1331 416 1603 457 armentarium,
1638 415 1706 450 hoc
1729 424 1796 459 est,
1825 419 2004 451 custodem
2027 419 2122 462 pacis

1132 472 1295 500 externae
1306 461 1324 507 ‚“
1347 473 1384 499 ut
1412 466 1515 499 multi
1540 467 1753 512 loquuntur:
1794 469 1853 501 sed
1876 469 1988 502 multo
2011 469 2122 512 magis

1132 518 1311 551 custodem
1329 516 1551 560 disciplinae,
1580 516 1826 562 prohibentem
1844 520 1962 552 omnia
1979 526 2122 554 externa

1131 569 1259 601 scelera
1281 579 1402 601 contra
1430 567 1580 611 primam
1607 575 1641 602 et
1663 570 1853 602 secundam
1879 570 2053 603 tabulam:
2082 583 2121 604 ac

1132 619 1285 662 primum
1310 619 1395 652 sciat
1419 630 1455 651 se
1483 619 1610 652 debere
1628 620 1777 661 gloriam
1798 618 1864 652 Dei
1889 632 2032 661 ornare,
2060 621 2123 666 qui

1132 676 1316 714 propterea
1333 669 1519 704 coniunxit
1537 667 1698 703 homines
1714 670 1857 713 politica
1876 671 2057 711 societate,
2082 678 2123 705 ut

1131 721 1191 753 alii
1215 720 1302 753 alios
1326 722 1369 753 de
1395 721 1576 754 voluntate
1595 719 1661 753 Dei
1684 721 1852 760 doceant,
1880 728 1913 755 et
1938 722 2123 765 propagari

1130 770 1365 815 Evangelium
1382 771 1474 804 inter
1491 768 1652 804 homines
1670 771 1794 815 possit.
1846 770 2054 805 Execranda
2072 779 2123 806 est

1132 822 1238 865 igitur
1264 822 1424 866 impietas
1452 823 1654 866 principum
1679 828 1713 855 et
1740 822 2026 866 magistratuum,
2063 823 2123 868 qui

1131 873 1283 906 tolerant
1300 873 1526 906 confusiones
1543 885 1837 918 quarumcunque
1854 881 2044 912 sectarum,
2062 879 2124 907 aut

1131 924 1340 968 opprimunt
1382 922 1639 967 Evangelium,
1693 921 1759 956 hoc
1799 924 1886 957 falso
1928 931 2124 968 praetexat,

1132 975 1231 1019 quasi
1247 975 1291 1007 ad
1316 975 1558 1017 magistratum
1584 987 1657 1008 non
1684 975 1859 1018 pertineat
1877 987 1959 1008 cura
1976 975 2125 1008 iuvandi

1133 1025 1420 1070 propagationem
1453 1025 1651 1069 Evangelii.
1712 1024 1814 1059 Hanc
1845 1026 2062 1070 impietatem
2091 1031 2125 1058 et

1131 1077 1307 1109 secundus
1331 1075 1489 1110 Psalmus
1514 1083 1607 1110 taxat
1636 1088 1716 1110 cum
1739 1077 1803 1110 ait:
1839 1076 1885 1111 Et
1908 1089 2004 1111 nunc
2027 1087 2125 1120 reges

1132 1127 1329 1170 intelligite.

1276 1228 1610 1274 Argumentum
1637 1240 1687 1263 ac
1715 1228 1984 1274 dispositio

1470 1293 1630 1333 Psalmi
1654 1294 1798 1335 XXV.

1183 1364 1243 1398 Ad
1259 1370 1296 1399 te
1313 1367 1474 1400 Domine
1496 1367 1618 1400 levavi
1637 1369 1805 1401 animam
1821 1378 1966 1411 meam,
1995 1371 2067 1401 etc.

1237 1430 1352 1464 Totus
1377 1431 1538 1465 Psalmus
1569 1433 1724 1476 precatio
1748 1441 1817 1473 est,
1851 1434 1889 1466 in
1916 1445 1984 1479 qua
2009 1433 2125 1466 mani-

1133 1480 1217 1514 festa
1239 1482 1362 1525 petitio
1387 1490 1438 1517 est
1462 1483 1682 1517 remissionis
1713 1492 1946 1528 peccatorum.
1999 1483 2125 1518 Testa-

1133 1539 1190 1565 tur
1213 1544 1294 1575 ergo
1312 1533 1389 1565 dari
1412 1534 1656 1567 remissionem
1674 1542 1894 1578 peccatorum
1906 1562 1915 1576 ,
1940 1542 1974 1569 et
1991 1541 2042 1569 est
2057 1547 2124 1568 vox

1134 1581 1319 1626 Evangelii
1337 1585 1465 1617 docens
1482 1591 1591 1619 totam
1609 1584 1802 1619 Ecclesiam
1823 1587 1865 1619 de
1882 1584 1949 1620 hoc
1964 1586 2126 1627 articulo,

1134 1634 1299 1667 videlicet
1323 1635 1366 1667 de
1390 1636 1598 1668 remissione
1621 1643 1844 1679 peccatorum
1870 1643 1962 1670 certa
1988 1643 2020 1670 et
2046 1648 2125 1680 gra—

1132 1684 1241 1728 tuita,
1277 1685 1406 1718 donata
1438 1698 1499 1729 per
1525 1686 1825 1728 misericordiam,
1857 1699 1947 1732 quae
1973 1700 2013 1721 ex
2040 1698 2125 1720 voce

1134 1735 1217 1778 legis
1241 1747 1313 1768 non
1339 1743 1451 1779 potest
1479 1748 1551 1770 esse
1578 1744 1689 1778 certa,
1714 1738 1794 1783 quia
1821 1738 1876 1771 lex
1900 1750 2037 1782 semper
2061 1750 2125 1782 po-

1132 1787 1239 1820 stulat
1257 1787 1496 1820 conditionem
1515 1788 1688 1832 perfectae
1714 1789 1947 1825 obedientiae.
2001 1786 2049 1822 At
2066 1786 2124 1822 hic

1133 1837 1264 1880 petitur
1281 1837 1440 1870 remissio
1460 1839 1609 1881 peccati,
1637 1839 1773 1873 etiamsi
1792 1840 1963 1873 sentimus
1981 1850 2123 1872 manere

1134 1888 1169 1920 in
1186 1888 1290 1920 nobis
1315 1900 1476 1931 magnam
1502 1889 1799 1930 imbecillitatem,
1823 1891 2029 1933 caliginem,
2056 1891 2124 1924 du-

1134 1939 1337 1979 bitationes,
1355 1951 1482 1983 pravos
1500 1939 1645 1974 affectus
1657 1968 1665 1982 ,
1688 1948 1721 1974 et
1736 1940 1850 1973 varias
1868 1941 2026 1974 flammas
2043 1952 2124 1985 pec-

1133 1996 1308 2024 catorum.
1359 1988 1412 2022 Ac
1435 1991 1646 2024 nominatim
1678 1992 1716 2025 fit
1743 1991 1876 2025 mentio
1902 1992 2033 2036 peccati
2056 2004 2122 2025 no-

1135 2040 1267 2073 biscum
1300 2041 1495 2082 nascentis,
1530 2043 1624 2086 quod
1655 2054 1820 2076 vocamus
1851 2049 2031 2087 peccatum
2064 2054 2124 2076 seu

1133 2091 1296 2124 morbum
1313 2092 1472 2134 originis.
1529 2091 1567 2125 ld
1587 2092 1681 2126 enim
1707 2100 1807 2127 vocat
1829 2100 2008 2138 peccatum
2035 2105 2123 2137 pue-

1133 2142 1232 2175 ritiae
1250 2153 1348 2184 suae,
1376 2142 1412 2175 id
1437 2149 1504 2184 est,
1532 2145 1627 2188 quod
1650 2145 1733 2178 inde
1761 2156 1872 2190 usque
1895 2156 1913 2177 a
1938 2144 2121 2178 nativitate

1133 2193 1318 2227 nobiscum
1342 2193 1640 2236 circumferimus,
1673 2202 1707 2228 et
1733 2196 1910 2239 deponere
1940 2207 2013 2227 non
2039 2205 2122 2239 pos-

1133 2256 1272 2285 sumus,
1299 2244 1431 2278 scilicet
1449 2245 1575 2279 mentis
1589 2246 1842 2286 infirmitatem,
1869 2246 2121 2286 dubitationes,

1134 2307 1257 2338 pravas
1294 2295 1543 2329 inclinationes
1579 2296 1770 2330 voluntatis
1799 2303 1833 2329 et
1869 2297 1996 2329 cordis.
2056 2294 2121 2330 Est

1131 2353 1247 2380 autem
1266 2347 1370 2390 longa
1391 2348 1542 2390 precatio
1560 2354 1592 2381 et
1609 2347 1881 2380 circumstantiis
1897 2347 2119 2390 amplificata,

1132 2404 1170 2431 ut
1196 2398 1417 2431 discernatur
1440 2398 1484 2431 ab
1509 2396 1666 2438 ethnica,
1704 2404 1735 2430 et
1760 2409 1805 2430 ne
1830 2398 1874 2431 sit
1902 2397 2031 2441 frigida
2059 2404 2120 2431 aut

1132 2448 1293 2483 simulata
1310 2446 1555 2496 βαττολογία,
1583 2450 1641 2482 sed
1667 2460 1747 2481 vere
1772 2455 1805 2481 et
1829 2460 1869 2481 ex
1887 2448 2006 2481 animo
2032 2459 2118 2492 pro-

1131 2500 1286 2533 ficiscens
1304 2500 1439 2543 petitio.

1233 2550 1524 2584 Circum-stantiae
1548 2547 1613 2582 hae
1637 2557 1730 2585 sunt.
1765 2549 1926 2583 Primum
1948 2549 2119 2593 significat

1132 2614 1236 2647 quem
1262 2602 1380 2634 Deum
1405 2601 1623 2646 alloquatur:
1665 2601 1826 2635 nominat
1852 2601 1946 2634 enim
1972 2601 2033 2634 illa
2056 2612 2119 2644 ap-

95 2651 142 2690 Et
158 2651 216 2689 hic
238 2655 335 2689 locus
353 2654 595 2688 observandus
611 2660 680 2694 est,
707 2656 750 2687 ad
770 2655 948 2688 docendos
967 2655 1078 2699 magi-
1101 2666 1104 2687 1
1131 2653 1341 2698 pellatione,
1377 2663 1466 2697 quae
1495 2652 1638 2697 propria
1665 2658 1738 2686 erat
1760 2651 1844 2694 Dei,
1879 2652 1940 2700 qui
1964 2664 1999 2687 se
2020 2658 2118 2696 pate-
