2379 2948
134 93 210 132 257
725 92 791 130 111.

135 176 260 210 Lunae
278 176 322 210 ab
333 173 525 221 Ecliptica,
553 181 697 210 vocatur
714 174 866 208 visibilis
880 185 941 207 seu
958 184 1130 217 apparens

135 227 306 268 latitudo,

132 275 347 322 Eclipticam
369 286 403 312 et
428 289 550 311 verum
573 277 691 310 locum
715 275 856 315 Lunae,
890 274 1020 309 dicitur
1044 286 1128 309 vera

133 328 300 365 latitudo.
352 327 582 368 Differentia,
610 337 680 371 qua
702 326 759 359 vel
783 337 866 359 vera
889 332 1127 371 apparentem,

134 380 191 413 vel
215 391 390 424 apparens
412 389 532 412 veram
554 383 715 421 superat,
748 377 879 411 dicitur
903 372 1127 424 παράλλαξις

135 427 230 464 κατὰ
248 427 403 472 πλάτος,
431 440 530 473 quae,
558 439 637 461 cum
655 427 759 461 Luna
774 428 980 471 longissime
996 439 1016 462 a
1032 434 1125 462 terra

135 481 253 523 abest,
282 480 438 514 continet
456 478 593 512 minuta
609 477 658 512 53
677 484 710 512 et
727 479 905 512 semissem
922 480 1007 513 fere.
1055 478 1125 513 Sed

135 543 215 564 cum
236 530 336 564 Luna
357 529 504 574 propius
526 529 659 563 accedit
676 530 721 562 ad
743 535 894 571 terram,
932 530 970 564 fit
997 536 1030 563 et
1055 542 1125 563 πα-

133 580 301 627 ράλλαξις
324 579 456 620 maior,
496 587 725 626 mutaturque
762 592 841 614 cum
871 580 954 625 polo
990 581 1124 615 elevato

129 631 234 665 altius
251 637 311 664 aut
333 631 512 674 depresso.

227 688 324 723 Haec
348 686 592 736 παράλλαξις,
625 702 714 736 quae
746 690 971 724 latitudinem
999 690 1123 723 Lunae

128 740 259 778 variat,
298 740 423 781 efficit,
457 747 497 775 ut
531 742 727 786 aliquando
760 741 892 781 maior,
929 741 1123 786 aliquando

127 791 246 824 minor
271 802 352 835 pars
371 790 486 833 Solis,
513 804 619 837 quam
645 804 710 837 pro
737 803 819 825 vera
843 791 1034 826 latitudine
1050 791 1124 825 Lu-

128 852 194 875 nae
222 841 441 876 obscuretur.

229 897 366 933 Eadem
398 897 484 934 haec
509 900 605 934 visus
630 901 805 934 aberratio
833 912 935 935 causa
959 907 1025 941 est,
1061 911 1123 934 cur

128 961 235 995 supra
260 951 421 984 annotati
445 963 485 984 ex
509 950 711 985 Ptolemaeo
736 952 876 996 eclipsis
901 951 1025 985 solaris
1049 958 1122 985 ter-

127 1001 217 1034 mini
242 1001 313 1034 sint
332 1001 553 1046 inaequales,
579 1001 626 1036 ita
649 1009 689 1036 ut
710 1003 782 1036 fere
806 1003 915 1047 duplo
939 1002 1052 1040 maior
1077 1003 1122 1036 sit

128 1052 179 1093 is,
206 1052 269 1097 qui
286 1052 329 1085 ad
347 1053 623 1096 septentrionem
643 1060 713 1094 est,
737 1054 846 1087 altero
859 1080 868 1094 ‚
896 1053 956 1098 qui
976 1060 1026 1086 est
1043 1065 1121 1085 ver-

129 1113 187 1135 sus
205 1103 402 1143 meridiem,
429 1115 469 1136 eo
487 1104 582 1148 quod
604 1104 708 1136 nobis
724 1104 808 1137 citra
825 1104 1117 1148 aequinoctialem

127 1153 269 1196 longius
292 1165 413 1186 versus
438 1154 713 1198 septentrionem
733 1152 996 1194 habitantibus,
1023 1154 1120 1187 locus

126 1202 250 1236 Lunae
275 1215 448 1247 apparens
474 1215 612 1249 semper
636 1217 655 1237 a
677 1217 759 1238 vero
786 1205 973 1238 meridiem
998 1217 1119 1238 versus

126 1254 293 1287 declinat.
346 1253 466 1297 Quare
494 1262 532 1288 ut
563 1255 623 1288 fiat
647 1256 847 1289 obscuratio
873 1256 992 1300 aliqua
1016 1254 1120 1295 Solis,

128 1303 232 1337 Luna
256 1309 419 1336 currente
438 1305 524 1336 citra
542 1303 753 1346 Eclipticam
771 1306 973 1351 aliquanto,
1000 1317 1120 1338 versus

127 1354 286 1394 boream,
318 1363 456 1386 necesse
471 1360 520 1386 est
537 1364 611 1386 eam
630 1354 770 1397 longius
788 1357 833 1387 ab
846 1356 1019 1398 Ecliptica
1036 1368 1120 1388 vero

127 1415 189 1438 suo
208 1404 287 1437 loco
305 1403 457 1445 distare,
484 1410 523 1437 ut
537 1403 635 1437 locus
651 1403 774 1437 Lunae
792 1416 965 1449 apparens
986 1404 1023 1437 in
1042 1416 1120 1437 cor-

126 1466 191 1499 pus
214 1454 309 1488 Solis
334 1454 495 1498 ingruat,
524 1461 558 1488 et
582 1455 654 1488 sint
679 1455 717 1488 in
742 1467 814 1488 una
839 1456 933 1489 linea
959 1461 1119 1489 centrum

127 1505 240 1546 Solis,
266 1512 427 1538 centrum
443 1505 585 1546 Lunae,
610 1512 644 1539 et
663 1506 758 1540 visus
774 1513 907 1540 noster.

230 1571 331 1606 Sicut
355 1578 470 1606 autem
497 1584 602 1617 supra
628 1573 783 1607 diximus
807 1574 849 1607 de
873 1573 1120 1607 disserentibus

129 1623 327 1657 defectibus
345 1621 484 1664 Lunae,
512 1636 601 1668 quae
616 1631 675 1657 aut
693 1631 785 1665 tota,
809 1631 868 1658 aut
887 1631 984 1669 parte
1001 1625 1119 1669 aliqua

129 1673 265 1708 lumine
291 1674 469 1718 privatur,
496 1682 601 1718 prout
623 1675 774 1708 latitudo
798 1675 872 1708 eius
890 1687 992 1716 vera,
1021 1676 1120 1709 nulla

128 1731 190 1758 aut
214 1736 344 1769 pauca,
371 1731 431 1758 aut
457 1725 635 1768 pluscula,
661 1736 735 1758 non
758 1731 876 1758 tamen
896 1726 996 1769 plura
1014 1737 1119 1770 quam

129 1773 178 1810 65
196 1775 332 1808 minuta
350 1775 526 1808 continet:
551 1775 600 1808 ita
618 1772 675 1807 hic
692 1787 833 1820 quoque
856 1777 1038 1809 sciendum
1061 1783 1120 1815 est,

128 1826 259 1860 variari
284 1825 378 1858 Solis
407 1826 689 1866 obscurationes,
725 1833 833 1870 prout
866 1826 1016 1860 latitudo
1046 1826 1119 1859 Lu-

128 1889 194 1911 nae
217 1887 391 1920 apparens
418 1888 479 1910 seu
504 1876 655 1910 visibilis
675 1883 735 1911 aut
760 1877 861 1910 nulla
877 1877 1033 1918 minuta,
1060 1884 1119 1911 aut

126 1939 236 1974 pauca
257 1925 373 1960 habet.

231 1985 323 2020 Nam
349 1986 378 2020 si
409 1986 562 2020 latitudo
590 1986 664 2020 visa
691 1986 806 2020 maior
835 1993 887 2020 est
919 1986 968 2023 35
998 1986 1119 2020 minu-

130 2038 193 2079 tiS‚
219 2049 309 2083 quae
327 2037 544 2082 colliguntur
565 2050 605 2071 ex
631 2037 901 2072 semidiametris
917 2038 1119 2083 apparenti-

131 2090 198 2123 bus
226 2088 411 2134 utriusque
439 2089 646 2128 luminaris,
681 2088 784 2122 Luna
816 2089 953 2123 nullam
985 2095 1119 2133 partem

131 2138 225 2174 Solis
242 2140 416 2174 obscurat.
468 2139 539 2174 Sed
564 2152 643 2175 curn
666 2140 843 2173 minorem
870 2138 977 2174 habet
999 2140 1120 2174 latitu-

132 2190 272 2231 dinem,
297 2191 452 2236 aliquam
469 2198 604 2236 partem
621 2190 713 2226 Solis
728 2191 825 2235 tegit.
880 2189 927 2225 Ut
943 2203 1022 2225 cum
1039 2191 1121 2225 lati-

131 2242 218 2276 tudo
241 2253 412 2286 apparens
435 2250 560 2288 aequat
584 2242 886 2276 semidiametrum
903 2241 997 2277 Solis
1012 2254 1121 2287 appa-

133 2299 288 2333 rentem,
311 2303 399 2337 quae
416 2295 549 2328 estsere
570 2293 618 2328 17
633 2293 870 2334 minutorum,
896 2292 1018 2327 Lunae
1038 2305 1120 2327 cen—

133 2351 228 2379 trum
244 2355 342 2377 oram
359 2344 515 2387 corporis
532 2345 656 2379 solaris
673 2345 844 2389 stringere
857 2344 1008 2387 videtur,
1023 2345 1121 2378 ideo-

133 2402 201 2442 que
215 2394 440 2429 dimidiatum
455 2394 564 2429 ferme
581 2395 701 2430 Solem
719 2396 882 2432 occultat.

237 2453 308 2489 Sed
334 2453 477 2499 quando
503 2453 655 2488 latitudo
679 2454 802 2489 Lunae
823 2465 997 2500 apparens
1021 2454 1122 2488 nulla

137 2512 186 2539 est
197 2532 206 2546 ‚
232 2505 281 2540 ita
303 2512 344 2539 ut
360 2510 519 2538 centrum
537 2504 613 2538 eius
630 2505 793 2540 videatur
809 2512 927 2540 exacte
943 2506 1009 2539 sub
1024 2503 1122 2539 Ecli-

134 2556 226 2601 ptica
249 2567 337 2589 esse:
366 2562 452 2589 tunc
477 2555 561 2600 quia
583 2555 770 2590 amborum
795 2557 974 2591 luminum
1000 2562 1121 2591 centra

135 2607 174 2640 in
191 2607 339 2640 eandem
355 2612 488 2640 rectam
504 2605 635 2639 lineam
653 2605 854 2648 incurrunt,
881 2614 1065 2641 exeuntem
1083 2619 1122 2640 ex

137 2658 215 2691 visu
231 2663 364 2698 nostro,
384 2657 489 2691 Luna
505 2663 618 2691 totum
637 2656 782 2701 quidem
797 2657 917 2693 Solem
933 2658 1039 2692 nobis
1054 2658 1124 2692 eri-

191 2711 369 2742 Maura.
400 2710 504 2743 Orrn.
528 2709 612 2742 Voa.
641 2708 735 2742 XIII.

844 89 1000 127 INITIA
1027 87 1325 128 DOCTRINAE
1352 91 1608 132 PHYSICAE.

349 227 576 261 intervallum
610 231 727 259 autem
757 224 1007 258 brevissimum
1037 224 1130 258 inter
1154 240 1156 256 ι

2095 107 2170 144 258

1182 173 1234 217 pit
1250 173 1386 208 obiectu
1406 178 1562 221 corporis
1577 179 1651 221 sui,
1668 181 1727 214 sed
1745 193 1825 216 mox
1842 188 2069 229 progrediens
2086 205 2165 228 mo-

1181 230 1220 257 tu
1243 225 1387 269 proprio
1408 227 1452 260 ab
1475 240 1599 264 occasu
1622 243 1742 266 versus
1765 240 1901 276 ortum,
1928 236 2048 273 Solem
2073 251 2164 278 rete-

1181 281 1275 308 ctum
1291 275 1420 309 iterum
1437 279 1538 312 terris
1553 283 1841 326 conspiciendum
1866 289 2020 330 praebet.
2074 292 2163 327 Nam

1179 325 1218 358 in
1236 324 1331 360 Solis
1348 327 1449 360 totali
1463 329 1708 367 obscuratione
1723 336 1822 369 nulla
1837 337 1916 371 talis
1933 352 2031 375 mora
2052 342 2164 378 inter-

1178 376 1301 410 cedere
1328 384 1458 421 potest‚
1487 380 1600 424 qualis
1629 383 1666 415 in
1687 383 1809 420 Lunae
1833 388 1971 424 defectu
1999 394 2163 438 sentitur,

1179 439 1219 460 eo
1236 429 1331 472 quod
1347 429 1547 472 superficies
1561 430 1683 466 Lunae
1701 435 1804 476 plana
1821 436 1875 480 (ut
1891 441 1993 475 nobis
2007 444 2166 490 videtur)

1179 490 1258 511 cum
1288 479 1435 523 eclipsin
1466 481 1605 522 trafert,
1633 482 1725 516 Solis
1749 488 1966 529 superficiem
1990 505 2163 538 apparen-

1150 559 1152 572 Ι
1178 536 1249 562 tem
1269 537 1328 563 aut
1348 537 1491 575 aequat,
1518 538 1578 565 aut
1595 534 1681 567 adeo
1701 535 1826 578 exiguo
1851 541 2001 581 spaciolo
2020 548 2165 587 excedit,

1176 586 1216 614 ut
1234 580 1269 613 id
1288 580 1381 614 Solis
1405 593 1533 626 corpus
1558 580 1670 617 totum
1692 585 1755 619 diu
1779 587 1940 631 obtegere
1961 603 2033 626 non
2051 605 2164 640 queat,

1177 630 1420 666 Numerantur
1436 633 1530 665 enim
1547 642 1673 678 puncta
1691 636 1864 680 ecliptica,
1885 650 1946 673 seu
1965 642 2077 685 digiti,
2103 659 2163 682 seu

1177 682 1406 716 duodecimae
1427 690 1542 727 partes
1565 685 1729 720 diametri
1757 688 1898 730 solaris,
1926 703 2013 735 quae
2038 695 2164 731 obseu-

1176 732 1249 765 rari
1268 740 1436 776 possunt,
1457 741 1595 769 tantum
1613 737 1818 776 duodecim,
1848 746 1881 773 et
1905 749 2081 784 praeterea
2097 748 2164 780 mi-

1176 790 1262 817 nuta
1278 782 1347 825 55,
1374 796 1452 818 cum
1478 784 1580 819 Luna
1604 795 1734 831 puncta
1758 789 1916 833 ecliptica
1944 803 2004 826 seu
2036 795 2165 840 digitos

1176 831 1302 868 habeat
1318 836 1365 869 21
1386 843 1418 870 et
1436 836 1483 870 36
1501 837 1648 871 minuta.
1701 838 1779 872 Hoc
1801 846 1870 881 est,
1897 842 1926 874 si
1940 842 2063 879 Lunae
2088 859 2165 881 cor-

1176 896 1241 929 pus
1267 885 1314 919 ita
1340 888 1472 928 grande
1498 894 1605 929 esset,
1631 896 1690 922 aut
1712 890 1911 932 videretur,
1938 900 1977 927 ut
1994 895 2068 929 eius
2090 899 2165 932 dia-

1176 942 1287 969 meter
1320 944 1503 981 aequaret‚
1536 939 1583 971 21
1616 947 1731 983 partes
1754 941 1860 982 tales,
1887 944 2007 987 quales
2032 947 2070 980 in
2099 946 2164 984 hac

1174 987 1346 1030 parvitate
1369 999 1431 1021 sua
1460 985 1565 1022 habet
1595 990 1802 1031 duodecim,
1825 990 1940 1026 nihilo
1960 996 2077 1030 minus
2093 1005 2165 1034 tota

1173 1036 1276 1070 Luna
1300 1038 1445 1070 obvolvi
1469 1039 1596 1072 umbra
1624 1047 1752 1081 terrae,
1780 1048 1814 1075 et
1831 1043 2011 1078 obscurari
2036 1058 2163 1093 posset,

1173 1094 1277 1129 tunc,
1304 1089 1446 1132 quando
1470 1089 1547 1122 Soli
1574 1091 1754 1134 opposita,
1779 1093 1914 1127 nullam
1937 1095 2163 1133 latitudinem

1174 1150 1290 1171 veram
1311 1136 1425 1173 habet.

1275 1196 1353 1231 Etsi
1381 1204 1497 1231 autem
1524 1198 1644 1232 Lunae
1663 1202 1889 1245 quantumvis
1912 1215 2059 1248 parvum
2085 1220 2163 1243 cor-

1173 1259 1249 1292 pus,
1271 1248 1474 1282 interventu
1489 1261 1553 1282 suo
1570 1257 1683 1283 totum
1703 1250 1822 1285 Solem
1840 1255 2016 1289 occultare
2031 1259 2163 1304 absque

1175 1299 1361 1331 duratione
1387 1299 1646 1334 obscurationis
1675 1308 1808 1345 potest,
1841 1310 1959 1338 tamen
1984 1306 2044 1340 illa
2068 1308 2163 1344 Solis

1174 1349 1375 1381 obscuratio
1399 1361 1472 1380 non
1496 1351 1654 1382 cernitur
1679 1352 1841 1384 similiter
1857 1355 1900 1386 ab
1917 1358 2082 1391 omnihus
2099 1357 2163 1393 ha-

1171 1397 1369 1430 bitantibus
1392 1397 1430 1430 in
1448 1409 1487 1431 eo
1506 1395 1783 1444 hemisphaerio,
1809 1404 1903 1447 quod
1929 1416 1949 1438 a
1967 1405 2048 1440 Sole
2071 1409 2163 1445 circa

1172 1454 1308 1491 tempus
1327 1448 1465 1492 eclipsis
1483 1449 1698 1492 illustratur,
1722 1453 1782 1485 sed
1808 1459 1946 1488 tantum
1972 1456 2010 1489 in
2028 1458 2163 1505 aliquot

1173 1499 1376 1532 climatibus
1392 1505 1485 1533 totus
1501 1499 1563 1533 Sol
1581 1501 1648 1544 tegi
1667 1503 1827 1538 sentitur.
1881 1504 1958 1539 Hoc
1976 1514 2037 1549 est,
2065 1513 2161 1555 quod

1171 1549 1208 1582 in
1228 1547 1357 1583 scholis
1374 1550 1522 1592 dicitur,
1551 1551 1645 1585 Solis
1672 1554 1814 1586 totalem
1832 1556 1973 1599 quidem
1998 1559 2163 1605 aliquan-

1171 1601 1236 1642 do,
1263 1602 1323 1634 sed
1341 1613 1524 1646 nunquam
1543 1602 1778 1636 universalem
1796 1605 1942 1649 eclipsin
1959 1608 2033 1642 fieri
2050 1623 2162 1656 posse.

1273 1668 1390 1701 Huius
1419 1669 1471 1702 rei
1500 1681 1639 1703 causam
1670 1672 1770 1705 facile
1793 1672 1992 1718 intelIIgent
2021 1678 2064 1717 ii,
2099 1681 2161 1724 qui

1171 1720 1412 1752 meminerunt
1437 1721 1684 1764 proportiones
1703 1734 1890 1766 corporum
1911 1737 2014 1769 supra
2038 1729 2160 1771 dictas,

1171 1770 1284 1810 Solis,
1310 1769 1433 1803 Lunae
1457 1777 1490 1803 et
1516 1770 1664 1812 Terrae,
1698 1779 1730 1805 et
1754 1775 1946 1807 eorundem
1972 1777 2075 1811 etiam
2103 1781 2159 1813 di-

1170 1821 1316 1854 stantias
1342 1832 1405 1853 seu
1428 1821 1634 1861 intervalla,
1664 1828 1697 1854 et
1721 1823 1858 1866 regulas
1882 1836 1986 1869 supra
2013 1830 2158 1864 traditas

1170 1872 1214 1904 de
1235 1871 1443 1904 umbrarum
1470 1871 1700 1913 differentiis,
1734 1874 1795 1906 ubi
1819 1874 1954 1908 dictum
1976 1885 2043 1919 est,
2078 1892 2158 1913 um-

1170 1922 1268 1955 bram
1302 1921 1346 1954 ab
1379 1933 1488 1965 opaco
1522 1934 1669 1966 corpore
1698 1924 1813 1967 spargi
1848 1926 2064 1961 turbinatam
2098 1942 2159 1965 seu

1168 1969 1367 2016 κωνοειδῆ,
1403 1972 1546 2016 quando
1572 1984 1700 2017 corpus
1724 1974 1943 2009 luminosum
1972 1979 2085 2014 maius
2107 1990 2157 2016 est

1169 2034 1291 2068 opaco.

1275 2082 1366 2115 Cum
1389 2086 1505 2115 autem
1523 2080 1627 2115 Luna
1650 2095 1723 2117 non
1749 2083 1832 2118 Sole
1853 2092 2007 2128 tantum,
2034 2100 2156 2123 verum

1170 2132 1275 2167 etiam
1295 2139 1389 2166 terra
1405 2132 1518 2165 multo
1535 2133 1654 2167 minor
1670 2134 1733 2173 sit,
1761 2134 1807 2169 ita
1827 2143 1866 2170 ut
1882 2137 1938 2169 vix
1954 2139 2155 2183 quadrage-

1170 2184 1257 2217 sima
1275 2195 1353 2228 pars
1370 2190 1484 2217 terrae
1501 2184 1634 2217 censeri
1652 2184 1772 2229 possit,
1797 2186 1965 2231 sequitur,
1992 2189 2156 2224 umbram

1169 2234 1294 2268 Lunae
1318 2245 1541 2279 nequaquam
1568 2241 1682 2269 totum
1712 2242 1824 2269 terrae
1854 2234 2155 2282 hemisphaerium

1171 2298 1342 2329 occupare
1357 2292 1389 2319 et
1407 2291 1521 2328 tegere
1539 2296 1649 2329 posse,
1677 2287 1735 2319 sed
1754 2286 1912 2329 exiguam
1928 2294 2066 2323 tantum
2081 2292 2156 2325 eius

1171 2344 1317 2382 partem,
1338 2336 1542 2381 praesertim
1560 2348 1637 2369 cum
1655 2343 1798 2380 propter
1812 2336 2015 2372 distantiam
2031 2339 2156 2376 Lunae

1170 2400 1190 2421 a
1212 2394 1325 2428 terra,
1361 2387 1486 2420 umbra
1511 2386 1634 2420 Lunae
1662 2386 1833 2430 paulatim
1863 2394 2041 2425 attenuata
2073 2394 2155 2426 coni

1169 2439 1296 2479 modo,
1324 2450 1361 2471 ea
1388 2444 1503 2481 parte,
1530 2448 1598 2481 qua
1622 2442 1734 2470 terrae
1760 2438 1980 2482 superficiem
2004 2442 2156 2487 attingit,

1171 2496 1267 2523 arcto
1281 2488 1413 2522 circulo
1428 2487 1621 2527 claudatur,
1638 2493 1671 2521 et
1686 2498 1706 2520 a
1722 2488 1904 2532 superficie
1918 2491 2156 2528 abscindatur.

1274 2556 1431 2589 Tantum
1457 2554 1564 2597 igitur
1587 2554 1641 2587 illi
1663 2552 1846 2598 homines,
1873 2558 1934 2603 qui
1957 2559 2051 2595 intra
2079 2574 2155 2596 eam

1172 2606 1353 2651 regionem
1370 2611 1482 2638 terrae
1508 2601 1692 2647 habitant,
1719 2618 1807 2652 quae
1824 2620 1913 2642 cono
1937 2612 2084 2646 umbrae
2100 2613 2156 2647 lu-

1174 2658 1271 2693 naris
1288 2655 1357 2700 tegi
1381 2662 1511 2700 potest,
1537 2654 1632 2691 Solis
1645 2656 1766 2692 lumen
1782 2665 1897 2694 totum
1912 2661 2097 2703 amittunt,
2123 2671 2157 2700 et

1607 2705 1654 2742 17
