2379 2948
271 95 345 129 927

652 176 873 201 Demetrius.

373 230 545 263 Adiiciam
571 234 684 261 autem
706 227 857 260 breviter
879 225 1034 270 reliquos
1051 225 1174 271 Syriae
1196 236 1252 257 re-

271 292 345 325 ges,
373 288 411 314 ut
435 291 566 323 poenae
590 278 873 317 considerentur,
900 277 943 309 de
962 277 1090 321 quibus
1112 275 1252 309 concio·-

270 394 327 415 ros
351 378 517 414 Antiochi
546 387 621 424 post
653 376 968 423 prophanationem
992 377 1115 420 templi
1139 376 1251 409 conti-

269 444 339 465 nua
371 431 570 475 parricidia.
635 429 808 463 Successit
850 425 1028 462 Antiocho
1067 425 1249 470 Epiphani

270 483 377 515 frater
402 481 621 519 Demetrius,
657 481 719 525 qui
745 492 816 513 una
841 480 954 512 fuerat
982 480 1081 511 obses
1105 476 1251 515 Romae,

270 531 327 565 hic
350 532 493 565 veniens
516 533 553 564 in
571 531 728 577 Syriam,
757 542 836 563 mox
855 530 951 562 iubet
969 528 1115 561 interfici
1140 528 1251 559 filium

270 583 386 616 fratris
412 580 581 616 Antiochi
605 583 673 614 iam
701 587 924 623 regnantem,
951 576 1169 612 Antiochum
1193 576 1249 611 εὑ-

271 630 425 677 πάτορα.
485 632 681 677 Aliquanto
712 638 788 675 post
812 630 1011 663 Demetrius
1042 631 1100 662 dat
1125 639 1253 672 poenas

270 684 464 728 parricidii.
518 683 732 717 interficitur
760 682 853 714 enim
880 692 898 712 a
923 681 1075 725 quodam
1098 677 1251 712 Alexan-

270 735 334 767 dro
352 734 516 767 seditioso
529 761 537 774 ,
561 734 621 779 qui
638 745 782 776 reguum
801 731 931 764 invasit
953 730 1095 763 adiutus
1122 731 1165 763 ab
1181 730 1252 762 Ae-

273 785 413 830 gyptiis.

275 858 488 883 Demetrius
508 857 637 881 iunior
662 858 689 881 et
715 855 922 880 Antiochus
941 855 1107 884 sederes,
1133 853 1254 884 fratres.

375 908 554 941 Demetrio
578 908 721 940 suerunt
754 907 824 938 duo
858 904 941 944 filii,
976 904 1176 938 Demetrius
1200 906 1255 937 iu-

274 961 357 993 nior
389 966 422 992 et
450 956 648 991 Antiochus
673 957 829 990 Sedetes.
892 954 959 988 Hic
982 955 1102 987 iunior
1126 956 1255 988 Deme—

274 1011 364 1045 trius
403 1009 578 1041 interfecit
609 1008 862 1040 Alexandrum.
924 1005 1046 1038 Postea
1083 1003 1255 1050 Tryphon

273 1073 313 1094 ex
332 1072 436 1102 reguo
453 1058 672 1092 Demetrium
691 1057 836 1101 expulit.
890 1054 1093 1089 Antiochus
1114 1056 1257 1090 Sedetes

275 1124 294 1144 a
314 1109 452 1144 Parthis
472 1109 673 1142 interfectus
692 1115 752 1143 est.

308 1193 515 1219 Antiochus
535 1192 705 1222 Gryphus
726 1193 753 1215 et
774 1191 977 1215 Antiochus
997 1191 1224 1219 Cyzicenus,

596 1237 718 1259 (luorum
736 1235 866 1264 fratrum
884 1233 948 1263 filii.

375 1286 423 1320 Hi
441 1287 564 1319 fratres
580 1287 800 1330 reliquerunt
816 1285 954 1317 liberos
996 1284 1175 1317 Demetrio
1195 1284 1260 1318 fuit

277 1338 369 1371 filins
386 1335 584 1370 Antiochus
600 1334 755 1383 γρυπὸς,
787 1335 905 1368 Sedeti
928 1334 1020 1368 filius
1043 1335 1110 1367 fuit
1132 1335 1260 1368 Antio-

278 1387 363 1422 chus
389 1387 592 1432 CyzicenuS.
652 1386 699 1418 Hi
725 1386 930 1419 dimicantes
954 1386 995 1417 de
1024 1396 1130 1427 regno
1156 1386 1259 1418 ambo

278 1439 452 1472 interfecti
468 1445 560 1471 sunt.
606 1435 730 1470 Postea
746 1436 882 1480 Syriam
900 1435 1030 1469 invasit
1047 1435 1186 1468 vicinus
1202 1448 1260 1468 rex

279 1488 469 1531 Tigranes,
496 1488 551 1521 cui
568 1499 642 1519 eam
662 1486 850 1530 Pompeius
867 1486 1006 1529 eripuit.
1061 1484 1137 1518 Hoc
1155 1487 1261 1519 modo

279 1539 479 1572 domesticis
505 1538 740 1571 seditionibus
764 1544 796 1570 et
820 1536 1019 1581 parricidiis
1044 1548 1174 1580 poenas
1202 1538 1261 1569 de-

279 1592 407 1622 derunt
432 1589 621 1632 impiorum
647 1599 767 1630 regum
800 1588 951 1631 posteri,
985 1588 1096 1619 donec
1121 1588 1260 1619 tandem

279 1640 409 1673 familia
429 1646 500 1672 tota
516 1639 663 1671 extincta
690 1645 758 1675 est,
785 1644 819 1670 et
844 1639 977 1680 regium
994 1649 1124 1670 nomen
1143 1638 1259 1670 subla·

281 1698 373 1730 tum,
401 1697 433 1723 et
452 1690 552 1735 Syria
572 1701 590 1722 a
609 1687 784 1722 Romanis
804 1694 971 1732 occupata
990 1697 1048 1723 est.

582 1798 727 1842 Reges
755 1798 969 1842 Aegypti.

333 1871 552 1904 Ptolemaeus
573 1870 658 1913 Lagi
677 1871 778 1903 filius.

333 1921 553 1954 Ptolemaeus
570 1919 837 1964 Philadelphus,

334 1971 556 2004 Ptolemaeus
573 1970 772 2013 Evergetes.

334 2021 556 2054 Ptolemaeus
576 2019 791 2063 Philopator.

335 2071 555 2105 Ptolemaeus
571 2068 786 2114 Epiphanes.

335 2121 557 2155 Ptolemaeus
589 2120 823 2159 Philometor,
871 2122 933 2165 qui
967 2123 1128 2154 successit
1159 2123 1265 2156 frater

387 2171 608 2204 Ptolemaeus
625 2170 801 2217 ([ιὶσκωι»,
831 2172 866 2204 id
884 2179 952 2211 est,
979 2173 1207 2208 ventricosus.

337 2222 557 2255 Ptolemaeus
577 2221 773 2266 λαθουρὸς.

337 2273 559 2306 Ptolemaeus
575 2271 741 2317 cac-torte.

339 2322 522 2367 Cleopatra
540 2324 701 2357 Antonii.

291 2372 366 2406 Hae
416 2375 701 2407 nomenclaturae
743 2372 808 2407 hoc
852 2375 978 2407 ordine
1018 2375 1205 2407 traduntur
1250 2385 1267 2406 a

291 2424 480 2464 Strabone,
503 2425 658 2469 quicum
685 2425 757 2468 ipse
781 2425 1044 2468 perlustraverit
1060 2423 1269 2470 Aegyptum,

292 2474 493 2516 diligentius
510 2487 583 2508 eam
602 2488 706 2520 quam
725 2476 839 2508 vicina
858 2477 931 2509 loca
950 2477 1127 2510 describit.

565 2550 700 2575 Ptolem
709 2558 726 2574 a
736 2557 796 2574 eus
818 2551 891 2581 Laui
910 2550 997 2581 filius.

398 2598 618 2633 Ptolemaeus
638 2601 722 2643 Lagi
745 2601 857 2639 filius,
881 2603 941 2646 qui
958 2603 1050 2634 inter
1069 2602 1272 2645 praecipuos

299 2650 493 2682 Alexandri
511 2651 613 2683 duces
637 2652 722 2689 suit,
751 2659 784 2685 et
800 2653 969 2685 exercitus
987 2652 1024 2685 in
1042 2651 1143 2685 India
1161 2653 1272 2689 duxit,

865 89 989 125 PHIL.
1017 88 1132 126 MEL.
1162 87 1370 125 SCRIPTA
1398 88 1694 126 EXEGETICA.

2211 91 2284 126 928

1277 175 1280 229 J
1303 177 1365 210 ubi
1392 184 1423 211 et
1449 176 1577 209 vulnus
1599 175 1747 218 accepit,
1778 174 1867 208 ictus
1902 176 1992 216 telo,
2028 178 2122 221 quod
2145 188 2283 210 veneno

1277 227 1470 269 {infectum
1505 228 1634 266 fuerat,
1669 226 1706 258 iu
1739 226 1990 260 distributione
2020 228 2284 270 provinciarum

1276 311 1279 319 ⁴
1303 286 1424 312 nactus
1443 285 1493 311 est
1508 278 1704 322 Aegyptum
1717 303 1726 317 ,
1755 288 1860 321 quam
1882 289 1961 309 cum
1980 278 2132 310 triennio
2152 279 2285 311 tenuis-

270 339 375 365 natur
392 331 541 374 primum
560 335 795 373 praeceptum.
843 328 1005 361 Fuerunt
1024 327 1115 361 inter
1135 333 1252 370 poste·
1277 323 1279 349 ’ν

1277 391 1279 397 ’
1305 379 1498 414 affectabat.

1304 337 1375 369 set,
1401 329 1532 362 bellum
1552 329 1581 361 ei
1599 326 1782 360 Perdiccas
1799 327 1939 367 intulit,
1967 328 2027 372 qui
2045 324 2285 361 monarchiam

1559 378 1628 412 Sed
1654 377 1875 412 Ptolemaeus
1910 378 2096 411 interfecto
2123 377 2289 411 Perdicca

1304 430 1450 463 retinuit
1465 429 1684 475 Aegyptum,
1706 440 1744 462 ac
1769 435 1887 471 postea
1908 427 2136 474 Cyrenaicam
2161 434 2195 461 et
2213 439 2289 461 ma-

1305 492 1407 523 gnam
1426 479 1548 525 Syriae
1564 486 1695 523 partem
1721 479 1859 513 adiecit.
1913 478 2074 524 Reliquit
2092 479 2183 511 filios
2201 475 2289 511 Phi-

1305 529 1507 574 ladelphum
1541 537 1573 563 et
1608 528 1811 575 κέραυνον,
1853 536 1886 564 et
1911 529 1999 563 alios
2022 529 2160 574 plures,
2199 538 2288 573 quos

1305 587 1458 614 recenset
1476 580 1679 615 Pausanias,

1407 638 1539 672 Scribit
1562 637 1732 684 Polybius
1753 646 1932 673 mortuum
1956 650 2028 672 esse
2048 638 2287 672 Ptolemaeum

1306 689 1394 733 Lagi
1413 689 1523 722 filium
1541 686 1756 734 Olympiade
1772 691 1958 723 centesima
1978 690 2139 722 vicesima
2152 689 2290 734 quarta,

1307 738 1372 773 hoc
1389 747 1456 780 est,
1484 745 1560 782 post
1577 739 1768 773 Alexandri
1788 747 1937 774 mortem
1961 741 2088 774 exactis
2113 741 2185 773 fere
2202 751 2288 784 qua-

1308 791 1469 833 draginta
1496 791 1619 830 annis,
1658 802 1727 835 qua
1753 788 1966 835 Olympiade
1995 798 2028 825 et
2055 788 2291 836 Lysimachus

1309 848 1341 875 et
1364 842 1530 875 Seleucus
1558 848 1591 874 et
1615 839 1792 886 κέραυνος
1807 842 1999 885 perierunt.

1568 915 1672 939 Ptole
1679 922 1729 939 ma
1739 922 1753 940 e
1761 923 1779 940 u
1787 922 1800 939 s
1819 916 2035 947 Philadelphus.

1410 964 1937 1010 PtolemaeusPhitadelphus,
1987 967 2163 1010 praelatus
2191 966 2292 999 fratri

1310 1017 1435 1050 maiori
1454 1022 1557 1057 natu,
1586 1028 1646 1049 rex
1665 1028 1682 1049 a
1704 1024 1801 1060 patre
1819 1024 2042 1061 nuncupatus
2057 1024 2128 1057 est,
2147 1023 2180 1050 et
2197 1028 2292 1050 com-

1311 1069 1496 1101 mendatus
1528 1067 1746 1110 principibus
1777 1074 1809 1100 et
1845 1068 2058 1103 civitatibus,
2119 1066 2294 1101 Successit

1312 1120 1417 1162 igitur
1437 1118 1542 1162 patri,
1570 1125 1602 1151 et
1620 1118 1839 1162 recuperavit
1859 1117 2102 1164 Cyrenaicam.
2154 1117 2294 1150 Deinde

1312 1176 1433 1203 nactus
1450 1169 1564 1201 ocium
1577 1196 1585 1209 ,
1613 1181 1691 1202 cum
1710 1170 1812 1202 sciret
1828 1169 1865 1201 in
1881 1169 2039 1214 Aegypto
2054 1169 2213 1202 floruisse
2229 1169 2293 1201 do-

1312 1221 1461 1254 ctrinam
1487 1221 1529 1252 de
1555 1221 1658 1252 rebus
1680 1220 1905 1260 coelestibus,
1933 1227 1967 1253 et
1992 1231 2047 1252 eas
2065 1226 2177 1260 artes,
2205 1230 2293 1264 quae

1312 1270 1519 1304 coniunctae
1554 1278 1635 1303 sunt
1662 1271 1715 1303 illi
1741 1272 1939 1308 doctrinae,
1973 1277 2088 1303 vetera
2119 1270 2234 1304 studia
2261 1275 2294 1302 et

1313 1321 1464 1355 restituit
1492 1328 1524 1354 et
1552 1321 1666 1364 auxit,
1705 1328 1737 1354 et
1767 1321 1931 1355 instruxit
1962 1321 2122 1354 discendi
2147 1320 2293 1365 cupidos

1313 1369 1526 1405 bibliotheca
1549 1371 1797 1415 copiosissima.

1414 1430 1576 1478 Cumque
1611 1430 1765 1463 audisset
1793 1431 1941 1464 Iudaeos
1980 1431 2182 1474 praedicare
2213 1442 2294 1464 suae

1313 1482 1424 1525 gentis
1441 1482 1686 1526 antiquitatem
1705 1488 1736 1514 et
1761 1481 1978 1522 doctrinam,
2005 1482 2186 1515 accersivit
2211 1481 2294 1514 inde

1314 1534 1537 1576 interpretes,
1564 1532 1625 1576 qui
1650 1532 1761 1564 libros
1778 1531 1873 1564 Mosi
1899 1538 1932 1565 et
1955 1532 2106 1564 aliorum
2134 1529 2296 1574 Prophe-

1314 1591 1427 1616 tarum
1453 1583 1489 1614 in
1514 1581 1685 1615 Graecam
1712 1582 1869 1624 linguam
1894 1588 2151 1617 converterent.
2201 1581 2296 1615 Haec

1315 1640 1411 1666 vetus
1429 1633 1610 1666 translatio
1626 1630 1912 1676 propheticorum
1930 1633 2101 1666 librorum
2121 1634 2159 1666 in
2183 1631 2296 1666 Grae-

1315 1696 1394 1717 cum
1414 1695 1612 1716 sermonem
1644 1691 1792 1716 vocatur
1810 1682 2034 1727 Septuaginta
2061 1682 2296 1728 Interpretum

1315 1747 1414 1778 opus.
1465 1733 1533 1766 Per
1554 1731 1644 1766 hanc
1668 1734 1886 1766 occasionem
1906 1734 2074 1767 credibile
2092 1742 2142 1768 est
2160 1734 2297 1779 aliquos

1316 1786 1352 1817 in
1369 1785 1526 1829 Aegypto
1545 1790 1577 1816 et
1593 1784 1676 1816 alibi
1696 1790 1779 1816 tunc
1799 1795 1916 1817 veram
1934 1785 2139 1828 religionem
2164 1785 2297 1828 ample-

1316 1847 1376 1868 xos
1402 1847 1491 1874 esse,
1516 1846 1595 1867 cum
1620 1841 1652 1867 et
1675 1835 1756 1866 libri
1775 1834 1996 1877 legerentur,
2025 1841 2057 1868 et
2080 1835 2147 1868 viri
2164 1835 2259 1868 docti
2279 1846 2296 1867 e

1318 1885 1474 1925 ludaeis,
1519 1885 1579 1929 qui
1612 1885 1842 1918 versabantur
1870 1886 1962 1918 inter
1993 1884 2143 1925 Gentes,
2187 1885 2297 1918 libere

1317 1936 1402 1968 alios
1433 1937 1557 1968 docere
1584 1943 1736 1979 possent.
1796 1935 1884 1968 Nam
1905 1947 1971 1968 vox
1996 1947 2096 1968 verae
2120 1934 2297 1969 Ecclesiae

1317 1985 1382 2019 Dei
1400 1998 1581 2031 nunquam
1600 1993 1728 2018 temere
1748 1992 1780 2018 et
1794 1986 1921 2018 frustra
1938 1986 2117 2019 excitatur.
2156 1985 2297 2029 Magnis

1317 2044 1431 2070 autem
1451 2036 1626 2070 beneficiis
1642 2034 1697 2068 hic
1717 2033 1971 2079 Philadelphus
1991 2036 2136 2069 ludaeos
2160 2037 2298 2077 adfecit,

1316 2100 1397 2120 nam
1425 2095 1456 2121 et
1483 2087 1614 2132 populo
1639 2086 1804 2119 universo
1831 2086 2093 2120 immunitatem
2120 2088 2299 2127 concessit,

1318 2145 1350 2171 et
1368 2138 1428 2175 iis,
1455 2139 1569 2183 quiin
1588 2137 1746 2182 Aegypto
1770 2136 1987 2178 serviebant,
2013 2138 2210 2171 libertatem
2235 2139 2299 2171 do-

1317 2189 1426 2222 navlt.

1421 2246 1676 2281 Observandus
1709 2253 1759 2279 est
1789 2244 1847 2279 hic
1879 2259 1977 2280 error
1999 2248 2210 2286 multorum,
2239 2247 2300 2292 qui

1321 2297 1504 2332 historiam
1524 2298 1641 2331 fratris
1656 2296 1840 2342 κερατίνου
1859 2298 1895 2330 in
1914 2295 2007 2331 hunc
2027 2295 2299 2341 Philadelphum

1320 2350 1545 2383 transferunt.
1599 2348 1686 2381 Nam
1701 2346 1879 2393 κίραυνος
1901 2349 2008 2382 frater
2032 2360 2072 2381 ex
2098 2348 2165 2381 alia
2190 2354 2300 2380 matre

1320 2407 1442 2439 natus,
1477 2411 1516 2432 ex
1547 2397 1723 2444 Eurydice
1756 2398 1955 2443 Antipatri,
1989 2399 2108 2432 relicta
2138 2397 2299 2443 Aegypto

1320 2451 1496 2495 profectus
1512 2457 1562 2483 est
1580 2450 1616 2481 in
1633 2449 1892 2492 Macedoniam,
1922 2456 1955 2483 et
1968 2460 2134 2493 oppresso
2153 2448 2298 2482 Seleuco

1320 2501 1528 2545 aliquandiu
1552 2500 1665 2534 tenuit
1689 2499 1954 2538 Macedoniam,
1989 2499 2124 2544 fuitque
2148 2499 2299 2533 incestus

1322 2559 1354 2584 et
1373 2551 1502 2594 impius
1518 2551 1554 2583 in
1571 2563 1727 2584 sororem
1746 2549 1944 2591 Arsino'e‘n,
1971 2561 2075 2594 quam
2094 2550 2217 2583 fraude
2232 2550 2299 2582 cir-

1323 2608 1544 2635 cumventam
1579 2602 1679 2635 duxit
1709 2613 1870 2638 uxorem,
1903 2607 1936 2633 et
1966 2607 2084 2644 postea
2116 2600 2300 2638 interfecit,

1324 2652 1452 2686 necatis
1483 2664 1553 2685 una
1583 2652 1664 2685 filiis
1693 2649 1893 2697 Lysimachi
1922 2651 1958 2683 in
1985 2651 2103 2684 matris
2127 2651 2298 2684 Arsinoae
