2379 2948
129 82 228 119 1249

123 168 153 202 si
174 166 407 211 cogitabimus
430 168 474 202 ad
502 180 608 214 quam
632 167 816 204 doctrinae
838 176 974 214 partem
992 169 1123 214 singuli

125 218 342 264 pertineant.

207 269 367 303 Primum
388 270 496 313 igitur
514 269 764 314 distinguenda
783 277 865 305 sunt
881 282 1008 314 genera
1022 271 1121 306 Psal-

122 331 276 356 morum.
330 320 424 355 Sunt
441 328 558 355 autem
576 322 642 355 tria
661 332 801 365 genera.
841 323 916 355 Alii
935 330 1018 357 sunt
1036 335 1120 367 pro-

124 369 256 416 phetici
290 383 348 405 seu
380 372 603 416 didascalici,
647 383 709 406 seu
740 373 883 417 proprie
913 374 1118 417 evangelici,

122 423 310 467 praecipue
329 424 372 457 ad
392 421 458 457 hoc
476 422 674 466 compositi,
690 430 729 457 ut
745 424 942 458 doctrinam
960 426 1002 458 de
1012 423 1119 459 Chri-

123 480 176 507 sto
196 475 357 515 tradant,
385 474 499 519 qualis
527 473 572 507 sit
593 473 732 508 futurus
756 474 923 517 Messias,
949 477 1044 521 quod
1074 477 1118 511 sit

122 535 306 568 passurus,
333 526 436 570 quale
455 525 499 558 sit
516 525 676 557 futurum
701 525 811 570 ipsius
832 538 980 570 regnum
998 540 1036 561 ac
1055 529 1117 562 be-

121 575 307 616 neficium,
333 576 454 621 quales
472 583 572 617 sunt,
600 575 761 610 Psalmus
785 579 971 613 secundus·
1028 577 1115 613 Item

119 625 248 660 Psalm.
276 624 479 668 Eructavit,
529 634 562 660 et
596 625 758 661 Psalmus
794 627 893 663 Dixit
927 628 1116 671 Dominus,

120 684 153 710 et
172 677 306 723 aliquot
323 677 466 713 similes.
520 675 594 712 Aut
611 680 755 712 tradunt
773 680 972 714 doctrinam
999 682 1041 714 de
1059 693 1116 714 re-

121 728 290 761 missione
314 736 558 773 peccatorum,
584 730 627 762 de
654 730 851 769 sacrificiis,
888 739 926 764 ut
954 731 1115 766 Psalmus

122 778 183 814 31.
201 778 300 812 Beati
316 792 469 824 qnorum
492 781 655 814 remissae
678 788 760 815 sunt
778 782 994 827 iniquitates.
1027 782 1114 817 Item

120 828 281 863 Psalmus
309 830 491 867 Miserere.

219 879 295 914 Alii
319 889 399 915 sunt
426 882 564 926 generis
580 882 747 923 suasorii,
771 883 934 916 videlicet
952 883 1113 916 consola-

116 931 252 971 tiones,
289 934 509 977 precationes
543 940 576 967 et
612 934 806 977 gratiarum
841 935 1007 968 actiones.
1068 932 1114 968 Et

117 994 324 1028 quanquam
352 984 547 1018 miscentur
569 996 719 1028 genera,
743 991 862 1019 tamen
890 986 992 1018 facile
1019 985 1115 1018 iudi-

116 1033 189 1066 cari
216 1042 348 1078 potest,
378 1048 468 1081 qnae
500 1036 546 1069 sit
577 1036 764 1080 praecipua
792 1036 921 1069 Psalmi
959 1036 1113 1069 materia.

114 1082 178 1118 Est
210 1092 327 1119 antem
360 1087 534 1120 maximus
565 1099 735 1120 numerus
759 1087 982 1121 Psalmorum
1009 1085 1115 1120 huius

116 1136 267 1178 generis,
289 1137 453 1171 videlicet
471 1138 775 1178 consolationum,
792 1139 986 1181 gratiarum
1004 1138 1114 1172 actio-

113 1198 215 1230 num,
235 1193 269 1221 et
285 1188 545 1232 precationum.
582 1187 780 1221 Miscentur
797 1196 913 1222 autem
934 1196 966 1222 et
984 1187 1039 1221 his
1059 1201 1115 1221 ar-

113 1237 214 1271 ticuli
232 1239 453 1282 dogmatum,
481 1240 543 1284 qui
561 1239 823 1273 concionantur
840 1240 883 1272 de
903 1239 1113 1273 liberatione

113 1288 279 1334 piorum,
306 1297 340 1323 et
363 1291 407 1323 de
432 1290 583 1333 gratuita
607 1289 834 1330 remissione,
870 1290 913 1323 de
937 1290 1114 1324 exercitiis

113 1339 194 1372 fidei
213 1340 249 1372 in
267 1351 382 1373 cruce.
423 1340 529 1384 ltem,
559 1342 602 1374 de
630 1341 740 1374 irritis
764 1338 951 1373 hominum
977 1341 1113 1375 conati-

112 1391 178 1423 bus
201 1389 278 1423 sine
308 1391 440 1425 auxilio
461 1389 555 1432 Dei,
593 1392 636 1424 de
667 1391 792 1435 poenis
821 1391 1016 1435 impiorum
1048 1398 1111 1426 etc.

111 1438 169 1474 Ad
196 1437 263 1474 hoc
288 1453 400 1484 genus
432 1443 586 1487 pertinet
619 1441 781 1476 Psalmus
816 1441 901 1475 Noli
926 1443 1111 1478 aemulari.

111 1490 201 1525 Item
212 1491 375 1526 Psalmus
392 1500 563 1539 quartus,
587 1501 620 1527 et
633 1493 695 1527 alii
712 1493 827 1528 multi.

215 1542 381 1577 Tertium
399 1555 509 1587 genus
526 1552 575 1579 est
593 1545 803 1589 simpliciter
820 1541 999 1590 νομικὸν,
1027 1556 1112 1577 con·
1136 1567 1137 1570 =

112 1592 232 1628 tinens
259 1603 444 1640 praecepta
471 1597 513 1629 de
541 1596 645 1629 bonis
672 1596 859 1639 operibus,
887 1603 926 1629 nt
949 1594 1112 1629 Psalmus

113 1645 217 1680 112.:
244 1643 376 1679 Beatus
394 1647 450 1679 vir
466 1647 527 1692 qui
546 1647 647 1680 timet
663 1645 870 1679 Dominum.
906 1645 992 1679 Item
1010 1658 1110 1690 prae—

111 1702 250 1740 ceptum
288 1698 331 1730 de
366 1698 576 1730 concordia:
616 1696 706 1730 Ecce
742 1709 848 1742 quam
885 1698 1020 1729 bonum
1048 1703 1112 1730 etc.

111 1746 189 1780 Etsi
220 1754 336 1780 autem
368 1747 530 1791 ingentes
556 1748 727 1781 utilitates
761 1747 946 1781 continent
972 1747 1110 1791 singula

112 1809 260 1841 genera,
289 1805 408 1832 tamen
433 1800 586 1843 primum
611 1810 720 1842 genus
744 1796 812 1831 hoc
835 1799 981 1831 nomine
1007 1810 1111 1842 supe-

112 1855 186 1890 rat,
213 1851 309 1894 quod
335 1851 502 1895 proponit
520 1850 719 1884 doctrinam
738 1848 925 1892 Evangelii
944 1851 987 1882 de
1005 1847 1110 1882 Chri-

111 1906 185 1940 sto,
219 1907 252 1934 et
279 1902 400 1934 multis
434 1901 650 1945 gravissimis
685 1901 898 1934 testimoniis
925 1901 1110 1934 confirmat

111 1951 187 1994 pias
203 1959 346 1987 mentes.
394 1952 497 1993 Item,
522 1953 649 1986 refutat
668 1951 834 1991 ludaeos,
852 1951 913 1997 qni
931 1952 1110 1986 somniant

110 2013 260 2045 regnum
279 2001 411 2038 Christi
429 2005 665 2037 mundanum.

215 2053 408 2088 Sciendum
443 2062 493 2090 est
528 2055 637 2095 illud,
678 2053 718 2087 In
747 2054 915 2087 omnibus
948 2052 1110 2094 Psalmis,

109 2103 174 2138 uhi
199 2104 237 2137 fit
260 2106 395 2139 mentio
419 2106 701 2146 misericordiae,
737 2105 1008 2148 intelligendum
1037 2116 1109 2138 esse

112 2156 157 2189 de
175 2155 327 2199 gratuita
345 2157 585 2191 misericordia
599 2185 608 2198 ,
637 2156 737 2202 quasi
765 2156 895 2189 diceret
914 2153 1107 2199 Propheta:

111 2207 214 2240 Aliae
229 2213 348 2249 gentes
369 2220 443 2241 non
461 2216 593 2242 norunt
614 2215 709 2242 certo
728 2207 1009 2241 misericordiam
1029 2206 1109 2248 Dei,

111 2258 172 2291 sed
198 2264 336 2291 tantum
362 2256 495 2293 habent
521 2260 676 2305 aliquam
701 2258 787 2302 legis
812 2258 1000 2299 noticiam,
1033 2270 1106 2292 non

112 2315 275 2343 statuunt
308 2316 423 2352 certo,
455 2312 551 2356 quod
576 2309 671 2344 Deus
708 2310 792 2344 velit
826 2310 1011 2348 exaudire,
1043 2321 1108 2343 nos

111 2366 207 2394 certo
233 2360 399 2394 novimus
425 2362 613 2405 gratuitam
637 2361 936 2402 misericordiam,
963 2368 1108 2405 propter
1130 2367 1132 2388 ἱ

112 2411 384 2457 promissioneS‚
411 2413 540 2445 scimus
558 2420 673 2454 certo,
700 2414 796 2458 quod
819 2412 914 2446 Deus
940 2413 1024 2445 velit
1048 2424 1107 2445 ex-

111 2462 254 2501 audire,
290 2470 323 2497 et
347 2460 414 2497 hac
438 2463 507 2497 fide
529 2464 754 2506 invocamus,
783 2471 815 2498 et
839 2463 970 2497 scimus
991 2462 1106 2497 Deum

111 2513 203 2547 velle
220 2511 285 2547 hac
310 2514 378 2548 fide
402 2515 482 2548 coli.
535 2514 636 2549 Sicut
661 2515 724 2549 ait:
752 2514 883 2549 Invoca
909 2527 964 2548 me
987 2515 1024 2547 in
1049 2515 1107 2548 die

112 2564 372 2600 tribulationis.

112 2615 224 2650 cludit
241 2617 440 2651 doctrinam
467 2618 510 2651 de
535 2617 615 2652 fide.

117 2665 250 2700 Psalmi
273 2668 377 2702 multi
401 2668 588 2702 dulciores.

169 2719 346 2752 Mamm.
378 2721 481 2753 Orsa.
511 2721 593 2751 Vot„
614 2720 710 2753 XIII.

736 81 801 119 1x.
853 80 1221 120 COMMENTARII
1256 83 1307 121 IN
1338 84 1583 127 PSALMOS.

2069 94 2166 133 1250

1173 170 1269 205 inter
1286 179 1405 216 gentes
1420 180 1453 208 et
1471 174 1567 218 pios,
1593 182 1713 219 gentes
1736 177 1830 212 enim
1846 190 1919 213 non
1935 188 2069 216 norunt
2086 194 2165 226 gra-

1172 222 1298 255 tuitam
1323 225 1623 266 misericordiam,
1658 227 1738 262 ideo
1764 241 1838 263 non
1861 237 2021 265 statuunt
2045 244 2081 266 se
2103 246 2163 267 ex-

1171 274 1287 307 audiri
1305 286 1323 308 a
1339 273 1428 310 Deo.

1500 417 1698 462 Psalmus
1731 419 1823 463 CX.

1194 498 1220 533 l.
1252 499 1365 534 Dioeit
1387 500 1571 536 Dominus
1589 504 1749 540 Domino
1771 517 1871 549 meo,
1902 507 2003 543 Sede
2022 521 2045 543 a
2068 508 2159 544 dex-

1242 552 1315 584 tris
1330 552 1448 593 meis,
1477 552 1593 588 donec
1614 567 1752 599 ponam
1777 560 1948 593 inimicos
1972 564 2056 594 tuos
2079 573 2158 596 sca-

1243 600 1376 636 bellum
1394 603 1533 646 pedum
1552 609 1712 641 tuorum.

1194 666 1239 703 ll.
1267 671 1470 713 Sceptrum
1501 674 1608 717 regni
1641 676 1697 707 tui
1731 677 1879 710 emittet
1909 678 2090 712 Dominus
2113 691 2160 714 ex

1242 723 1358 763 Zion,
1387 725 1429 755 ut
1448 720 1652 757 domineris
1672 728 1773 759 inter
1792 728 1967 762 inimicos
1984 734 2077 764 tuos.

1193 783 1256 818 111.
1283 789 1447 831 Populus
1463 793 1549 823 tuus
1561 796 1692 834 sponte
1713 789 1846 838 offeret
1869 793 1937 828 tibi
1960 797 1998 829 in
2021 795 2083 831 die
2108 800 2160 832 vi-

1243 841 1387 872 ctoriae
1405 844 1514 883 tuae,
1544 852 1629 875 cum
1645 849 1782 878 ornatu
1799 850 1938 880 sancto.
1982 849 2039 880 EJ:
2055 854 2158 883 utero

1239 892 1361 923 oritur
1379 889 1449 924 tibi
1466 902 1526 925 ros
1542 897 1806 938 yenerationz's
1822 901 1926 931 tuae.

1190 955 1254 991 lv.
1283 960 1431 991 Iuravit
1448 959 1646 1001 Dominus,
1676 967 1714 996 et
1739 974 1809 997 non
1829 964 2038 1008 poenitebit
2060 977 2159 1001 eum:

1245 1011 1297 1042 Tu
1314 1020 1352 1043 es
1369 1010 1559 1044 Sacerdos
1576 1013 1614 1045 in
1633 1018 1842 1058 aeternum,
1871 1016 2081 1052 secundum
2099 1030 2159 1052 or—

1239 1060 1365 1094 dinem
1381 1061 1676 1098 Melchisedech.

1190 1124 1232 1160 V.
1257 1127 1441 1162 Dominus
1473 1140 1496 1163 a
1531 1129 1682 1165 deoelris
1716 1134 1793 1166 tuis
1821 1139 1993 1169 conteret
2024 1138 2064 1170 in
2097 1136 2160 1171 die

1240 1181 1322 1212 irae
1340 1190 1435 1214 suae
1452 1191 1570 1227 reyes.

1189 1244 1250 1279 Vl.
1275 1244 1472 1280 Iudicabit
1497 1249 1597 1282 inter
1618 1253 1775 1293 gentes,
1811 1252 2017 1287 cumulabit
2040 1253 2159 1289 cada-

1237 1307 1348 1339 vera,
1376 1302 1544 1332 conteret
1562 1303 1689 1344 capita
1710 1302 1748 1334 in
1766 1305 1882 1337 terris
1900 1305 2044 1339 multis.

1188 1362 1270 1397 vll.
1300 1364 1356 1397 De
1375 1368 1543 1399 torrente
1560 1369 1599 1400 in
1616 1370 1675 1401 via
1692 1366 1811 1411 bibet,
1838 1375 2036 1415 propterea
2052 1375 2160 1407 exal-

1238 1413 1335 1449 tabit
1353 1420 1480 1460 caput.

1264 1490 1332 1525 Hic
1349 1491 1511 1527 Psalmus
1528 1501 1578 1528 est
1596 1507 1636 1527 ex
1655 1495 1769 1539 primo
1788 1508 1934 1540 genere,
1962 1505 1995 1532 et
2013 1502 2157 1547 proprie

1161 1549 1210 1575 est
1236 1544 1478 1586 evangelicus,
1519 1546 1619 1579 docet
1654 1547 1837 1585 ordinem,
1878 1550 1956 1594 quis
1980 1550 2025 1584 sit
2050 1550 2158 1585 Chri-

1161 1601 1252 1633 stus,
1281 1596 1376 1639 quod
1393 1596 1557 1630 videlicet
1581 1597 1626 1631 sit
1641 1596 1738 1631 Deus
1764 1605 1797 1632 et
1817 1598 1953 1641 Homo,
1987 1601 2070 1634 item
2094 1604 2157 1637 ubi

1161 1651 1371 1687 regnaturus
1388 1646 1446 1690 sit,
1463 1647 1609 1692 etquale
1623 1649 1667 1681 sit
1685 1649 1845 1682 futurum
1863 1663 2022 1695 regnum.
2056 1652 2156 1695 Item,

1160 1696 1255 1739 qnod
1283 1695 1327 1729 sit
1351 1696 1493 1730 futurus
1517 1700 1698 1740 sacerdos,
1727 1707 1759 1733 et
1787 1699 1974 1736 habiturus
1992 1706 2155 1737 sacerdo-

1160 1747 1248 1780 tium
1278 1755 1500 1794 perpetuum.
1554 1748 1813 1794 Complectitur
1838 1760 1953 1786 autem
1985 1756 2155 1790 beneficia

1159 1795 1312 1838 Christi,
1340 1799 1488 1843 loquens
1512 1800 1556 1834 de
1580 1812 1688 1843 regno
1712 1809 1746 1836 et
1769 1805 1986 1844 sacerdotio,
2020 1818 2090 1851 quo
2117 1807 2155 1840 in

1160 1849 1237 1881 loco
1264 1848 1395 1883 accedit
1421 1851 1592 1893 particula
1618 1853 1785 1896 insignis,
1820 1867 1909 1900 quae
1935 1857 2153 1891 uberrimam

1160 1900 1358 1932 doctrinam
1391 1902 1567 1943 continet,
1603 1905 1696 1948 quod
1724 1902 1889 1939 Christus
1922 1907 1964 1941 sit
1990 1915 2153 1942 aeternus

1159 1952 1331 1984 sacerdos.
1387 1953 1491 1993 Item,
1519 1955 1614 1998 quod
1638 1954 1682 1988 sit
1703 1957 1865 1989 sacerdos
1881 1960 2072 1992 secundum
2093 1972 2152 1993 or-

1160 2002 1279 2035 dinem
1300 2000 1583 2045 Melchisedech,
1600 2005 1769 2040 discernit
1787 2007 1896 2050 igitur
1914 2011 2150 2044 sacerdotium

1160 2051 1290 2087 Christi
1318 2066 1335 2086 a
1357 2053 1527 2090 Levitic’o.
1582 2055 1721 2090 Deinde
1743 2058 1974 2092 concionatur
1997 2062 2040 2093 de
2067 2073 2151 2105 poe-

1159 2105 1214 2137 nis
1236 2105 1445 2148 impiorum,
1473 2113 1652 2149 postremo
1669 2109 1769 2142 addit
1786 2110 1992 2143 vaticinium
2009 2113 2052 2144 de
2072 2124 2150 2156 pas-

1157 2156 1257 2189 sione
1274 2154 1417 2191 Christi.
1462 2159 1557 2192 Haec
1577 2166 1627 2192 est
1646 2170 1782 2193 summa
1805 2158 1910 2194 huius
1928 2161 2073 2197 Psalmi.

1260 2206 1349 2241 Cum
1368 2216 1485 2242 autem
1513 2211 1705 2243 necessaria
1729 2211 1773 2244 sit
1790 2212 1949 2245 doctrina
1974 2214 2016 2246 de
2041 2215 2149 2248 bene-

1158 2258 1244 2291 ficiis
1263 2257 1418 2300 Christi,
1447 2261 1595 2293 maxime
1614 2273 1701 2304 opus
1719 2268 1769 2295 est
1784 2262 1981 2306 intelligere
2000 2277 2148 2307 regnum

1157 2317 1190 2343 et
1205 2311 1440 2344 sacerdotium
1456 2309 1601 2352 Christi,
1620 2324 1701 2345 nam
1720 2310 1804 2346 haec
1819 2314 1890 2347 duo
1907 2316 2149 2359 complectun-

1157 2368 1215 2395 tur
1233 2374 1407 2395 summam
1425 2362 1675 2395 beneficiorum
1695 2363 1851 2397 illorum.
1904 2364 1962 2398 Ad
1986 2368 2149 2401 sacerdo-

1157 2413 1244 2446 tium
1262 2413 1433 2457 pertinet,
1460 2414 1554 2458 quod
1572 2411 1735 2448 Christus
1752 2415 1862 2449 factus
1884 2423 1935 2450 est
1959 2429 2023 2460 pro
2044 2419 2149 2452 nobis

1157 2464 1318 2502 victima,
1347 2465 1441 2509 quod
1462 2471 1513 2498 est
1534 2464 1731 2507 Mediator,
1747 2466 1890 2510 placans
1908 2465 2036 2509 Deum,
2051 2471 2149 2515 quod

1156 2515 1300 2549 sustulit
1316 2522 1516 2558 peccatum,
1544 2517 1639 2561 quod
1658 2516 1861 2561 interpellat
1879 2530 1944 2563 pro
1967 2520 2089 2561 nobis,
2115 2528 2148 2555 et

436 2565 487 2599 Ita
519 2566 670 2598 maxima
697 2577 776 2609 pars
800 2565 1023 2600 Psalmorum
1050 2566 1107 2599 in—
1157 2573 1207 2599 est
1227 2566 1389 2610 pontifex
1413 2574 1558 2610 propter
1572 2579 1678 2612 quem
1695 2569 1922 2610 exaudimur,
1950 2577 1984 2604 et
2001 2571 2063 2616 qui
2081 2584 2146 2605 no-

667 2614 715 2650 Et
739 2614 805 2650 hoc
830 2617 998 2661 cogitanti
1023 2617 1107 2650 fient
1157 2624 1245 2650 stras
1274 2628 1391 2660 preces
1410 2618 1539 2661 perfert
1560 2619 1603 2651 ad
1629 2625 1777 2662 patrem.

649 2665 727 2701 Imo
750 2665 816 2701 hac
842 2668 1033 2701 discrimen
1056 2674 1106 2701 est
1156 2668 1208 2702 dit
1242 2680 1374 2701 novum
1398 2668 1564 2711 verbum,
1599 2675 1632 2703 et
1658 2667 1726 2704 hoc
1749 2671 1858 2705 verbo
1891 2672 2044 2706 vivificat
2074 2673 2147 2707 vita

1837 2619 1943 2662 Item,
1972 2623 2067 2666 quod
2086 2624 2146 2656 de-

1623 2719 1671 2753 79
