2379 2948
111 106 207 143 1049

102 200 285 224 mansuras
304 199 394 230 esse,
423 200 503 222 cum
527 200 546 222 a
563 186 638 221 Deo
657 195 813 232 petemus
834 188 1089 223 defensionem.

101 240 350 275 IMisericordia
384 239 566 280 altissimi,
593 239 732 284 inquit,
764 246 855 282 teget
890 239 1087 283 principem

102 304 147 325 ne
163 297 363 332 evertatur,
389 302 462 323 non
481 289 671 329 exercitus,
698 301 771 322 non
798 290 1004 332 magnitudo
1028 302 1089 333 pe—

100 342 243 380 cuniae,
277 353 350 374 non
372 341 567 374 amicorum
593 340 797 373 coniunctio
827 348 887 373 ant
912 341 1086 374 sociorum

99 393 179 426 foed
185 404 254 426 era.

201 442 315 476 Versu
336 441 527 476 undecimo
555 451 690 473 causam
715 440 839 474 recitat
865 453 972 485 quare
990 439 1087 475 Deus
1111 469 1113 474 ,

100 505 202 537 opem
220 494 325 534 ferat,
353 493 434 537 quia
451 489 568 523 hostes
586 490 760 523 iustorum
777 498 808 524 et
829 491 967 534 piorum
985 493 1086 536 prin-

97 545 216 589 cipum
249 544 406 576 inferunt
435 542 570 574 bellum
605 553 677 573 non
704 539 909 575 hominibus
936 549 1085 583 tantum,

97 596 157 628 sed
174 594 260 628 Deo.
314 590 563 629 Proice-erunt,
589 591 724 636 inquit,
756 597 911 637 superte
927 591 1083 627 malum.

95 644 207 678 Adest
222 645 329 688 igitur
346 643 461 681 Deus,
490 654 535 674 ne
555 643 598 675 ab
620 642 737 686 impiis
765 651 798 677 et
815 645 977 688 superbis
1000 656 1085 677 con-
1108 664 1109 668 =

95 696 230 728 firmari
255 696 346 728 sinat
369 692 585 742 Epicureum
621 700 852 735 contemtum,
885 701 924 728 ut
948 695 985 727 in
1014 695 1082 728 alio

95 745 235 780 Psalmo
253 745 399 779 dicitur:
424 744 477 777 Ne
499 745 641 788 quando
660 744 796 785 dicant,
824 746 897 778 Ubi
920 753 969 779 est
990 745 1083 779 Dens

95 798 244 832 eorum?
296 793 344 829 Et
360 795 481 828 Esaias
498 794 560 828 48.
578 795 689 838 capite
713 795 815 829 dicit:
845 795 994 839 Propter
1018 809 1083 829 no-

92 859 174 880 men
192 858 310 879 meum
334 846 440 889 longe
462 845 587 878 faciam
603 846 759 879 furorem
779 858 912 887 meum,
942 854 1083 891 propter
1105 870 1107 876 ι

92 909 164 936 me,
194 904 337 942 propter
360 909 413 930 me
439 897 584 937 faciam,
619 903 659 929 ut
683 908 756 929 non
778 895 1020 942 blasphemer,
1050 906 1081 932 et

91 948 239 991 gloriam
272 960 384 981 meam
409 947 509 981 alteri
546 959 619 980 non
651 948 755 981 daho.
817 947 918 981 Hanc
944 960 1080 982 causam

91 997 167 1033 Deo
196 1005 230 1032 et
262 1011 327 1032 nos
352 998 389 1031 in
413 998 676 1042 precationibus
695 999 863 1032 adversus
892 998 1080 1032 Turcicam

91 1049 333 1084 crudelitatem
351 1056 384 1083 et
401 1050 488 1082 alios
504 1056 674 1094 tyrannos
691 1061 944 1094 proponamus.

236 1152 574 1197 Argumentum>
602 1162 654 1184 ac
682 1150 940 1195 dispositio

430 1217 588 1257 Psalmi
616 1217 757 1257 XXII.

139 1292 242 1325 Deus
262 1301 384 1332 meus,
418 1291 522 1324 Deus
544 1301 670 1333 meus,
706 1300 823 1334 quare
857 1300 914 1323 me
945 1289 1079 1324 dereli-

138 1340 276 1387 quisti?
303 1344 429 1387 Lonye
451 1352 473 1374 a
489 1342 613 1374 salute
629 1352 712 1374 mea
731 1340 834 1382 abeS,
856 1345 891 1373 et
912 1352 934 1374 a
958 1340 1078 1374 verbis

138 1394 289 1439 rugitus·
306 1394 397 1435 mei,
426 1396 499 1425 etc.

187 1459 348 1494 Precatio
371 1466 421 1493 est
442 1459 593 1503 petentis
623 1459 870 1493 liberationem
903 1459 940 1491 in
965 1459 1076 1492 maxi-

85 1511 152 1545 mis
167 1511 345 1544 aerumnis
371 1517 407 1544 et
430 1510 469 1542 in
496 1517 627 1550 morte,
655 1517 687 1543 et
704 1508 809 1544 habet
827 1510 939 1544 tristia
955 1507 1073 1555 πάθη,

86 1563 215 1608 quibus
233 1562 368 1594 confert
386 1572 466 1594 suas
482 1561 691 1594 afflictiones
708 1573 786 1594 cum
816 1568 954 1605 patrum
972 1573 1074 1594 aeru-

84 1613 194 1653 mnis,
222 1619 256 1647 et
273 1613 434 1657 queritur
450 1623 529 1645 suas
547 1623 619 1645 esse
638 1612 803 1645 maiores.
859 1611 996 1644 Deinde
1019 1623 1074 1644 se-

85 1665 207 1710 quitur
222 1664 414 1707 gratiarum
438 1663 527 1696 actio
548 1675 610 1706 pro
630 1663 856 1703 liberatione,
885 1670 917 1695 et
935 1663 1073 1696 addun-

83 1723 142 1751 tur
158 1715 301 1748 effectus
317 1714 508 1757 gratiarum
534 1713 701 1752 actionis,
729 1714 823 1758 quod
848 1720 881 1747 et
901 1711 962 1746 has
983 1714 1072 1746 libe-

83 1767 238 1800 rationes
261 1765 499 1799 celebraturus
522 1764 585 1803 sit‚
621 1771 654 1798 et
676 1771 785 1798 totam
806 1764 1005 1797 doctrinam
1030 1765 1072 1796 de

83 1815 159 1852 Deo
175 1816 242 1850 late
260 1823 536 1860 propagaturuS,
565 1827 635 1860 quo
653 1815 768 1848 officio
791 1815 1001 1848 collecturus
1027 1815 1072 1848 sit

82 1876 259 1903 aeternam
277 1865 469 1900 Ecclesiam
481 1891 489 1906 ‚
514 1873 548 1900 et
565 1866 708 1910 quidem
726 1866 819 1899 inter
837 1872 971 1908 gentes,
988 1866 1071 1910 quia

81 1919 241 1954 futurum
265 1918 309 1951 sit
331 1925 369 1952 ut
386 1917 461 1950 Deo
486 1923 649 1950 nascatur
672 1929 785 1949 novus
803 1917 966 1964 populuS.
1020 1916 1071 1949 lta

82 1970 119 2003 in
161 1970 229 2002 fine
260 1969 473 2002 vaticinatur
506 1969 549 2001 de
591 1968 841 2016 propagatione
874 1966 1071 2010 Evangelii,

81 2021 126 2054 de
150 2020 221 2053 vita
245 2026 404 2061 aeterna,
432 2025 466 2053 et
491 2020 532 2052 de
552 2020 735 2052 vocatione
754 2018 936 2052 Gentium.
989 2016 1071 2052 Est—

82 2083 151 2117 que
172 2082 319 2115 persona
344 2071 508 2116 loquens,
535 2067 708 2104 Christus.
764 2069 853 2102 Nam
876 2069 980 2102 etiam
998 2069 1071 2103 Da—

82 2123 143 2155 vid
160 2123 203 2154 de
219 2133 254 2154 se
269 2133 407 2166 quoque
423 2121 601 2166 loquitur,
630 2128 663 2154 et
684 2120 812 2154 similia
837 2120 986 2164 patitur,
1015 2127 1066 2153 ta-

81 2185 162 2206 men
187 2172 249 2205 scit
266 2183 344 2205 suas
360 2173 570 2206 afflictiones
597 2179 630 2205 et
649 2172 875 2205 liberationes
898 2171 1068 2214 imagines

81 2235 153 2258 esse
169 2222 400 2256 afflictionum
427 2230 459 2256 et
476 2223 701 2256 victoriarum
722 2220 875 2264 Christi,
904 2234 990 2267 quas
1016 2234 1069 2255 se-

80 2281 204 2309 cutura
222 2280 295 2307 erat
314 2272 498 2316 Evangelii
524 2274 728 2321 propagatio
757 2280 789 2307 et
814 2274 972 2306 collectio
998 2272 1068 2306 Ec-

80 2326 217 2360 clesiae.
269 2323 315 2357 Et
337 2322 431 2357 hunc
450 2324 627 2357 Psalmum
651 2325 772 2358 recitat
795 2324 930 2365 David,
958 2325 1067 2367 signi-

79 2377 186 2410 ficans
212 2382 402 2408 venturum
420 2373 597 2409 Christum
620 2376 745 2408 similia
773 2388 955 2420 passurum
982 2387 1065 2414 esse,

80 2435 112 2461 et
129 2434 248 2472 postea
275 2427 462 2460 liberatum
489 2438 527 2459 ac
551 2424 826 2470 triumphantem
854 2433 1067 2471 propagatu—

80 2536 113 2564 et
129 2529 358 2562 collecturum
372 2527 564 2561 Ecclesiam
590 2528 682 2560 inter
705 2535 824 2570 gentes
843 2536 906 2563 etc.
962 2529 1066 2562 Con—

79 2580 174 2624 gruit
189 2580 297 2622 igitur
316 2578 445 2612 Psalmi
465 2578 621 2612 recitatio
640 2577 769 2611 Davidi
794 2586 831 2612 ut
855 2587 938 2625 typo
954 2580 1065 2623 signi-

79 2631 197 2664 ficanti
222 2637 408 2664 venturum
437 2628 638 2670 Christum,
665 2637 699 2663 at
716 2627 875 2671 Christo,
903 2638 940 2664 ut
963 2643 1064 2674 prae-

77 2682 180 2727 cipuo
209 2681 368 2715 membro
398 2680 593 2722 Ecclesiae,
629 2680 701 2714 imo
737 2680 791 2713 illi
821 2681 918 2715 cuius
949 2681 1062 2726 passio

702 103 765 139 lx.
818 102 1182 141 COMMENTARH
1208 106 1259 140 IN
1285 106 1528 145 PSALMOS.

1112 348 1114 373 ῑ
1138 343 1202 378 dis.

2026 111 2122 146 1050

1139 203 1219 224 vere
1236 192 1344 226 vincit
1362 194 1521 227 omnium
1534 194 1677 229 Patrum
1701 196 1876 235 miserias,
1904 203 1936 230 et
1954 197 2053 230 cuius
2070 198 2124 231 vi-

1139 242 1247 275 ctoria
1263 243 1415 277 restituit
1432 245 1538 278 vitam
1556 254 1744 281 aeternam.
1788 247 1903 281 Multa
1921 249 2026 281 verba
2047 260 2122 281 rna-

1138 293 1188 335 gis
1215 302 1414 335 congruunt
1440 297 1480 327 ad
1508 293 1690 330 historiam
1714 296 1864 339 Christi,
1891 310 1996 343 qnam
2013 297 2123 330 Davi-

1256 343 1325 377 Sed
1350 351 1467 377 tamen
1493 353 1525 379 et
1549 346 1665 380 David
1691 360 1778 392 pene
1812 349 1941 382 similia
1975 349 2123 393 patitur:

1138 405 1201 426 nec
1220 394 1326 427 nimis
1345 395 1446 427 anxie
1464 397 1506 428 de
1523 397 1742 440 singulorum
1771 401 1958 433 verborum
1984 411 2123 432 accom-

1137 445 1339 478 modatione
1365 446 1518 490 disputo.
1570 447 1662 481 Satis
1685 456 1734 482 est
1761 450 1797 481 in
1822 462 1957 483 summa
1980 448 2047 483 hoc
2070 456 2123 483 te-

1137 507 1235 535 nere,
1264 496 1415 529 describi
1441 494 1496 529 hic
1522 499 1717 544 passionem
1737 498 1871 534 Christi
1894 508 1926 534 et
1943 501 2119 535 victorias.

1135 545 1206 578 Nec
1230 546 1486 580 excludendum
1516 560 1588 581 esse
1613 549 1802 591 Davidem,
1838 551 1919 595 quia
1948 559 2052 598 typus
2077 552 2122 584 sit

1135 594 1277 630 Clu-isti.
1334 596 1550 630 Tristissima
1578 596 1683 644 πάθη
1704 607 1802 641 sunt,
1839 602 1934 645 quod
1962 602 2122 645 queritur

1135 658 1168 679 se
1190 648 1351 680 relictum
1367 660 1439 681 esse
1454 660 1472 681 a
1489 647 1582 688 Deo,
1609 657 1638 682 et
1658 652 1752 695 quod
1773 663 1845 683 non
1866 652 2037 684 liberetur
2053 652 2120 684 sic-

1133 704 1170 730 ut
1194 697 1333 741 Patres,
1367 699 1457 732 sicut
1482 698 1685 741 Abraham,
1714 701 1837 742 Iacob,
1871 699 1999 745 Ioseph
2030 702 2119 735 libe—

1134 749 1199 781 rati
1211 756 1295 782 sunt
1310 776 1318 792 ‚
1348 761 1392 782 ne
1412 750 1701 785 interficerentur.

1235 808 1494 851 Argumentum
1520 809 1657 853 insigne
1679 811 1864 851 inseritur,
1892 817 1924 844 et
1947 811 1990 843 ad
2016 811 2119 844 fidem

1132 858 1349 891 excitandam
1375 860 1529 902 insigne,
1555 863 1649 907 quod
1678 862 1745 902 ait,
1773 873 1807 894 se
1834 861 1916 894 inde
1941 873 2050 906 usqne
2081 874 2120 894 ex

1132 916 1232 942 utero
1265 910 1386 943 matris
1416 923 1433 943 a
1460 910 1533 943 Deo
1558 920 1733 945 servatum
1760 919 1793 945 et
1819 913 2001 945 defensum
2035 924 2119 948 esse.

1133 959 1181 992 lta
1203 962 1425 1004 superiorum
1452 962 1704 996 liberationum
1728 963 1924 996 recordatio
1954 963 2121 996 exuscitat

1133 1018 1166 1044 et
1185 1012 1370 1045 confirmat
1389 1012 1505 1046 fidem.

1236 1069 1347 1103 Versu
1371 1070 1536 1104 vicesimo
1561 1072 1713 1104 secundo
1745 1072 1907 1107 incoatur
1927 1072 2120 1115 gratiarum

1131 1120 1219 1153 actio
1232 1148 1240 1159 ‚
1268 1121 1304 1152 in
1321 1133 1389 1165 qua
1406 1124 1530 1155 usitate
1548 1123 1768 1166 promittitur
1785 1124 1972 1157 celebratio
1998 1122 2116 1156 nomi-

1132 1171 1186 1203 nis
1203 1171 1286 1211 Dei,
1314 1178 1347 1204 et
1364 1172 1556 1206 doctrinae.
1612 1172 1708 1215 Quid
1734 1175 1826 1206 enim
1850 1174 1947 1207 aliud
1972 1174 2118 1207 reddere

1131 1233 1333 1269 possumus,
1361 1229 1399 1256 ut
1422 1234 1521 1266 saepe
1542 1223 1628 1256 alias
1651 1223 1783 1256 Psalmi
1806 1226 1951 1257 eandem
1978 1231 2118 1257 senten-

1131 1273 1213 1305 tiam
1232 1280 1412 1320 repetunt:
1440 1273 1520 1306 Non
1545 1274 1676 1306 moriar
1699 1276 1757 1307 sed
1778 1275 1912 1314 vivam,
1942 1282 1973 1309 et
1993 1286 2117 1307 narra-

1130 1325 1173 1356 bo
1191 1336 1296 1366 opera
1314 1322 1472 1356 Domini.
1525 1324 1646 1357 Postea
1669 1332 1865 1369 sequnntur
1889 1325 2053 1358 vaticinia
2073 1326 2117 1357 de

1130 1374 1200 1407 vita
1230 1381 1383 1406 aeterna.
1444 1373 1549 1407 Vivet
1579 1386 1640 1407 cor
1670 1382 1825 1408 vestrum
1855 1376 1892 1408 in
1922 1382 2115 1409 aeternum.

1129 1423 1174 1458 Et
1192 1424 1234 1457 de
1251 1424 1458 1457 collectione
1477 1423 1672 1458 Ecclesiae:
1700 1424 1962 1460 Convertentur
1979 1427 2022 1459 ad
2042 1423 2117 1458 Do-

1128 1475 1264 1508 minum
1282 1486 1403 1508 omnes
1420 1475 1505 1508 fines
1526 1482 1648 1512 terrae.
1704 1475 1807 1511 Item:
1836 1476 1972 1521 Populo
1998 1476 2116 1520 genito

1128 1538 1231 1571 quem
1250 1526 1342 1562 fecit.

1273 1645 1609 1691 Argumentum
1641 1657 1692 1679 ac
1719 1646 1976 1691 dispo-sitio

1446 1711 1604 1750 Psalmi
1633 1711 1797 1752 xxm.

1175 1793 1360 1826 Dominus
1374 1797 1508 1835 pastor
1526 1804 1644 1835 meus,
1663 1792 1757 1827 nihil
1774 1792 1868 1827 mihi
1885 1792 2021 1834 deerit,
2047 1795 2112 1824 etc.

1226 1865 1341 1899 David
1371 1866 1440 1909 agit
1468 1868 1596 1909 gratias
1617 1862 1700 1900 De'o
1722 1879 1785 1911 pro
1807 1867 2024 1907 nutritione,
2051 1867 2112 1899 de—

1124 1917 1285 1950 fensione
1322 1923 1355 1950 et
1389 1918 1664 1959 gubernatione,
1701 1919 1890 1950 adfirmans
1924 1916 2007 1950 haec
2039 1928 2111 1950 esse

1096 1954 1098 1989 ἶ
1126 1969 1291 2001 beneficia
1310 1966 1395 2000 Dei:
1425 1974 1458 2000 et
1482 1969 1586 2001 simul
1612 1969 1698 2012 petit
1715 1966 1799 2001 haec
1825 1970 1916 2002 bona
1946 1968 2111 2011 deinceps

1124 2020 1190 2052 sibi
1221 2019 1341 2052 tribui.
1406 2018 1517 2052 Addit
1550 2026 1665 2052 antem
1700 2031 1837 2052 causam
1872 2019 2110 2063 impulsivam,

1123 2083 1191 2115 qna
1218 2069 1350 2102 moveri
1372 2068 1485 2102 Deum
1512 2077 1606 2111 orat,
1634 2077 1671 2103 ut
1694 2068 1778 2103 haec
1802 2077 1896 2103 tanta
1921 2071 2012 2104 bona
2038 2070 2109 2102 lar-

1124 2122 1255 2164 giatur,
1289 2120 1453 2153 videlicet
1478 2118 1569 2153 hanc
1596 2133 1684 2166 quae
1711 2129 1910 2154 recensetur
1936 2121 1972 2153 in
1998 2120 2108 2152 versi-

1123 2173 1201 2205 cnlo
1226 2171 1345 2205 tertio:
1382 2168 1535 2216 Propter
1564 2183 1691 2204 nomen
1717 2176 1817 2204 tuum
1842 2183 1945 2204 seru-a
1971 2175 2002 2203 et
2029 2181 2108 2215 rege

1122 2235 1188 2255 nos·
1203 2220 1322 2257 Deus.
1377 2222 1493 2265 Quam
1511 2223 1557 2255 ob
1575 2223 1736 2255 causam?
1770 2222 1862 2255 'Num
1884 2228 2026 2266 propter
2042 2233 2107 2253 no-

1121 2280 1190 2307 stra
1206 2273 1355 2307 merita?
1410 2273 1509 2311 Non,
1538 2275 1598 2306 sed
1616 2280 1759 2317 propter
1775 2285 1903 2306 nomen
1921 2280 2040 2312 tuum,
2069 2272 2105 2304 id

1122 2332 1189 2366 est,
1216 2337 1261 2358 ne
1289 2332 1388 2358 tuum
1407 2336 1537 2357 nomen
1561 2325 1652 2368 apud
1673 2322 1864 2367 Epicureos
1890 2322 2105 2356 contumelia

1120 2377 1316 2419 adficiatur,
1345 2376 1457 2420 quiin
1475 2375 1730 2408 calamitatibus
1749 2374 1887 2418 piorum
1907 2374 2103 2407 clamitant:

1120 2426 1191 2461 Ubi
1206 2434 1255 2460 est
1272 2426 1367 2460 Deus
1384 2425 1529 2459 eorum?
1574 2424 1623 2459 Ut
1640 2425 1747 2467 igitur
1762 2425 2019 2457 convincantur
2037 2423 2104 2456 irn-

80 2490 157 2512 rum
183 2490 255 2511 esse
272 2475 524 2520 Evangelium,
556 2477 722 2510 daturum
744 2478 852 2511 vitam
877 2484 1065 2518 aeternam,
1090 2482 1093 2526 j
1120 2478 1169 2522 pii
1187 2480 1281 2523 quod
1300 2477 1463 2510 exaudias
1487 2483 1518 2509 et
1535 2487 1648 2508 serves
1668 2487 1747 2516 nos,
1776 2487 1820 2508 ne
1837 2476 1911 2508 sine
1927 2486 1990 2508 nos
2007 2474 2103 2507 dele—

1118 2529 1165 2561 ri:
1204 2528 1303 2561 Tuae
1330 2527 1479 2561 noticiae
1503 2533 1535 2560 et
1556 2533 1635 2559 tuae
1661 2527 1791 2569 gloriae
1807 2527 2009 2559 defensione
2026 2537 2103 2558 mo-

1117 2579 1246 2619 vearis,
1275 2584 1313 2612 ut
1329 2578 1432 2611 nobis
1453 2589 1553 2620 opem
1571 2577 1680 2621 feras,
1709 2577 1799 2611 sicut
1823 2575 1947 2610 Esaiae
1963 2576 2021 2610 48.
2046 2576 2101 2609 di-

1117 2631 1225 2664 citur:
1272 2628 1420 2673 Propter
1443 2640 1515 2668 me,
1542 2634 1686 2672 propter
1707 2640 1761 2661 me
1787 2628 1932 2672 faciam,
1965 2634 2004 2662 ut
2028 2638 2100 2660 non

1116 2678 1358 2725 blasphemer,
1394 2685 1427 2713 et
1457 2679 1605 2723 gloriam
1637 2691 1751 2713 meam
1774 2679 1876 2714 alteri
1900 2691 1974 2713 non
1998 2678 2100 2711 dabo.
