2379 2948
161 84 259 120 1413

164 170 332 205 dimicare
355 182 420 205 nos
446 182 526 204 cum
550 182 654 205 carne
678 177 712 205 et
727 171 898 215 sanguine
914 178 1071 215 tantum,
1098 173 1159 207 sed

162 234 243 255 cum
261 222 414 256 diabolo.
456 221 529 256 Nec
546 233 668 256 sumus
683 222 750 255 soli
767 223 805 255 in
823 222 879 256 his
897 224 1049 267 praeliis.
1087 223 1158 258 Sed

160 273 327 307 iuvamur
350 285 368 307 a
395 272 488 307 Filio
512 272 604 317 Dei,
633 273 695 318 qui
712 275 862 307 destruit
876 286 982 318 opera
1008 275 1157 309 diaboli.

160 322 214 358 Ac
229 325 275 358 ob
291 336 365 358 eam
386 336 526 358 causam
543 323 702 358 Ecclesia
721 332 771 358 est
786 325 940 366 infirma,
968 326 1051 371 quia
1060 326 1156 360 Deus

159 375 237 409 vult
265 375 429 408 victorias
454 374 537 408 Filii
569 376 622 409 sni
658 376 829 419 gloriosas
856 388 946 418 esse,
980 377 1155 413 vincentis

160 426 343 459 diabolum
363 438 425 470 per
442 426 602 459 infirmos
623 433 656 459 et
673 427 834 460 afflictos.

262 476 422 520 Quarto,
447 476 610 510 Preciosa
635 484 686 511 est
710 490 806 511 mors
824 485 1045 520 sanctorum,
1071 479 1154 525 quia

158 528 370 562 afflictiones
404 534 433 561 e!
474 539 571 561 mors
602 535 804 562 sanctorum
840 536 924 563 sunt
965 531 1154 575 praecipua

158 579 327 613 sacrificia
352 586 386 613 et
417 580 532 612 cultus
553 580 639 621 Dei,
674 592 752 613 cum
784 580 949 615 videlicet
983 583 1153 615 accedunt

156 631 260 671 fides,
288 631 484 671 invocatio,
509 631 699 672 confessio,
728 631 815 666 sicut
833 631 993 666 Psalmus
1019 633 1151 678 inquit:
1178 657 1180 682 5

159 681 379 716 Sacrificium
397 680 474 716 Deo
490 682 634 726 spiritus
650 683 929 724 contribulatus,
957 691 1022 719 etc.
1064 684 1151 717 Item
1179 687 1180 693 ¹

157 732 286 766 Psalm.
305 733 383 768 43.:
414 733 564 777 Propter
583 741 616 768 te
632 741 828 768 mactamur
846 742 918 769 tota
935 735 1004 770 die.
1059 734 1151 777 Quia

158 784 252 817 enim
273 783 366 817 Deus
383 785 531 819 subiecit
550 784 746 819 Ecclesiam
772 786 867 819 cruci
893 793 926 819 et
946 786 1152 820 afflictioni-

156 836 239 869 bus:
266 835 346 869 ideo
371 833 462 869 hanc
490 837 730 870 obedientiam
754 844 857 871 ornat
880 844 913 871 et
934 837 1152 881 magnifacit,

158 892 258 919 vocat
274 887 463 927 sacrificia,
491 895 524 921 et
542 895 689 922 testatur
710 900 746 921 se
771 885 908 921 honore
931 889 1042 927 affici,
1071 901 1149 922 curn

156 937 372 972 sustinemus
390 939 612 981 afflictiones,
639 951 701 972 seu
721 947 866 984 propter
882 940 1152 981 confessionem,

156 1001 217 1022 seu
233 989 369 1035 alioqui
394 990 489 1024 iuxta
517 990 797 1024 invocationem:
827 991 917 1024 sicut
942 989 1007 1024 hos
1038 991 1152 1025 cultus

155 1040 332 1074 cernimus
357 1041 570 1085 praestitisse
589 1041 721 1076 Filium
740 1040 825 1083 Dei,
853 1048 886 1075 et
904 1041 1044 1080 Patres,
1064 1041 1152 1075 Pro-

153 1089 277 1136 phetas
295 1104 332 1125 ac
351 1091 553 1137 Apostolos.

155 1194 247 1240 quit:
272 1193 353 1229 Una
369 1195 667 1239 glorificabimur,
693 1196 721 1228 si
739 1204 856 1230 tamen
875 1196 978 1230 etiam
1005 1208 1076 1229 una
1100 1197 1150 1228 as-

152 1245 329 1288 fligemur.
383 1246 502 1290 Quare
521 1247 611 1281 sicut
627 1248 663 1280 in
685 1244 752 1281 boc
769 1247 910 1281 Psalmo
934 1247 1066 1280 dictum
1084 1254 1151 1280 est:

153 1296 317 1330 Preciosa
342 1309 437 1332 mors
458 1306 661 1332 sanctorum
682 1310 799 1332 coram
818 1299 914 1339 Deo,
942 1298 991 1332 sic
1010 1298 1070 1333 72.
1096 1299 1151 1331 di-

154 1348 264 1381 citur:
291 1347 477 1382 Preciosus
493 1350 637 1392 sanguis
655 1362 776 1383 eorum
796 1361 913 1382 coram
932 1362 984 1384 e0.

256 1397 306 1431 Hi
332 1400 402 1433 loci
427 1406 537 1434 totam
559 1401 759 1434 doctrinam
777 1398 965 1443 Evangelii
988 1401 1031 1433 de
1049 1412 1151 1433 cruce
1176 1434 1177 1441 ἵ

153 1462 214 1483 seu
238 1450 497 1485 afflictionibus
521 1452 725 1492 continent,
759 1463 867 1497 quare
892 1452 1003 1485 lector
1030 1451 1150 1484 animo

155 1507 290 1546 repetat
314 1509 449 1535 caetera
478 1515 567 1548 quae
592 1504 635 1536 de
661 1515 763 1536 cruce
789 1503 978 1541 dicuntur,
1007 1502 1151 1545 colligat

152 1553 257 1586 utiles
274 1554 482 1595 sententias,
499 1566 587 1598 quae
604 1554 825 1599 praecipiunt
843 1555 885 1587 de
901 1551 966 1586 bac
980 1553 1150 1586 obedien—
1174 1560 1176 1593 ξ

152 1604 222 1645 tia,
257 1612 291 1640 et
316 1605 440 1639 iubent
470 1606 555 1638 addi
580 1605 842 1639 invocationem
868 1604 957 1648 Dei,
987 1611 1020 1637 et
1047 1616 1149 1648 expe-

151 1656 341 1690 ctationem
382 1657 517 1690 auxilii.

154 1707 186 1740 i.
208 1706 282 1742 Pet.
298 1708 377 1741 ult.:
406 1707 657 1741 Humiliamini
680 1708 745 1740 sub
772 1708 909 1755 potenti
936 1719 1045 1740 manu
1070 1706 1148 1745 Dei,

150 1765 185 1792 et
201 1771 341 1792 ornnem
360 1771 480 1793 curam
499 1760 535 1792 in
547 1772 625 1792 eum
642 1759 789 1799 reiicite,
813 1758 914 1804 quasi
929 1759 1040 1799 dicat,
1068 1770 1146 1791 cum

149 1822 340 1843 aerumnae
361 1823 422 1844 vos
445 1811 673 1855 opprimunt,
706 1823 778 1844 non
807 1811 844 1844 fit
871 1808 937 1843 hoc
958 1821 1058 1850 casn,
1085 1810 1143 1842 sed

149 1861 188 1895 fit
213 1862 349 1905 potenti
373 1874 479 1895 manu
501 1861 581 1897 Dei.
634 1861 716 1895 Non
743 1862 941 1895 existimate
975 1873 1055 1894 casu
1083 1872 1146 1894 vos

150 1912 279 1956 affligi,
306 1919 366 1947 aut
383 1911 460 1946 Deo
487 1926 561 1946 non
586 1925 658 1946 esse
678 1925 782 1947 curae
800 1919 931 1946 vestras
950 1923 1146 1947 aerumnas.

149 1962 226 1997 Imo
243 1963 309 1997 Dei
327 1976 435 1998 manu
462 1977 525 1997 vos
552 1964 699 2008 premit,
727 1977 817 2010 quae
842 1964 985 2009 quidem
1010 1970 1059 1996 est
1083 1976 1146 2007 po-

150 2021 248 2056 tens,
283 2022 316 2048 et
343 2017 386 2048 ad
410 2027 550 2049 securos
574 2018 782 2049 evertendos
813 2023 846 2049 et
874 2017 917 2048 ad
944 2021 1146 2048 sustentan-

150 2067 232 2107 dos,
261 2078 299 2100 ac
324 2067 510 2111 erigendos
533 2067 692 2102 miseros.
746 2064 1001 2111 Obtemperate
1028 2066 1145 2109 igitur,

149 2125 183 2152 et
201 2118 441 2152 obedientiam
462 2119 536 2152 Deo
557 2125 737 2162 praestate.
775 2118 914 2152 Deinde
936 2130 1009 2150 non
1027 2117 1145 2150 existi-

150 2176 245 2202 mate
270 2181 332 2202 vos
357 2170 503 2204 reiectos
529 2182 619 2210 esse,
655 2171 714 2203 sed
749 2170 872 2203 scitote
899 2169 974 2203 Deo
1007 2169 1144 2213 placere

151 2218 219 2254 hos
237 2221 373 2262 cultus,
401 2222 519 2255 addite
535 2221 797 2255 invocationem
810 2249 819 2262 ‚
847 2221 953 2265 petite
972 2220 1143 2253 auxilium

151 2284 168 2305 a
186 2271 276 2306 Deo.
332 2271 414 2306 Ideo
433 2273 550 2306 addit:
579 2266 721 2306 Curam
738 2272 775 2305 in
793 2284 870 2305 eum
891 2270 1032 2306 reiicite.

254 2323 351 2356 Idem
376 2324 579 2357 dulcissime
603 2325 755 2358 traditur
778 2323 918 2357 Psalmo
943 2323 1020 2358 37.:
1050 2322 1145 2356 Sub-

151 2374 247 2408 ditus
272 2383 344 2408 esto
371 2375 471 2414 Deo,
499 2383 531 2409 et
554 2387 652 2419 spera
678 2376 715 2409 in
742 2388 833 2411 eum.
887 2374 1006 2408 Prima
1036 2375 1144 2418 parti-

152 2426 228 2459 cula
248 2427 401 2470 postulat
418 2427 679 2466 obedientiam,
708 2427 881 2461 Subditus
905 2433 997 2465 esto,
1022 2437 1082 2458 sen
1108 2433 1145 2459 nt

149 2474 303 2511 Ebraice
322 2478 467 2521 legitur,
498 2478 631 2512 Taceas
647 2478 824 2519 Domino,
851 2478 887 2511 id
906 2484 973 2517 est,
1001 2477 1146 2510 obedias

149 2526 244 2570 Deo,
273 2541 346 2562 non
372 2529 533 2563 irascaris
562 2530 611 2570 ei,
638 2541 711 2562 non
735 2530 848 2572 fugias
875 2541 955 2562 eum
981 2528 1144 2571 indigna·
1170 2560 1172 2566 ,

150 2580 310 2621 bundus,
356 2593 428 2614 non
461 2592 608 2626 quaeras
639 2581 814 2624 praesidia
844 2587 967 2614 contra
999 2581 1173 2618 manda-1

149 2637 224 2664 tum
248 2630 336 2673 Dei,
363 2633 453 2666 sicut
477 2631 564 2666 Saul
594 2632 705 2665 iratus
722 2632 818 2671 Deo,
844 2632 935 2675 fugit
964 2638 997 2665 et
1019 2631 1147 2664 deserit

150 2694 249 2724 eum,
275 2696 314 2717 ac
339 2684 427 2728 petit
453 2683 625 2718 auxilium
654 2695 673 2718 a
701 2683 857 2717 diabolo.
911 2682 986 2717 Hos
1010 2683 1147 2717 furores

799 84 864 120 IX.
915 82 1282 122 COMMENTARII
1309 86 1360 122 IN
1383 85 1625 126 PSALMOS.

608 1091 762 1138 Oportet
780 1093 874 1126 enim
892 1091 1085 1127 Ecclesiam
1104 1093 1152 1125 si-
1177 1094 1179 1115 ss

153 1142 275 1175 milem
303 1154 376 1177 esse
403 1144 569 1187 imaginis
596 1144 681 1178 Filii
709 1143 796 1186 Dei,
824 1144 914 1178 sicut
938 1144 1070 1178 Paulus
1095 1145 1152 1177 in-
1177 1151 1179 1155 '

589 1656 722 1700 Quales
760 1662 842 1689 sunt
883 1653 949 1689 hae
987 1667 1175 1699 gnomae‚¹

1170 1920 1172 1956 ξ
1199 1913 1295 1946 nitus
1312 1914 1453 1946 deleant
1463 1912 1669 1948 Ecclesiam.

2106 96 2204 131 1414

1211 173 1341 218 quibus
1366 174 1544 217 agitantur
1567 176 1792 221 impatientes
1817 175 2002 221 prohibet,
2031 194 2110 216 cum
2136 183 2202 217 ait:

1209 224 1383 258 Subditus
1407 232 1500 270 esto,
1529 239 1589 259 seu
1609 234 1721 261 taceas
1740 228 1826 264 Deo.
1878 229 1951 263 Nec
1978 237 2094 267 tamen
2119 235 2202 267 satis

1209 282 1258 310 est
1275 283 1406 316 tacere,
1433 279 1492 310 sed
1511 279 1652 312 accedat
1668 279 1846 313 invocatio
1872 281 1942 314 Dei
1959 288 1990 316 et
2007 286 2200 328 expectatio

1208 327 1331 361 auxilii
1356 327 1481 363 divini.
1537 328 1619 363 Ideo
1642 331 1757 364 addit:
1786 329 1832 365 Et
1853 343 1952 376 spera
1976 333 2011 366 in
2037 347 2135 373 eum,
2165 337 2199 369 id

1180 396 1182 416 ;
1207 385 1275 417 est,
1304 386 1401 423 pete,
1428 387 1569 422 expecta
1589 381 1761 415 auxilium
1781 395 1799 415 a
1818 383 1909 418 Deo.
1964 383 2040 419 Hae
2056 396 2198 420 senten-

1180 419 1182 467 Ι
1206 429 1276 463 tiae
1294 436 1326 463 et
1343 429 1475 463 similes
1494 442 1632 475 semper
1649 432 1686 464 in
1704 441 1893 478 conspectu
1909 436 2013 469 nobis
2037 450 2109 471 esse
2137 440 2199 472 de-

1179 478 1182 535 {
1206 481 1309 522 bent,
1336 488 1374 514 ut
1391 489 1511 524 regant
1528 482 1648 516 omnia
1667 491 1786 517 nostra
1806 486 1960 530 pericula
1986 496 2018 522 et
2035 490 2199 533 mitigent

1178 536 1181 621 Ι
1206 543 1404 566 aerumnas.

1178 624 1181 652 l
1256 631 1416 669 Obsecro
1435 634 1598 669 Domine
1610 665 1618 677 ‚
1646 638 1735 684 quia
1759 650 1823 684 ego
1840 652 1921 673 sum
1937 653 2061 675 servus
2077 646 2173 678 tuus.

1178 711 1179 744 ξ
1256 700 1439 747 Egosum
1456 715 1578 736 servus
1594 708 1697 744 tzms,
1725 710 1756 738 et
1770 704 1885 750 filius·
1912 707 2075 742 ancillae
2105 715 2199 752 tuae,

1309 751 1488 801 dirupisti
1502 753 1648 788 vincula
1666 768 1756 789 mea.

1307 836 1469 870 Psalmus
1486 846 1535 871 est
1554 839 1669 882 imago
1689 840 1876 884 credentis,
1905 843 1965 887 qui
1984 855 2201 879 commemo-

1205 888 1296 922 ravit
1321 888 1418 932 prius
1445 889 1656 923 afflictiones
1680 903 1768 936 quae
1786 895 2201 937 sequunturinvocatio-

1206 951 1305 980 nem,
1348 940 1604 974 confessionem
1642 949 1675 975 et
1711 943 2030 986 praedicationem,
2072 948 2201 982 adiecit

1205 991 1310 1024 etiam
1335 992 1563 1032 sententiam,
1591 993 1678 1037 quid
1706 994 1748 1026 de
1766 993 1881 1027 Cruce
1900 997 2126 1031 sentiendum
2143 1000 2199 1034 sit.

1205 1041 1307 1075 Nunc
1326 1043 1439 1086 pergit
1455 1055 1555 1086 agere
1572 1044 1700 1085 gratias
1717 1045 1760 1077 de
1778 1045 1991 1080 liberatione
2004 1075 2011 1088 ‚
2042 1050 2105 1083 etsi
2131 1051 2199 1083 mi-

1205 1093 1291 1126 sceri
1309 1093 1461 1127 sciamus
1482 1095 1686 1138 petitionem
1704 1103 1737 1128 et
1753 1097 1945 1139 gratiarum
1967 1100 2156 1136 actionem.

1308 1143 1420 1178 Porro
1445 1157 1523 1178 cum
1557 1146 1692 1191 inquit,
1719 1145 1808 1192 Ego
1834 1160 1916 1181 sum
1945 1161 2070 1184 servus
2103 1156 2200 1193 tuus,

1177 1195 1179 1230 ζ
1204 1197 1274 1228 duo
1293 1203 1498 1239 argumenta
1514 1197 1772 1241 complectitur.
1827 1198 2012 1240 Alterum,
2037 1215 2117 1236 cum
2135 1205 2197 1238 tibi

1204 1247 1373 1289 serviam,
1407 1254 1440 1281 et
1463 1249 1622 1281 desertus
1649 1261 1725 1282 sum
1749 1262 1767 1282 a
1795 1252 1949 1292 mundo,
1976 1260 2008 1286 et
2035 1267 2091 1288 me
2115 1256 2200 1288 ode-

1204 1305 1300 1337 runt,
1327 1310 1366 1331 ac
1385 1299 1502 1332 delere
1519 1307 1695 1333 conantur
1715 1301 1890 1346 principes
1907 1304 2090 1347 sapientes.
2132 1306 2200 1340 Pe-

1176 1370 1178 1392 =
1205 1351 1245 1382 tit
1263 1350 1371 1392 igitur
1386 1350 1557 1383 auxilium
1577 1363 1596 1383 a
1614 1351 1687 1384 Deo
1702 1379 1710 1391 ‚
1738 1359 1906 1397 tanquam
1935 1356 2103 1390 omnibus
2130 1354 2200 1391 hu-

1205 1401 1317 1433 manis
1337 1402 1524 1444 praesidiis
1543 1402 1726 1445 spoliatus.
1755 1403 1854 1437 Sicut
1874 1403 2036 1440 psalmus
2052 1407 2113 1443 24.
2133 1409 2198 1443 ait:

1175 1444 1177 1462 ³
1202 1450 1352 1495 Respice
1368 1452 1406 1484 in
1425 1464 1479 1484 me
1498 1459 1530 1485 et
1546 1453 1711 1486 miserere
1728 1455 1806 1495 mei,
1824 1455 1907 1500 quia
1918 1457 2044 1491 unicus
2060 1466 2092 1493 et
2111 1472 2198 1504 pau—

1203 1514 1265 1546 per
1282 1514 1359 1536 sum
1379 1515 1453 1545 ego,
1491 1502 1577 1537 Item
1595 1504 1674 1539 26:
1700 1504 1803 1538 Pater
1821 1513 1853 1539 et
1869 1514 1981 1541 mater
1997 1510 2198 1556 derelique-

1202 1560 1285 1587 runt
1306 1566 1377 1594 me,
1402 1554 1583 1588 Dominus
1603 1563 1719 1589 autem
1739 1557 1891 1601 suscepit
1909 1571 1975 1601 me.⁵

1304 1604 1467 1638 Alterum
1492 1613 1739 1649 argumentum
1759 1615 1807 1641 est
1823 1620 1840 1641 a
1859 1609 1970 1652 gloria
1980 1609 2045 1645 Dei
2065 1620 2097 1646 et
2115 1626 2195 1657 pro-

1202 1656 1431 1690 missionibus
1460 1665 1635 1702 sumtum,
1665 1659 1765 1703 quasi
1796 1659 1906 1701 dicat,
1936 1660 2036 1696 Tuae
2061 1665 2197 1707 gloriae

1201 1707 1363 1747 interest,
1399 1721 1443 1742 ne
1477 1709 1636 1742 deleatur
1656 1708 1825 1743 Ecclesia.
1887 1711 2066 1748 Defendas
2088 1716 2196 1760 igitur

1200 1770 1339 1792 servum
1368 1766 1488 1801 tuum,
1516 1768 1555 1794 ut
1579 1761 1818 1804 conspiciatur
1843 1769 1901 1796 tua
1928 1763 2061 1807 gloria,
2098 1771 2193 1812 quod

1201 1822 1280 1843 vere
1305 1807 1363 1843 hic
1386 1819 1505 1845 coetus
1528 1819 1628 1845 tuum
1654 1812 1800 1845 verbum
1827 1815 2043 1856 profiteatur.
2095 1817 2196 1858 Item,

1171 1870 1173 1886 ἐ
1198 1873 1242 1894 ηε
1268 1859 1384 1895 hostes
1408 1863 1558 1895 victores
1582 1864 1790 1906 extinguant
1809 1872 1908 1899 tuum
1937 1869 2105 1910 verbum,
2133 1882 2196 1915 pe·-

1724 1914 1782 1948 Sic
1800 1925 1877 1950 orat
1897 1929 2017 1961 saepe,
2046 1928 2085 1954 ut
2102 1920 2192 1955 Psal.

1198 1963 1274 1999 78.:
1298 1962 1439 1998 Adiuva
1459 1978 1523 1999 nos
1539 1966 1635 1999 Deus
1653 1967 1816 2000 salutaris
1833 1975 1970 2010 noster,
2001 1978 2032 2004 et
2050 1980 2194 2016 propter

1196 2015 1344 2057 gloriam
1363 2017 1520 2050 nominis
1544 2018 1594 2050 tui
1616 2018 1725 2051 libera
1749 2030 1830 2058 nos,
1856 2026 1890 2053 et
1916 2022 2095 2065 propicius
2119 2032 2191 2058 esto

1169 2080 1171 2094 ι
1199 2068 1346 2109 peccatis
1363 2068 1511 2105 nostris,
1540 2075 1684 2112 propter
1708 2082 1838 2103 nomen
1857 2077 1957 2104 tuum
1972 2100 1981 2113 ,
2009 2086 2054 2107 ne
2072 2075 2190 2110 dicant

1198 2119 1232 2150 in
1258 2118 1440 2161 gentibus:
1468 2119 1540 2153 Ubi
1557 2128 1607 2155 est
1625 2121 1724 2154 Deus
1743 2122 1890 2154 eorum?

1299 2169 1415 2204 Simul
1442 2171 1545 2204 etiam
1572 2173 1616 2204 de
1642 2173 1940 2215 promissionibus
1963 2187 2041 2209 eum
2067 2180 2191 2213 admo-

1196 2227 1269 2254 net:
1299 2220 1484 2255 Pollicitus
1508 2235 1543 2255 es
1566 2224 1738 2256 auxilium
1761 2225 1870 2257 servis
1892 2226 1961 2259 tuis
1986 2227 2188 2264 invocanti-

1197 2274 1260 2305 bus
1278 2280 1321 2306 te.
1356 2272 1454 2307 Sicut
1479 2274 1595 2319 inquit
1618 2273 1747 2310 Psalm.
1771 2274 1872 2309 144:
1903 2276 2017 2322 Prope
2040 2288 2089 2313 est
2114 2281 2188 2315 Do-

1169 2324 1314 2358 ·minus
1346 2325 1513 2358 omnibus
1550 2325 1797 2359 invocantibus
1840 2339 1920 2360 eum
1956 2330 1991 2362 in
2031 2333 2186 2368 veritate.

1199 2376 1281 2409 ltem
1312 2374 1440 2409 Psalm.
1464 2377 1544 2411 24:
1576 2376 1740 2411 Universi
1758 2378 1819 2423 qui
1848 2387 2029 2422 expectant
2047 2390 2089 2424 te,
2113 2396 2186 2418 non

1197 2427 1472 2461 confundentur.
1523 2426 1570 2461 Et
1587 2427 1699 2461 Naum
1717 2430 1848 2472 primo:
1866 2429 1990 2465 Bonus
2000 2432 2188 2477 Dominus,

1197 2485 1227 2510 et
1253 2478 1457 2511 confortans
1489 2479 1527 2511 in
1556 2479 1612 2512 die
1634 2480 1894 2523 tribulationis,
1931 2490 1964 2517 et
1996 2496 2188 2528 agnoscens

1197 2536 1377 2573 sperantes
1402 2530 1438 2562 in
1470 2530 1599 2574 ipsum.
1653 2530 1707 2564 De
1738 2532 1866 2566 talibus
1891 2536 2188 2577 promissionibus

1171 2621 1173 2633 ι
1197 2581 1452 2614 admoneamus
1485 2594 1549 2615 nos
1575 2583 1688 2626 ipsos,
1722 2596 1801 2617 cum
1826 2586 1995 2628 petimus,
2032 2597 2069 2623 ut
2093 2589 2188 2624 Deus

1171 2641 1173 2677 j
1200 2643 1263 2664 nos
1280 2632 1433 2673 adiuvet,
1453 2640 1620 2679 tanquam
1639 2645 1758 2668 servos
1775 2647 1856 2669 suos
1868 2637 1998 2680 quibus
2014 2641 2185 2675 auxilium

1171 2680 1173 2709 l
1199 2690 1232 2716 et
1264 2683 1511 2718 liberationem
1544 2685 1725 2730 pollicitus
1746 2694 1810 2721 est.
1862 2686 1910 2723 Et
1937 2690 2080 2735 quidem
2113 2693 2189 2728 vult

1171 2712 1174 2726 ¹
1636 2734 1715 2770 89·
