2379 2948
228 88 322 125 1099

818 73 942 108 PHtL.
970 70 1089 106 MEL.
1118 67 1327 105 SCRIPTA
1354 66 1656 104 EXEGETICA.

2145 66 2242 100 1100

326 168 564 213 Explodamus
588 163 694 207 igitur
718 160 853 193 somnia
876 159 918 191 de
938 169 1047 201 regno
1068 155 1210 201 politico
1235 158 1239 170 '
1263 155 1356 199 cipes
1377 155 1477 188 docet
1499 165 1537 186 ac
1561 152 1782 193 consolatur,
1808 158 1841 185 et
1863 151 2048 185 universae
2067 149 2244 185 Ecclesiae

226 220 396 259 Messiae‚
422 217 515 263 quod
535 213 655 247 ludaei
678 222 774 244 nunc
793 211 950 253 fingunt,
977 216 1010 242 et
1026 219 1080 241 res
1100 213 1212 240 aeter-

227 284 291 306 nas
306 270 505 314 cogitemus.
557 264 683 298 Noster
701 261 849 295 Messias
867 267 1047 293 aeternum
1065 268 1211 300 regnum

229 321 433 358 constituet,
467 316 599 350 abolito
623 319 780 358 peccato,
807 311 920 344 deleta
943 316 1074 349 morte,
1099 314 1132 341 et
1158 318 1214 340 re-

230 374 348 407 stituta
371 376 509 403 aeterna
533 365 669 399 iusticia
691 371 723 397 et
748 363 830 396 vita.
884 359 979 394 Haec
1002 361 1094 393 bona
1112 358 1155 391 ab
1175 369 1214 390 eo

231 430 388 468 petamus
404 426 436 452 et
453 423 682 462 expectemus.

331 470 421 504 Cum
447 469 554 512 igitur
573 468 631 500 det
648 471 786 498 aeterna
804 463 896 495 bona
908 488 916 501 ,
943 467 982 494 ut
998 458 1120 493 Esaias
1136 469 1214 491 eum

232 528 331 556 vocat
363 520 502 553 Patrem
535 524 695 551 aeternae
727 515 834 552 vitae,
867 512 1016 545 sciamus
1047 509 1215 542 Messiam

233 580 413 611 nostrum,
441 569 718 612 omnipotentem
738 577 776 598 ac
793 563 907 596 Deum
928 573 1009 595 esse.
1049 559 1132 592 Ideo
1160 556 1217 591 hic

235 635 314 657 eum
334 632 490 665 expresse
507 619 621 652 Deum
641 617 818 650 nominat:
844 609 995 658 Regnat
1014 609 1139 648 Deus,
1165 620 1219 642 se-

235 672 290 708 det
307 671 413 706 Deus
433 670 471 704 in
489 667 569 703 sede
585 671 714 702 sancta
730 677 818 703 sua,
840 668 900 698 etc.

338 723 500 756 Secundo
516 721 629 753 cultus
647 717 858 762 praecipitur
875 714 974 747 toties
991 712 1147 755 repetitis
1165 708 1220 742 his

235 774 368 808 verbis:
398 770 561 805 Iubilale
581 768 678 809 Deo,
705 764 871 814 psallite,
898 760 1049 810 psallite
1072 760 1220 808 sapien-

237 831 299 860 ter.
351 823 446 856 Haec
463 823 567 854 verba
586 818 815 864 praecipiunt,
840 822 879 848 ut
897 825 1122 857 agnoscamus
1143 825 1220 844 eum

240 884 272 909 et
297 875 530 911 celebremus,
559 878 591 903 et
615 870 755 914 quidem
774 867 967 909 sapienter,
996 863 1093 908 quasi
1115 863 1221 895 dicat:

238 927 388 960 Interest
412 925 504 956 inter
528 920 680 953 honores
707 917 789 951 huic
814 917 886 959 regi
908 915 1064 954 debitos,
1091 920 1123 946 et
1146 913 1224 945 aliis

237 976 390 1019 regibus.
443 972 579 1006 Caeteri
605 981 700 1012 reges
723 968 889 1001 coluntur
913 965 1063 998 externis
1089 963 1223 1002 officiis,

239 1026 296 1060 hic
323 1026 491 1058 colendus
516 1029 566 1055 est
589 1019 777 1064 sapientia,
806 1018 842 1050 id
859 1024 928 1056 est,
955 1015 1132 1048 audiendo
1152 1014 1225 1046 eius

240 1078 387 1110 verbum
419 1081 452 1107 et
483 1079 574 1106 recte
607 1084 645 1104 ac
669 1070 843 1114 sapienter
870 1066 1119 1109 intelligendo,
1152 1076 1225 1096 am-

240 1127 443 1173 plectendo,
468 1123 689 1168 profitendo,
718 1119 964 1164 praedicando.

343 1176 463 1210 ludaei
486 1186 559 1207 non
582 1172 736 1217 psallunt
752 1169 902 1203 Messiae
926 1167 1120 1210 sapienter,
1147 1176 1226 1198 cum

241 1231 377 1272 fingunt
413 1237 560 1269 regnum
591 1223 773 1267 politicum
805 1227 836 1253 et
868 1219 1114 1254 interiturum,
1156 1215 1226 1248 imo

243 1292 321 1314 cum
338 1276 499 1311 fascinati
514 1273 578 1307 hac
593 1272 817 1318 persuasione
833 1269 1040 1311 crucifigunt
1051 1266 1228 1300 Messiam.

244 1331 286 1364 ld
310 1338 532 1373 nequaquam
557 1331 630 1357 erat
652 1323 800 1356 iubilare
827 1328 859 1354 et
879 1320 1053 1364 sapienter
1072 1317 1230 1361 psallere.

246 1381 304 1415 Sic
328 1380 370 1411 de
393 1376 536 1410 caeteris
558 1374 675 1417 impiis
694 1372 898 1405 doctoribus
917 1369 1075 1402 omnium
1093 1375 1229 1409 tempo-

246 1442 325 1464 rum
343 1429 548 1462 iudicemus.
600 1423 679 1457 Non
694 1423 867 1466 sapienter
885 1420 1039 1464 psallunt
1055 1414 1231 1455 monachi,

248 1481 309 1526 qui
326 1485 462 1512 tantum
478 1478 605 1509 docent
619 1475 728 1517 legem
747 1480 778 1506 et
793 1473 915 1505 iubent
929 1470 1101 1509 dubitare,
1129 1474 1231 1511 atque

249 1533 296 1566 ita
311 1531 428 1563 delent
444 1525 677 1569 Evangelinm
696 1531 727 1556 et
744 1522 940 1556 doctrinam
957 1522 998 1552 de
1014 1521 1091 1552 f1de.

351 1576 628 1613 Commonefacti
654 1574 761 1617 igitur
785 1571 851 1605 hoc
876 1572 986 1610 dicto,
1012 1569 1155 1602 Psallite
1180 1579 1233 1599 sa-

249 1633 404 1677 pienter,
441 1626 596 1672 praecipi
627 1624 730 1658 nobis
762 1623 929 1661 sciamus,
961 1627 1000 1653 ut
1024 1631 1097 1651 non
1121 1618 1235 1651 obiter

250 1689 387 1717 tantum
417 1678 602 1712 audiamus
634 1675 781 1708 verbum
803 1673 888 1713 Dei,
923 1672 982 1704 sed
1007 1681 1131 1713 magna
1155 1680 1235 1700 cura

251 1734 443 1770 discamus,
465 1728 702 1765 conferamus,
728 1733 936 1769 quaeramus
951 1732 1058 1754 unam
1073 1726 1236 1753 constan—

253 1791 322 1818 tem
347 1789 379 1815 et
399 1782 578 1813 immotam
597 1776 825 1815 sententiam,
853 1784 941 1818 quae
958 1783 1022 1804 nos
1040 1772 1161 1804 doceat
1179 1781 1238 1801 ve-

253 1845 326 1867 ram
345 1830 603 1865 invocationem
623 1834 655 1861 et
671 1837 772 1859 veros
791 1825 924 1861 cultus,
951 1823 1039 1855 sicut
1059 1829 1091 1854 et
1107 1820 1238 1853 Paulus

255 1883 386 1928 inquit:
424 1880 582 1912 Verbum
608 1876 673 1910 Dei
707 1874 842 1909 habitet
872 1875 963 1907 inter
994 1884 1055 1905 vos
1088 1871 1239 1911 abunde,

255 1934 353 1968 omni
369 1930 549 1975 sapientia.

355 1982 450 2016 Haec
467 1981 509 2013 de
528 1977 713 2023 praecipuo
731 1976 827 2009 cultu
844 1975 880 2007 in
896 1971 963 2007 hoc
979 1973 1118 2006 Psalmo
1137 1972 1240 2012 dicta,

257 2045 356 2077 saepe
380 2031 588 2074 cogitemus,
616 2035 655 2060 ut
678 2038 742 2058 nos
766 2027 809 2058 ad
834 2025 1012 2058 doctrinae
1033 2024 1189 2057 studium
1210 2029 1242 2056 et

258 2096 376 2118 veram
394 2080 652 2114 invocationem
669 2076 910 2109 exuscitemus.

361 2132 484 2166 Tertio
500 2131 542 2164 de
560 2128 742 2162 vocatione
758 2126 913 2169 gentium
928 2135 1084 2168 expresse
1099 2123 1242 2156 dicitur:

260 2183 410 2230 Regnat
428 2180 532 2215 Deus
553 2190 660 2226 snper
681 2181 815 2223 gentes.
868 2174 1053 2209 Caeterum
1077 2174 1162 2206 alibi
1184 2185 1244 2207 co-

261 2238 357 2282 piose
381 2233 529 2271 dicitur,
557 2236 766 2276 quantarum
792 2238 910 2260 rerum
935 2225 1132 2258 doctrinam
1149 2236 1244 2257 com-

262 2288 433 2332 plectatur
455 2281 513 2315 hic
538 2282 653 2321 locus,
689 2279 819 2312 scilicet
843 2275 1030 2321 promissio
1053 2274 1246 2307 vocationis

263 2337 431 2381 gentium.
475 2332 641 2365 Testatur
658 2329 750 2362 enim
768 2327 1011 2361 remissionem
1027 2332 1246 2369 peccatorum

264 2388 340 2421 dari
363 2391 507 2431 propter
522 2379 728 2416 FiliumDei
746 2379 984 2416 mediatorem,
1010 2375 1147 2415 Gratis,
1174 2387 1247 2408 non

266 2444 407 2481 propter
440 2435 561 2477 legem.
630 2430 725 2464 Haec
756 2428 948 2463 consolatio
982 2426 1173 2460 necessaria
1199 2432 1247 2459 est

266 2489 352 2531 piis,
383 2494 415 2519 et
447 2490 576 2518 attente
604 2481 879 2518 consideranda,
913 2478 1051 2524 quoties
1078 2478 1121 2510 de
1146 2489 1248 2510 voca-

268 2538 364 2571 tione
381 2535 535 2579 gentium
553 2533 693 2567 dicitur.

373 2585 574 2619 Postremus
604 2582 797 2615 versiculus
828 2582 872 2614 de
904 2579 1088 2613 vocatione
1118 2578 1250 2622 princi-

269 2650 352 2683 pum
369 2647 442 2669 non
459 2635 571 2668 obiter
588 2633 863 2677 praetereundus
880 2638 939 2665 est.
996 2629 1085 2663 Nam
1102 2636 1135 2663 et
1153 2629 1251 2674 prin-

1264 205 1540 240 consolationem
1557 209 1688 246 gratam
1706 203 1865 246 poponit.

1365 263 1526 296 Primum
1564 267 1710 294 testatur
1745 271 1874 292 munus
1902 259 2014 303 ipsum
2046 258 2244 301 principum

1266 314 1455 359 approbari
1486 324 1504 346 a
1527 310 1623 352 Deo,
1659 317 1692 344 et
1724 310 1866 355 quidem
1897 315 1999 342 ornat
2022 320 2079 341 eos
2103 306 2247 342 honesta

1267 364 1519 408 descriptione,
1552 368 1653 396 vocat
1675 373 1732 394 eos
1753 364 1856 394 scuta
1882 364 2016 397 terrae,
2051 359 2126 392 vult
2141 357 2244 391 Prin-

1268 416 1359 460 cipes
1385 420 1600 459 protectores
1623 423 1695 446 esse
1719 413 1950 456 populorum,
1983 422 2056 443 non
2081 416 2249 455 tyrannos

1269 473 1302 499 et
1320 472 1509 499 vastatores
1527 472 1650 499 terrae.

1372 524 1534 558 Secundo
1559 524 1672 557 multo
1694 522 1806 555 maior
1828 522 1904 554 laus
1927 527 1996 560 est,
2022 520 2115 565 quod
2134 517 2251 551 vocari

1272 587 1330 609 eos
1346 575 1449 612 dicit,
1475 581 1514 607 ut
1531 574 1602 607 sint
1619 573 1775 606 membra
1787 571 1962 605 Ecclesiae
1972 570 2036 603 Dei
2049 597 2058 610 ‚
2085 576 2124 603 ut
2141 575 2252 602 aeter-

1272 638 1352 659 nam
1377 625 1525 668 gloriam
1549 624 1586 656 in
1604 624 1856 656 consuetudine
1872 622 1957 660 Dei,
1986 628 2019 654 et
2038 619 2169 654 Christi
2190 617 2252 651 ha—

1272 678 1390 710 beant·
1444 674 1587 717 Quanto
1610 674 1783 716 gloriosus
1806 674 1888 713 erit,
1917 674 1952 705 in
1971 679 2158 715 conspectu
2174 668 2253 709 Dei,

1274 726 1491 770 Angelorum
1521 732 1553 758 et
1577 725 1712 768 generis
1735 722 1903 763 humani,
1931 730 2007 767 post
2029 720 2255 755 resurrectio—

1274 790 1355 811 nem
1388 784 1476 810 stare
1506 776 1613 810 laetos
1640 775 1730 819 apud
1761 772 1959 814 Christum,
2000 770 2193 817 Prophetas
2223 777 2256 803 et

1275 828 1484 872 Apostolos,
1518 826 1710 864 Davidem,
1743 823 1948 862 Ezechiam,
1981 824 2126 862 Iosiam,
2161 820 2256 855 Con—

1276 879 1490 917 stantinum,
1519 875 1777 915 Theodosium,
1805 887 1908 920 quam
1925 876 1967 908 ad
1984 874 2164 913 diabolos,
2190 870 2257 905 Ca-

1277 930 1441 972 ligulam,
1466 927 1646 960 Herodem
1669 934 1704 960 et
1727 926 1813 959 alios
1837 933 2023 971 tyrannos,
2047 925 2084 956 in
2101 931 2259 956 aeternos

1277 980 1450 1014 cruciatus
1468 978 1596 1011 abiici?

1381 1037 1463 1070 ldeo
1477 1037 1576 1069 dicit:
1605 1032 1794 1080 Principes
1804 1033 2022 1081 populorum
2036 1043 2261 1078 congregan-

1279 1093 1338 1122 tur
1358 1100 1434 1122 cnm
1451 1085 1586 1134 populo
1603 1084 1678 1118 Dei
1693 1082 1905 1126 Abraham,
1932 1085 2030 1130 qnasi
2047 1085 2154 1117 dicat:
2183 1082 2262 1117 Ali-

1280 1141 1340 1186 qui
1364 1139 1540 1184 principes
1565 1149 1605 1170 ex
1627 1137 1762 1180 ingenti
1786 1137 2012 1180 dissipatione
2028 1134 2183 1178 gentium
2205 1145 2263 1166 ex-

1281 1196 1479 1234 cerpentur,
1505 1195 1537 1222 et
1555 1194 1657 1221 erunt
1670 1188 1708 1220 in
1725 1187 1993 1230 congregatione
2006 1182 2265 1224 EcclesiaeDei,

1281 1253 1385 1286 quem
1410 1239 1586 1273 invocavit
1610 1236 1810 1278 Abraham,
1839 1245 1871 1271 et
1896 1237 1957 1283 qui
1980 1237 2077 1270 dedit
2101 1232 2264 1269 Abrahae

1282 1291 1564 1337 promissionem.
1636 1287 1753 1322 Erunt
1783 1300 1900 1321 semen
1932 1284 2097 1320 Abrahae
2127 1285 2265 1329 spiritu,

1283 1354 1356 1375 non
1387 1353 1506 1374 carne:
1543 1339 1611 1373 Sed
1645 1346 1762 1372 ament
1787 1338 2112 1381 congregationem,
2148 1337 2182 1368 id
2206 1342 2266 1374 est,

1283 1392 1507 1426 concordiam
1529 1389 1722 1432 Ecclesiae,
1750 1401 1823 1421 non
1849 1389 1979 1421 faciant
2003 1386 2267 1425 destructiones,

1283 1450 1322 1477 ut
1338 1443 1576 1485 imperatores,
1604 1440 1665 1484 qui
1678 1439 1958 1483 alueruntimpia
1972 1439 2147 1481 dogmata,
2173 1435 2267 1469 Con-

1286 1493 1455 1532 stantius,
1482 1490 1633 1530 Valens,
1661 1496 1693 1523 et
1710 1490 1779 1524 alii.

1388 1549 1530 1588 Tertio,
1558 1545 1612 1580 his
1633 1547 1716 1591 ipsis
1739 1547 1958 1591 principibus
1975 1546 2206 1591 praecipitur,
2231 1553 2270 1579 ut

1288 1609 1318 1634 te
1335 1599 1410 1633 Deo
1435 1599 1640 1638 subiiciant,
1667 1610 1739 1631 non
1764 1598 1976 1632 constituant
2002 1597 2067 1641 ipsi
2090 1608 2153 1629 suo
2175 1596 2271 1628 arbi-

1287 1651 1355 1685 trio
1389 1650 1596 1693 religiones,
1630 1655 1668 1682 ut
1693 1645 1829 1686 Achas‚
1863 1647 2046 1687 Manasse,
2081 1647 2270 1689 Nabugdo-

1289 1713 1414 1738 nosor,
1441 1702 1497 1733 sed
1515 1712 1597 1732 vcro
1614 1706 1753 1743 pectore
1770 1699 1935 1732 obediant
1952 1698 2028 1731 voci
2039 1696 2123 1737 Dei,
2151 1704 2184 1731 et
2199 1709 2271 1730 non

1291 1752 1484 1786 anteferant
1503 1762 1581 1783 suas
1597 1750 1876 1793 imaginationes.
1933 1749 2015 1782 Ideo
2033 1748 2133 1781 dicit:
2162 1744 2276 1794 Apud

1289 1801 1470 1849 principes
1493 1799 1682 1833 curaltutus
1709 1804 1757 1833 est
1782 1798 1905 1838 Deus,
1934 1800 1970 1832 id
1995 1807 2064 1839 est,
2092 1797 2273 1842 Principes

1292 1866 1326 1887 se
1356 1860 1389 1886 et
1419 1864 1479 1885 sua
1510 1852 1655 1896 imperia
1679 1858 1711 1885 et
1732 1863 1829 1885 suam
1855 1851 2059 1895 sapientiam
2083 1849 2275 1882 subiiciunt

1292 1903 1386 1941 Deo,
1423 1910 1454 1936 et
1486 1903 1594 1946 ipsius
1624 1903 1783 1935 doctrina
1805 1908 1993 1945 reguntur,
2028 1912 2100 1932 non
2125 1899 2276 1943 propriis

1294 1954 1534 1998 opinionibus,
1597 1952 1654 1987 Sic
1684 1953 1841 1996 magnifit
1873 1952 1986 1991 Deus,
2019 1957 2050 1984 et
2083 1951 2276 1984 antefertur

1294 2004 1472 2039 autoritati
1491 2002 1665 2037 humanae
1685 2010 1718 2036 et
1736 2015 1815 2035 vere
1835 2002 1972 2037 colitur.

1395 2061 1580 2097 Exaltatur
1610 2063 1692 2096 item
1722 2062 1848 2106 pietate
1876 2061 2075 2104 principum
2098 2061 2189 2104 apud
2214 2072 2277 2104 po-

1296 2115 1438 2160 pulum,
1465 2114 1546 2158 quia
1570 2112 1769 2157 principum
1789 2112 1945 2156 exemplo
1962 2111 2064 2144 multi
2084 2111 2279 2145 invitantur

1299 2167 1342 2198 ad
1368 2166 1643 2207 cognoscendam
1669 2163 1874 2197 doctrinar-¹.
1927 2161 1974 2195 Et
1995 2174 2073 2195 curn
2090 2174 2163 2194 non
2181 2173 2278 2194 exer-

1299 2222 1395 2250 cetur
1424 2216 1566 2248 saevitia
1592 2215 1629 2246 in
1653 2211 1867 2253 Ecclesiam,
1901 2213 2019 2257 plures
2043 2213 2191 2246 audiunt
2216 2213 2279 2245 do—

1299 2267 1467 2306 ctrinam,
1495 2273 1527 2299 et
1551 2264 1743 2297 imbecilles
1767 2264 1904 2297 facilius
1927 2261 2073 2308 provehi
2098 2270 2129 2296 et
2147 2263 2280 2297 erudiri

1300 2323 1465 2362 possunt,
1500 2323 1534 2349 et
1559 2315 1744 2359 disciplina
1771 2313 1952 2348 honestius
1975 2321 2007 2348 et
2031 2314 2184 2347 severius
2207 2313 2279 2356 regi

1299 2374 1431 2412 potest,
1459 2379 1539 2400 cum
1564 2372 1764 2408 congruunt
1787 2366 1864 2410 piae
1880 2365 2077 2398 voluntates
2092 2371 2123 2398 et
2139 2371 2280 2398 senten·
2297 2389 2302 2393 .

1301 2419 1369 2452 tiae
1390 2417 1661 2461 gubernantium
1679 2414 1869 2449 Ecclesiam
1891 2423 1923 2449 et
1941 2415 2092 2459 politiaS.

1401 2477 1497 2511 Haec
1532 2477 1637 2519 igitur
1669 2489 1735 2510 vox
1759 2476 1890 2510 Psalmi
1920 2475 2138 2519 principibus
2170 2474 2282 2507 incul-

1303 2528 1410 2561 canda
1446 2535 1532 2568 erat,
1574 2535 1613 2561 ut
1643 2528 1878 2560 excitarentur
1906 2527 1949 2559 ad
1983 2525 2165 2569 pietatem,
2204 2535 2281 2558 cum

1304 2579 1467 2612 audirent
1497 2580 1653 2622 ipsorum
1679 2578 1878 2611 ohedientia
1902 2576 2048 2620 gloriam
2075 2574 2140 2609 Dei
2164 2574 2283 2608 multi-

1275 2664 1278 2666 ,
1305 2630 1443 2674 pliciter
1460 2630 1585 2673 augeri.

2343 759 2349 784 z

2344 787 2352 834 ἒ
