2379 2948
88 122 184 157 1557

186 205 232 240 Et
261 204 328 240 hoc
354 207 429 251 ipso
456 207 564 240 verbo
591 206 807 251 Spargendi,
842 207 1011 251 significat
1037 219 1072 240 se

85 258 264 303 requirere
294 258 397 290 fidem
428 258 465 290 in
497 255 552 291 his
574 258 756 301 operibus,
792 265 831 292 ut
856 271 959 303 supra
986 259 1070 293 dixi.

85 308 165 341 Non
198 309 291 342 enim
324 309 439 342 existit
471 307 555 342 haec
578 309 688 342 virtus
714 321 815 342 verae
840 309 1071 348 liberalitatis,

84 360 154 392 nisi
183 359 220 392 in
244 359 306 400 ii5‚
340 360 401 403 qui
425 366 567 403 propter
590 360 806 393 voluntatem
831 358 894 392 Dei
919 361 1072 393 libenter

86 410 303 453 largiuntur,
331 417 363 442 et
386 411 533 442 credunt
558 421 592 442 se
617 411 741 454 respici
766 423 783 443 a
801 409 875 443 Deo
899 423 937 443 ac
956 410 1069 444 Deum

85 460 391 504 suppeditaturum
409 472 479 493 esse
495 461 577 504 ipsis
593 461 825 494 necessarium
841 461 983 501 victum,
1010 463 1070 494 de-

85 511 279 544 sensionem
305 518 386 549 etc.‚
415 511 478 544 etsi
505 523 539 543 se
565 511 788 551 defraudent,
816 518 849 545 et
869 513 1070 556 periclitan-

84 563 169 595 dum
193 562 237 595 sit
262 562 304 594 de
326 562 430 596 victu.
483 560 560 594 Hoc
578 562 722 595 nomine
739 560 901 597 Christus
919 563 1071 607 praefert

87 624 174 656 opus
202 613 328 645 viduae
355 613 606 657 pauperculae,
640 614 811 647 mittentis
834 616 904 647 duo
929 627 1006 647 aera
1034 614 1070 646 in

85 660 391 710 gazophylacium,
449 664 600 696 aliorum
639 665 793 697 divitum
831 665 1072 710 eleemosynis,

85 715 201 759 quod,
235 726 314 747 curn
348 713 421 758 ipsa
452 721 584 757 egeret,
620 716 724 749 etiam
751 727 823 748 sese
847 717 1071 757 defraudans,

86 772 198 799 totum
217 765 347 798 victum
367 765 584 800 contulisset.
639 766 683 799 Et
698 766 879 809 magnifice
897 767 1073 810 praedicat

85 816 257 859 scriptura
281 816 479 860 exemplum
504 816 732 861 Sareptanae,
759 829 847 862 quae
872 817 909 849 in
936 829 1071 850 summa

84 866 249 912 penuria,
275 878 353 899 cum
378 865 470 900 nihil
492 865 634 901 haberet
653 874 790 910 praeter
809 868 1002 911 pauxillum
1018 868 1071 900 fa-

85 919 201 958 rinae,
229 929 299 963 quo
323 919 364 950 ad
390 931 501 951 unum
524 918 617 951 diem
636 919 702 951 sibi
719 931 758 951 ac
773 918 845 951 filio
865 919 971 952 vitam
990 931 1073 962 pro-

84 975 241 1011 rogaret,
276 975 392 1001 tameu
422 969 455 1000 id
483 981 588 1002 omne
612 970 753 1013 praebet
775 967 876 1002 Eliae
903 969 1072 1007 venienti,

85 1031 149 1053 nec
166 1020 364 1053 retardatur
379 1020 573 1053 diffidentia
590 1021 631 1053 ad
649 1021 951 1061 benefaciendum,
977 1021 1072 1065 quod

85 1071 130 1104 sit
153 1070 220 1103 sibi
245 1070 429 1103 defuturus
455 1071 552 1103 cibus
572 1071 625 1104 vel
647 1072 773 1104 victus:
802 1073 863 1105 sed
886 1072 955 1104 fide
974 1083 1073 1114 prae-

85 1128 152 1155 stat
177 1118 245 1154 hoc
268 1133 357 1164 opus
374 1122 518 1154 credens
536 1122 602 1155 sibi
623 1122 793 1155 divinitus
811 1123 1072 1166 suppeditatum

85 1172 149 1211 iri,
184 1171 318 1205 etiamsi
351 1170 442 1204 nihil
473 1173 623 1213 supersit
652 1173 734 1206 cibi.
789 1171 885 1206 Haec
916 1173 1072 1216 exempla

671 120 735 156 lx.
794 119 1158 156 COMMENTARH
1192 119 1242 154 IN
1275 118 1518 157 PSALMOS.

86 1223 271 1256 imitentur
293 1222 360 1266 pii,
389 1230 428 1256 ut
451 1223 488 1255 in
507 1220 561 1256 his
579 1224 744 1267 operibus
762 1231 942 1256 exerceant
957 1224 1073 1264 fidem,

85 1281 117 1308 et
135 1274 181 1307 ita
199 1280 373 1318 praestent
389 1274 501 1316 largas
516 1274 763 1319 eleemosynas,
790 1287 854 1307 nec
870 1275 1073 1308 deterrean-

84 1333 144 1360 tur
165 1337 183 1358 a
207 1324 478 1363 benefaciendo,
513 1325 576 1358 etsi
599 1337 677 1358 cum
704 1326 823 1370 aliquo
848 1337 912 1357 suo
939 1326 1074 1358 incom-

85 1376 213 1415 modo,
248 1381 281 1407 et
311 1375 567 1418 propemodum
596 1386 700 1418 supra
731 1375 822 1408 vires
851 1376 1072 1417 largiendum

84 1427 147 1466 sit,
173 1426 263 1459 sicut
286 1423 418 1458 Paulus
441 1425 619 1469 praedicat
642 1426 880 1471 eleemosynas
898 1425 1074 1459 Ecclesia-

84 1489 162 1511 rum
181 1475 433 1517 Macedoniae,
460 1477 555 1521 quod
579 1476 683 1509 etiam
706 1488 811 1520 supra
835 1476 927 1509 vires
950 1484 1075 1520 sponte

85 1526 314 1562 contulerint.

187 1603 318 1647 Magna
345 1603 420 1636 laus
445 1610 493 1637 est
518 1604 554 1636 in
581 1603 763 1646 scripturis
789 1600 893 1637 huius
921 1605 1074 1644 virtutis,

84 1662 117 1689 et
141 1652 247 1688 habet
271 1654 473 1697 magnificas
497 1654 748 1697 promissiones
773 1655 1009 1698 praemiorum
1036 1656 1073 1688 in

83 1705 149 1740 hac
174 1706 263 1746 vita,
290 1712 322 1738 et
347 1713 423 1748 post
447 1703 538 1738 hanc
563 1705 686 1743 vitam,
713 1704 803 1738 sicut
825 1703 989 1739 Christus
1017 1707 1073 1739 in-

83 1757 161 1803 quit
186 1756 301 1790 Lucae
317 1755 372 1789 7.:
410 1756 520 1796 Date,
555 1763 589 1790 et
613 1755 756 1789 dabitur
780 1756 899 1797 vobis,
931 1769 1074 1790 mensu-

83 1820 157 1843 ram
181 1807 393 1847 confertam,
424 1807 589 1847 uberem,
615 1806 855 1839 abundantem
879 1808 1013 1842 dabunt
1035 1809 1073 1841 in

82 1859 201 1893 sinum
219 1865 385 1892 vestrum.
441 1855 485 1890 Et
503 1857 672 1893 Proverb.
688 1858 759 1890 12:
789 1855 860 1899 Qui
879 1858 1074 1892 liberaliter

82 1909 274 1949 benefacit,
302 1906 541 1942 cumulabitur
561 1915 622 1943 etc.
691 1906 778 1940 Item
799 1910 877 1943 22:
915 1908 1071 1942 Liberali

83 1960 186 1995 oculo
210 1960 456 1997 benedicetur,
491 1959 573 2004 quia
596 1960 639 1991 de
663 1969 725 1991 suo
749 1970 839 2002 pane
863 1960 922 1993 dat
945 1962 1070 2003 egenti.

84 2011 167 2045 Ideo
185 2007 293 2045 ethic
311 2011 458 2043 additur
474 2009 678 2054 promissio:
707 2008 847 2042 lusticia
864 2011 939 2043 eius
955 2019 1073 2046 manet

84 2063 120 2095 in
146 2062 303 2095 seculum
328 2068 391 2095 etc.
460 2060 654 2094 Pollicetur
677 2059 745 2104 piis
771 2061 1072 2096 benefacientibus

83 2112 260 2158 praemia,
287 2114 382 2157 quod
400 2112 499 2146 Deus
523 2112 568 2146 sit
593 2112 686 2157 ipsos
709 2111 918 2145 defensurus
941 2125 980 2146 ac
997 2113 1072 2156 glo-

82 2165 292 2199 rificaturus.

185 2237 250 2274 Est
275 2238 369 2272 enim
394 2238 585 2280 sententia,
611 2238 700 2272 sicut
717 2250 837 2283 supra:
866 2239 1002 2273 etiamsi
1021 2241 1071 2285 pii

83 2303 156 2325 non
189 2290 368 2334 accipiunt
393 2290 547 2334 praemia
572 2290 616 2323 ab
640 2286 847 2324 hominibus
874 2302 936 2334 pro
961 2292 1071 2325 bene-

82 2341 202 2382 factis,
228 2341 287 2373 sed
311 2340 347 2373 in
372 2341 506 2374 mundo
531 2340 716 2385 patiuntur
733 2341 946 2382 calumnias,
975 2342 1071 2376 iniu-

82 2393 173 2427 riam
185 2418 192 2432 ,
219 2391 360 2425 fraudes
376 2391 638 2436 improborum,
666 2392 919 2436 opprimuntur
936 2399 968 2426 et
985 2405 1071 2427 con-

83 2444 267 2478 culcantur
298 2454 316 2475 a
345 2443 523 2488 tyrannis,
557 2443 772 2476 damnantur
796 2444 840 2476 ab
866 2441 1070 2490 hypocritis,

83 2502 251 2540 tanquam
275 2493 402 2527 abiecti
421 2505 438 2526 a
455 2491 549 2532 Deo,
574 2501 691 2527 tamen
708 2494 802 2528 Deus
820 2495 984 2529 defendet
1000 2507 1069 2535 eos,

81 2553 116 2580 et
146 2552 288 2579 tandem
321 2544 531 2587 glorificabit
562 2544 672 2586 ipsos,
706 2552 745 2579 ut
770 2545 887 2580 vincat
910 2546 1067 2590 ipsorum

82 2608 196 2630 causa.
246 2595 333 2629 Item
359 2595 599 2640 suppeditabit
622 2595 671 2629 eis
693 2595 797 2630 etiam
813 2597 1005 2630 necessaria
1024 2598 1068 2630 ad
1094 2594 1096 2602 '

84 2645 173 2681 hanc
200 2646 324 2688 vitam,
358 2647 498 2690 augebit
528 2647 629 2681 etiarn
662 2647 754 2680 dona
780 2647 997 2690 spiritualia,
1029 2654 1068 2682 ut

83 2699 234 2732 multum
261 2697 393 2742 possint
418 2699 582 2742 prodesse
597 2696 772 2730 Ecclesiae
791 2705 822 2731 et
843 2699 1067 2742 reipublicae,

2018 124 2112 158 1358

1125 207 1214 242 sicut
1233 208 1275 241 de
1287 205 1443 240 Naaman
1454 206 1543 252 Syro
1560 205 1742 245 scribitur,
1769 207 1864 251 quod
1879 214 2022 250 propter
2037 208 2111 241 eius

1125 259 1288 303 pietatem
1304 256 1399 290 Deus
1419 257 1556 291 dederit
1571 257 1718 291 salutem
1735 258 1799 291 toti
1813 256 1946 302 Syriae.
1999 257 2110 291 Deni-

1126 322 1193 355 que
1215 309 1379 342 fruentur
1403 315 1479 352 post
1502 306 1594 342 hanc
1618 308 1725 342 vitam
1744 315 1886 342 aeterno
1904 309 2049 351 gaudio,
2079 317 2107 342 et

1125 367 1291 405 perpetuo
1312 366 1413 392 erunt
1427 359 1584 402 gloriosi.

1227 435 1335 469 Plena
1365 442 1414 468 est
1439 435 1610 478 scriptura
1637 435 1910 479 promissionum
1935 444 1968 470 et
1994 449 2110 470 exem·

1126 488 1266 533 plorum
1284 484 1390 519 huius
1405 487 1553 528 generis.
1595 485 1727 520 Paulus
1742 488 1776 520 2.
1793 486 1955 521 Corinth.
1972 488 2004 521 8.
2029 500 2111 531 pro-

1125 539 1234 571 mittit
1258 549 1328 570 non
1355 537 1469 570 solum
1493 537 1689 581 corporalia
1711 539 1886 581 praemia,
1923 540 1981 571 sed
2006 539 2111 572 etiarn

1125 590 1382 622 incrementum
1406 589 1582 620 donorum
1606 588 1864 631 spiritualium,
1892 588 1965 631 Qui
1984 600 2113 633 suppe-

1126 641 1214 674 ditat
1237 650 1354 671 semen
1375 638 1565 671 seminanti
1589 646 1651 673 etc.
1674 640 1813 682 augebit
1838 640 1941 673 etiarn
1960 652 2113 683 proven-

1125 698 1199 725 tum
1224 690 1366 732 frugum
1392 689 1551 721 iusticiae
1576 696 1733 728 nostrae,
1761 697 1800 723 ut
1824 690 1860 722 in
1878 691 2045 724 omnibus
2061 691 2114 723 lo-

1126 741 1363 785 cupletemini,
1390 740 1610 773 abundantes
1627 740 1663 772 in
1679 752 1784 773 omne
1800 753 1887 784 opus
1903 742 2036 774 bonum
2053 749 2114 774 etc.

1126 788 1280 825 blalach.
1300 791 1333 826 3.
1361 802 1440 823 cum
1465 791 1698 823 concionatur
1723 792 1765 823 de
1784 791 2015 836 eleemosynis
2031 804 2116 824 con-

1126 842 1280 876 serendis
1297 842 1339 874 ad
1357 841 1606 875 ministerium.
1648 840 1791 882 Inferte,
1818 842 1947 887 inquit,
1974 854 2115 874 omnem

1127 893 1298 927 decimam
1322 893 1359 924 in
1385 889 1551 925 horreum
1573 904 1690 926 meum
1704 919 1712 933 ‚
1740 892 1769 925 si
1785 904 1858 925 non
1874 904 2043 936 aperuero
2062 905 2117 925 ca-

1126 951 1274 979 taractas
1305 943 1413 983 coeli,
1463 950 1494 976 et
1531 943 1688 977 effudero
1724 955 1865 977 omnem
1898 944 2117 977 benedictio-

1128 1007 1206 1029 nem
1227 1002 1290 1029 etc.

1231 1071 1485 1106 Praedicantur
1513 1070 1616 1104 etiam
1647 1069 1684 1103 in
1717 1070 1885 1115 exemplis
1917 1079 2117 1105 sanctorum

1128 1121 1212 1156 haec
1237 1122 1373 1162 officia,
1402 1122 1589 1167 praecipue
1613 1122 1814 1165 principum
1839 1129 1870 1155 et
1888 1134 2009 1165 regum
2027 1124 2118 1155 elee-

1128 1185 1314 1218 mosynae,
1368 1180 1408 1207 ut
1440 1174 1482 1206 de
1515 1170 1676 1208 Ezechia.
1715 1173 1746 1206 1.
1780 1173 1896 1207 Paral.
1922 1174 1982 1207 21.
2023 1174 2118 1218 quod

1128 1224 1346 1269 praeceperit
1365 1225 1452 1257 ‘dare
1471 1224 1600 1256 victum
1620 1236 1659 1256 ex
1675 1223 1884 1267 provinciis,
1913 1232 1946 1258 et
1963 1224 2120 1263 decimis,

1128 1276 1386 1315 sacerdotibus,
1420 1282 1459 1308 ut
1483 1281 1624 1318 possent
1648 1287 1769 1307 vacare
1792 1275 1860 1317 legi
1876 1274 2045 1313 Domini,
2075 1273 2119 1308 Et

1129 1326 1291 1365 additur,
1327 1338 1367 1358 ex
1399 1338 1468 1370 quo
1502 1331 1643 1368 coeptae
1675 1333 1757 1359 sunt
1785 1325 1907 1358 offerri
1932 1326 2118 1370 primitiae,

1129 1377 1349 1409 benedixisse
1375 1374 1569 1409 Dominum
1598 1376 1739 1420 populo.
1802 1376 1845 1408 In
1869 1374 2027 1410 historiis
2053 1389 2120 1409 no-

1129 1434 1282 1460 strorum
1309 1426 1510 1470 principum
1536 1426 1712 1469 insignem
1736 1427 1876 1460 laudern
1900 1425 2005 1461 habet
2029 1427 2119 1460 libe-

1128 1477 1277 1510 ralitatis
1297 1477 1333 1510 in
1357 1488 1525 1520 pauperes
1541 1476 1709 1510 Tiberius
1724 1477 1916 1522 imperator
1934 1479 2119 1516 secundus,

1129 1528 1188 1573 qui
1215 1527 1379 1561 successit
1396 1527 1546 1561 Iustino.
1600 1528 1713 1562 Aiunt
1736 1525 1826 1561 hanc
1843 1528 1949 1561 fuisse
1965 1529 2039 1562 eius
2058 1541 2120 1562 vo·

1130 1591 1222 1619 cem,
1250 1591 1328 1611 cum
1349 1576 1670 1623 reprehenderetur
1689 1580 1782 1624 quod
1805 1577 2006 1613 exhauriret
2022 1591 2120 1612 aera-

1129 1635 1218 1662 rium
1249 1629 1452 1673 publicum,
1486 1628 1677 1674 Nunquam
1707 1630 1908 1663 defuturam
1933 1631 2118 1674 pecuniam

1128 1681 1209 1713 fisco
1235 1680 1348 1723 regio,
1384 1679 1544 1723 quandiu
1570 1691 1740 1724 pauperes
1764 1680 2004 1726 eleemosynas
2026 1681 2117 1714 acci-

1128 1737 1260 1774 perent.
1314 1730 1491 1764 Scribitur
1522 1730 1626 1764 etiam
1661 1737 1804 1775 propter
1834 1731 2012 1775 singulare
2044 1739 2118 1765 stu—

1127 1782 1226 1815 dium
1259 1781 1525 1819 beneficentiae,
1570 1782 1758 1824 patefactos
1790 1782 1821 1815 ei
1852 1793 1924 1816 esse
1959 1783 2119 1826 ingentes

1127 1830 1273 1867 thauros
1291 1832 1327 1864 iu
1345 1838 1435 1866 terra
1452 1832 1665 1868 reconditos,

1228 1906 1383 1942 Econtra
1403 1905 1478 1949 his,
1503 1908 1564 1954 qui
1581 1909 1766 1952 negligunt
1784 1907 1868 1943 haec
1885 1909 2018 1951 officia,
2044 1922 2116 1943 non

1127 1960 1315 1993 conferunt
1338 1960 1381 1992 ad
1405 1960 1707 1993 conservationem
1732 1961 1941 2001 ministerii,
1971 1973 2034 1994 nec
2054 1963 2117 1994 ad-

1127 2011 1251 2045 iuvant
1283 2016 1421 2053 egentes
1451 2022 1530 2043 cum
1564 2018 1729 2054 possunt,
1764 2011 1922 2046 minatur
1944 2013 2116 2055 scriptura

1127 2068 1261 2095 atroces
1279 2072 1420 2104 poenas.
1476 2062 1508 2096 1.
1524 2060 1681 2097 loau.3.:
1711 2061 1783 2104 Qui
1799 2060 1906 2096 habet
1923 2063 2116 2103 facultates,

1127 2120 1159 2147 et
1176 2113 1300 2145 videus
1318 2112 1460 2145 fratrem
1477 2123 1594 2155 egere,
1617 2113 1750 2146 claudit
1768 2114 1897 2146 viscera
1916 2124 1976 2147 sua
1989 2140 1998 2153 ,
2026 2125 2115 2158 quo-

1126 2164 1233 2196 modo
1262 2169 1382 2196 manet
1408 2163 1549 2196 dilectio
1572 2162 1638 2196 Dei
1664 2163 1701 2196 in
1726 2163 1813 2196 illo?
1864 2163 2048 2208 Haggaeus
2071 2165 2115 2197 de

1125 2215 1279 2257 neglecta
1303 2226 1385 2247 cura
1403 2215 1634 2247 conservandi
1652 2214 1859 2248 ministerrii
1876 2215 1942 2248 ait:
1970 2222 2115 2260 propter

1126 2263 1192 2299 hoe
1216 2262 1387 2309 prohibiti
1411 2272 1493 2298 sunt
1510 2265 1617 2306 coeli,
1644 2277 1688 2298 ne
1704 2266 1828 2300 darent
1846 2277 1972 2300 rorem.
2025 2264 2114 2298 Eze-

1125 2313 1217 2350 chiel
1248 2316 1309 2349 56.
1346 2316 1438 2349 inter
1480 2327 1600 2349 causas
1641 2316 1833 2349 eversionis
1873 2316 2112 2350 Sodomorum

1125 2368 1229 2401 etiam
1256 2364 1341 2400 haec
1363 2367 1553 2409 allegatur,
1580 2366 1663 2412 quia
1688 2379 1831 2400 manum
1849 2378 1947 2400 suam
1966 2367 2110 2411 pauperi

1124 2418 1363 2462 porrigebant.
1421 2415 1516 2450 Haec
1545 2418 1687 2461 prodest
1715 2418 1907 2451 admonere
1938 2415 2110 2457 homines,

1123 2476 1162 2503 ut
1187 2468 1382 2503 excitentur
1405 2468 1448 2501 ad
1476 2467 1777 2504 benefaciendum.
1830 2469 1883 2501 Ac
1907 2469 2062 2512 profecto
2081 2469 2108 2502 si

1124 2518 1376 2563 promissiones
1401 2519 1469 2551 fide
1494 2519 1732 2560 intueremur,
1766 2520 1879 2553 multo
1903 2527 2014 2553 essent
2039 2520 2108 2552 lar-

1123 2571 1236 2614 giores
1253 2570 1517 2616 eleemosynae,
1543 2582 1582 2603 ac
1600 2570 1718 2604 minus
1736 2570 1952 2615 rapacitatis,
1979 2583 2018 2605 ac
2034 2571 2108 2604 fur—

1121 2628 1238 2656 torum
1258 2628 1320 2655 etc.
