2379 2948
169 82 242 118 321
770 78 834 117 111.

175 178 250 202 non
268 173 351 202 sunt
366 164 552 202 ordinatas
604 165 686 201 Non
704 165 812 209 igitur
828 166 1044 210 respondent
1061 177 1168 198 even-

176 225 233 253 tus
260 219 480 263 regulariter.
534 216 685 252 Etiamsi
703 217 893 260 piscatores
907 216 1041 249 Milesii
1060 216 1168 249 semel

175 281 323 303 aureum
342 270 518 314 tripodem
537 273 782 307 extraxerunt,
808 274 926 300 tamen
950 278 1023 299 non
1043 273 1093 300 est
1110 278 1168 299 re-

177 321 310 364 gulare,
329 320 491 353 invenire
509 319 546 352 in
564 330 603 351 eo
621 318 698 350 loco
716 328 840 350 aureos
855 317 1023 360 tripodeS.
1049 316 1167 349 Verba

177 371 381 406 Aristotelis
406 371 510 412 digna
534 367 703 401 memoria
729 365 814 401 baec
838 374 936 400 sunt:
971 364 1096 401 πάντα
1120 365 1168 400 τὰ

177 419 287 469 φύσει
302 419 325 466 ἢ
343 418 397 455 ἀεὶ
415 418 513 454 οὕτω
528 416 682 465 γίνεται,
698 415 722 462 ἢ
741 415 790 456 ὥς
814 416 871 451 ἐπὶ
886 415 929 451 τὸ
948 416 1062 458 πολὺ,
1091 420 1168 451 τῶν

179 470 219 506 δὲ
244 470 316 506 ἀπὸ
333 468 446 515 τύχης
466 467 528 503 καὶ
551 470 618 502 τοῦ
635 465 851 512 αὐτομάτου
879 466 1002 503 οὐδέν.
1055 467 1168 501 Natu-

180 536 239 556 rae
255 529 313 556 aut
330 532 478 564 semper,
498 525 557 552 aut
572 519 771 564 plerunque
783 520 997 563 respondent
1014 519 1167 553 effectus.

179 574 331 607 Possunt
357 571 452 603 enim
481 570 637 602 incidere
663 570 935 613 impedimenta,
970 577 1010 604 ut
1034 570 1167 603 curatio

179 623 336 657 vulneris
354 620 518 665 impediri
537 626 668 664 potest,
695 632 754 654 seu
778 620 860 665 quia
886 621 995 653 telum
1019 620 1087 653 suit
1109 632 1168 652 ve-

180 681 370 712 nenatum,
411 682 472 704 seu
501 670 584 715 quia
608 671 841 704 inflammatio
866 671 984 715 aliqua
1015 671 1168 709 accessit,

177 732 239 758 aut
270 723 367 756 aliud
399 721 560 755 accidens
590 722 838 765 perniciosum.
904 721 1009 754 Nunc
1041 722 1084 754 de
1114 733 1169 753 re-

180 773 346 809 ductione
371 784 554 806 causarum
580 784 643 816 per
656 772 819 805 accidens
847 772 890 805 ad
909 783 1029 805 causas
1053 783 1116 815 per
1134 783 1168 804 se

181 826 314 865 dicam,
345 823 408 857 ubi
431 824 474 856 de
497 823 568 856 fato
598 829 631 856 et
656 822 777 856 multis
798 822 1065 868 quaestionibus
1090 822 1169 855 aliis

179 875 249 909 dici
267 885 405 908 necesse
424 881 486 908 est.

233 983 290 1018 Ad
306 993 397 1028 quas
417 993 557 1016 causas
571 992 640 1027 per
653 993 693 1016 se
714 980 911 1016 reducitur
934 979 1124 1027 fortuna?

184 1119 303 1143 causas
321 1119 382 1150 per
397 1118 451 1148 se,
477 1114 594 1140 tamen
613 1107 745 1140 multae
764 1118 910 1149 magnae
933 1118 987 1139 res
1005 1106 1168 1139 accidunt

182 1158 392 1193 hominibus
409 1157 595 1198 omnibus,
622 1164 661 1190 ut
677 1156 847 1201 Pompeio
859 1185 867 1197 ,
895 1156 1001 1197 Iulio,
1029 1164 1062 1190 et
1079 1156 1169 1197 aliis,

183 1221 271 1255 quae
291 1207 523 1241 nominantur
538 1208 720 1248 fortuitae,
753 1219 902 1252 quarum
925 1218 1044 1241 causas
1062 1219 1168 1252 quae-

185 1272 261 1294 rere
279 1260 321 1292 ad
341 1257 632 1301 gubernationem
652 1258 744 1291 vitae
756 1259 844 1291 utile
864 1265 922 1294 est,
954 1258 1168 1302 Quanquam
1194 1267 1197 1279 ³

185 1311 279 1344 enim
303 1309 338 1341 in
365 1306 428 1340 hac
451 1308 691 1341 imbecillitate
716 1306 892 1341 humanae
916 1315 1062 1341 naturae
1086 1320 1169 1351 pro·

185 1360 273 1405 spici
292 1358 412 1392 omnia
433 1369 506 1390 non
529 1364 694 1402 possunt,
735 1365 853 1391 tamen
878 1360 995 1403 aliqua
1019 1358 1169 1391 consilio

182 1410 257 1453 regi
275 1422 293 1442 a
312 1408 503 1442 moderatis
517 1408 653 1441 naturis
669 1415 826 1451 possunt.
880 1408 951 1441 Nec
970 1409 1064 1441 enim
1088 1409 1170 1441 uni-

186 1460 370 1494 versaliter
388 1470 510 1492 verum
537 1465 606 1499 cst,
640 1459 735 1504 quod
762 1459 906 1492 dicitur:
937 1458 1056 1492 Vitam
1083 1459 1172 1502 regit

186 1514 349 1551 fortuna,
377 1521 450 1542 non
469 1509 659 1553 sapientia,
686 1509 796 1542 multa
819 1510 986 1543 omnibus
1006 1510 1170 1543 accidunt

186 1568 325 1607 praeter
351 1560 580 1604 opinionem,
621 1566 765 1604 propter
794 1560 906 1593 varias
931 1573 1070 1601 causas,
1112 1561 1172 1593 sed

187 1621 306 1648 tamen
339 1611 527 1644 consilium
562 1617 594 1644 et
627 1611 906 1644 consolationem
933 1611 968 1643 in
999 1609 1065 1644 hac
1094 1618 1173 1644 tan-

190 1672 223 1698 ta
242 1662 484 1695 imbecillitate
512 1668 630 1695 nostra
664 1662 700 1693 in
725 1662 830 1695 rebus
859 1662 1056 1705 praecipuis
1078 1661 1173 1695 Deus
1199 1674 1201 1682 ⁴

189 1713 362 1752 ostendit,
407 1718 440 1745 et
474 1712 646 1756 quaedam
672 1712 848 1745 moderari
873 1712 1006 1754 agnitio
1031 1712 1097 1745 Dei
1142 1718 1173 1745 et

191 1763 376 1807 diligentia
397 1762 547 1795 rationis
572 1768 736 1805 possunt:
768 1769 807 1795 ut
825 1761 973 1795 Davidis
989 1760 1174 1795 historiam

190 1814 463 1849 consideremus,
527 1811 687 1845 Primum
726 1818 862 1856 poterat
893 1813 1003 1846 vitare
1033 1824 1175 1856 poenas,

190 1864 379 1900 domestica
397 1862 600 1907 parricidia,
624 1863 835 1901 seditiones,
860 1863 1017 1903 exilium,
1041 1863 1175 1895 bellum

192 1916 315 1956 civile,
349 1914 378 1947 si
398 1914 441 1947 ab
457 1914 601 1947 alterius
619 1925 727 1947 uxore
746 1914 983 1954 abstinuisset,
1010 1920 1049 1946 ut
1066 1914 1175 1947 absti-

190 1978 273 2001 nere
294 1971 468 2009 potuerat.

290 2015 516 2049 Democritus
539 2026 619 2048 casu
648 2014 814 2048 accidisse
835 2013 965 2048 Davidi
992 2026 1177 2048 aerumnas

194 2068 273 2101 illas
290 2066 432 2100 diceret.
468 2065 541 2100 Nos
559 2059 759 2099 inEeclesia
769 2065 834 2099 Dei
853 2077 991 2099 necesse
1009 2072 1058 2099 est
1076 2065 1178 2098 aliter

195 2117 336 2152 sentire.
390 2115 470 2150 Imo
488 2129 532 2149 ne
550 2117 693 2162 quidem
709 2114 921 2160 Philosophi
939 2127 1061 2149 omnes
1083 2117 1178 2149 dice-

196 2175 294 2209 rent,
319 2167 485 2201 accidisse
503 2167 583 2201 illos
607 2168 722 2201 tristes
744 2174 887 2200 eventus
910 2166 1061 2207 Davidi,
1104 2167 1179 2200 siue

196 2219 313 2263 aliqua
331 2229 393 2261 per
413 2230 448 2251 se
465 2229 578 2253 causa.
630 2217 768 2251 Deinde
786 2219 897 2252 multo
917 2218 1033 2251 minus
1052 2218 1179 2251 libera-

198 2270 247 2304 tio
265 2268 332 2302 suit
347 2268 501 2304 fortuita.
528 2268 608 2301 Non
626 2269 733 2312 igitur
745 2275 853 2302 totam
871 2269 977 2302 vitam
997 2268 1081 2311 regit
1101 2280 1179 2301 coe-

200 2332 237 2354 ca
258 2320 414 2353 fortuna.
472 2318 586 2352 David
614 2332 678 2353 suo
704 2319 804 2363 lapsu
831 2319 1013 2353 accersivit
1040 2331 1171 2363 poenas

201 2519 371 2568 πήματα,
402 2527 432 2553 et
451 2519 626 2553 Homerus
646 2521 689 2552 de
704 2520 761 2554 Iro
778 2522 908 2567 inquit:

283 2574 303 2619 ἦ
327 2575 424 2617 τάχα,
440 2573 525 2618 Ἶρος
547 2575 634 2617 αἶ’ρος
656 2575 843 2609 ἐπίσπαστον
858 2580 952 2610 κακ(“ν
967 2578 1033 2616 ἕξει.

200 2641 338 2676 Deinde
355 2652 428 2673 non
444 2636 752 2673 succubuitDavid
771 2639 808 2673 in
826 2642 962 2685 poenis,
987 2654 1025 2676 ac
1042 2643 1185 2676 tandem

253 2692 437 2725 litatis-Tu.
467 2694 569 2723 Oeta.
598 2692 680 2722 Von.
710 2691 803 2723 XIII.

1194 1039 1197 1063 ς
1223 1025 1265 1056 ad
1292 1035 1373 1056 suos
1403 1024 1572 1069 cuiusque
1605 1035 1737 1065 mores,

284 1055 361 1090 Etsi
381 1056 417 1088 in
433 1056 580 1089 ludicris
603 1056 709 1089 rebus
734 1054 825 1089 nibil
852 1056 977 1089 attinet
1000 1066 1169 1100 quaerere
1195 1066 1197 1100 ζ
1222 1074 1497 1110 fluxibilitatem.

885 77 1045 116 1N1T1A
1070 75 1362 116 DOCTRINAE
1388 74 1642 119 PHYsmAE.
2139 88 2215 125 322

1221 164 1391 198 eluctatus
1407 173 1468 200 est.
1509 165 1563 200 Ne
1578 165 1645 201 hoe
1661 167 1803 212 quidem
1819 168 1886 203 fuit
1904 170 2102 205 fortuitum.
2138 172 2206 207 Sed

1221 227 1300 248 cum
1311 215 1411 249 sciret
1422 215 1536 249 Deum
1547 218 2020 254 calamitatesinvocantibus
2036 223 2207 266 mitigare,

1221 266 1432 307 confugiens
1449 268 1493 298 ad
1520 264 1609 300 hanc
1634 280 1765 310 arcem,
1806 271 1931 314 petivit
1957 278 1989 305 et
2014 273 2206 316 expectavit

1221 315 1393 349 auxilium
1429 316 1524 349 iuxta
1550 319 1800 360 promissiones
1826 321 1983 362 divinas,
2017 330 2050 356 et
2075 324 2206 357 sciebat

1223 365 1482 399 invocationem
1501 378 1573 399 non
1592 379 1664 400 esse
1682 369 1831 406 irritam.
1883 370 1956 405 Nec
1981 373 2130 406 dubium
2155 380 2205 408 est

1221 415 1394 449 Davidem
1411 423 1587 449 servatum
1607 424 1639 450 et
1657 420 1856 453 restitutum
1874 433 1946 455 esse
1962 424 2093 457 auxilio
2112 425 2206 457 divi·

1222 479 1288 508 no,
1316 479 1386 512 quo
1406 474 1445 500 ut
1461 467 1659 505 iuvaretur,
1686 469 1759 511 ipse
1776 470 1878 503 etiam
1901 483 1960 505 sua
1983 474 2206 509 invocatione

1222 518 1437 562 impetravit.

1194 573 1197 590 ⁸
1326 567 1403 601 Hoc
1419 568 1616 612 exemplum
1635 568 1766 611 singuli
1784 571 1825 603 ad
1852 583 1915 603 nos
1940 573 2032 615 ipsos
2056 575 2206 609 transfe-

1221 631 1358 659 ramus,
1386 625 1419 652 et
1437 630 1664 661 agnoscamus
1680 631 1741 662 per
1758 632 1792 653 se
1813 633 1930 654 causas
1946 623 2119 666 lapsuum,
2145 627 2206 671 qui

1196 691 1197 698 κ
1223 670 1435 703 antecedunt
1456 681 1606 713 poenas,
1627 676 1661 703 et
1679 682 1739 713 per
1757 683 1792 704 se
1808 684 1928 705 causas
1945 673 2208 717 liberationum,

1223 721 1269 754 ita
1287 720 1525 763 intelligemus
1542 721 1762 763 diligentiam
1781 722 1816 754 in
1848 723 1969 756 multis
1995 725 2100 757 rebus
2126 737 2207 768 pro-

1223 772 1341 810 desse,
1368 783 1431 803 nec
1447 777 1556 804 totam
1577 771 1685 804 vitam
1703 783 1802 812 casu,
1830 784 1888 805 seu
1907 774 2049 808 fortuna
2073 776 2156 818 regi.

1323 819 1482 854 Eventus
1498 828 1613 855 autem
1632 822 1768 855 fortuiti
1787 824 1909 856 referri
1924 836 2049 868 magua
2063 838 2100 858 ex
2112 833 2208 870 parte

1195 876 1197 904 !
1223 873 1265 905 ad
1290 869 1351 904 bas
1367 883 1424 904 sex
1441 884 1560 905 causas
1588 879 1751 915 possunt:
1777 874 1819 906 ad
1839 872 1953 906 Deum
1988 883 2020 908 et
2038 876 2114 919 pios
2132 875 2209 910 An-

1224 923 1319 965 gelos
1337 923 1411 955 eius
1429 922 1629 963 ministros,
1666 924 1709 955 ad
1726 924 1837 957 malos
1852 925 2015 968 spiritus,
2049 928 2092 959 ad
2119 934 2208 960 tem-

1223 980 1443 1017 peramenta,
1471 974 1514 1006 ad
1532 973 1645 1006 varias
1664 973 1912 1008 inclinationes
1930 988 1948 1008 a
1968 976 2078 1009 stellis
2104 984 2209 1017 ortas,

1785 1026 1937 1071 denique
1969 1027 2011 1059 ad
2043 1028 2210 1061 materiae

1223 1185 1282 1218 De
1308 1183 1527 1219 reductione
1551 1189 1751 1220 eventuum
1783 1184 1832 1219 ad
1849 1187 1990 1229 Deum,
2028 1191 2063 1222 et
2083 1188 2134 1222 αᾱ
2149 1188 2209 1223 bo-

1466 1255 1532 1277 nos
1562 1248 1628 1278 aut
1654 1245 1775 1278 malos
1790 1247 1964 1289 spiritus.

1327 1324 1417 1359 Cum
1434 1327 1564 1369 duplex
1584 1327 1673 1360 actio
1690 1326 1756 1360 Dei
1775 1329 1836 1368 sit,
1864 1329 1930 1362 alia
1952 1341 2041 1373 quae
2068 1338 2213 1364 vocatur

1224 1378 1416 1420 generalis,
1459 1389 1538 1410 cum
1563 1377 1662 1410 Dens
1694 1378 1763 1420 agit
1794 1391 1872 1411 cum
1899 1380 2011 1412 causis
2037 1381 2212 1419 secundis,

1225 1441 1264 1460 eo
1292 1428 1440 1467 ordine,
1480 1434 1517 1460 ut
1544 1428 1716 1465 instituit,
1757 1435 1795 1461 ut
1818 1441 1896 1461 cum
1917 1429 1954 1461 in
1983 1431 2213 1471 generatione

1224 1478 1497 1511 foecunditatem
1516 1485 1700 1521 parentum
1722 1486 1894 1513 sustentat
1943 1487 1976 1513 et
2006 1482 2144 1522 adivat,
2172 1483 2214 1514 de

1198 1548 1199 1555 κ
1227 1527 1293 1562 hac
1321 1529 1476 1572 generali
1502 1531 1639 1562 actione
1674 1526 1740 1561 boc
1768 1530 1843 1563 loco
1862 1542 1933 1563 non
1951 1531 2091 1564 dicitur.
2144 1531 2213 1566 Sed

1227 1579 1287 1613 alii
1316 1580 1419 1613 multi
1452 1586 1598 1612 eventus
1628 1586 1728 1620 sunt,
1773 1592 1860 1625 quos
1886 1582 1927 1613 ad
1955 1583 2213 1624 providentiam

1200 1665 1201 1670 ¹
1227 1630 1385 1663 divinam
1410 1630 1535 1662 referri
1560 1641 1700 1662 necesse
1724 1638 1792 1671 est,
1839 1632 1898 1676 qui
1924 1644 1998 1664 non
2022 1645 2062 1665 eo
2089 1633 2215 1666 ordine

1227 1682 1334 1719 fiunt,
1363 1687 1401 1713 ut
1417 1691 1539 1713 causae
1556 1682 1746 1721 secundae,
1774 1694 1862 1726 quae
1884 1683 2129 1727 principaliter
2151 1695 2215 1726 gu-

1200 1739 1202 1752 ¹
1228 1733 1379 1764 hernent
1406 1738 1592 1770 eventum,
1631 1733 1819 1764 monstrari
1850 1733 1994 1775 possint„
2063 1733 2110 1767 Ut
2133 1746 2214 1766 cum

1228 1782 1361 1815 B'Ioises
1380 1788 1559 1822 servatur,
1592 1782 1628 1813 in
1655 1793 1780 1825 aquam
1803 1783 1976 1823 abiectus,
2020 1790 2080 1816 aut
2102 1782 2215 1829 Cyrus

1229 1832 1357 1875 exponi
1379 1832 1513 1871 iussus,
1547 1838 1607 1864 aut
1630 1831 1754 1864 Petrus
1779 1844 1858 1865 cum
1884 1834 2043 1875 Angelus
2070 1846 2149 1867 eum
2175 1846 2214 1867 ex

1201 1918 1203 1925 <
1229 1894 1366 1916 carcere
1384 1883 1512 1915 educit.
1553 1881 1763 1925 Saepissime
1783 1883 1887 1916 etiam
1905 1884 1948 1916 ab
1963 1882 2109 1927 Angelis
2127 1897 2216 1917 con-

1201 1929 1204 1963 l
1230 1933 1343 1967 territi
1361 1945 1399 1965 ac
1418 1932 1593 1975 profligati
1611 1939 1691 1965 sunt
1709 1934 1890 1968 exercitus,
1925 1933 2142 1968 Huiusmodi
2160 1935 2216 1968 in-

1230 1983 1465 2017 numerabilia
1498 1983 1591 2015 bona
1623 1983 1791 2016 eveniunt
1824 1981 2030 2017 hominibus
2063 1985 2216 2030 proprie,

1203 2044 1204 2079 ζ
1230 2033 1296 2068 Dei
1325 2033 1495 2067 beneficio
1540 2040 1574 2067 et
1598 2032 1793 2068 ministerio
1816 2034 2055 2078 Angelorum,
2100 2048 2215 2081 neque

1203 2081 1206 2122 Ι
1231 2085 1323 2118 enim
1348 2084 1478 2117 frustra
1497 2081 1642 2127 Angelis
1659 2086 1822 2119 mandata
1846 2093 1895 2120 est
1921 2086 2078 2119 custodia
2094 2084 2217 2120 Eccle-

1200 2123 1209 2256 ὶ
1231 2136 1301 2169 siae
1334 2141 1368 2169 et
1383 2135 1672 2178 gubernatorum.

1333 2184 1488 2219 Econtra
1527 2197 1628 2229 saepe
1652 2184 1747 2218 Deus
1785 2185 1831 2218 ita
1867 2187 1970 2229 punit
2001 2194 2135 2228 sontes,
2177 2194 2217 2222 ut

1206 2260 1208 2263 ι
1235 2244 1378 2270 eventus
1396 2249 1468 2269 non
1488 2237 1628 2280 proprie
1645 2237 1767 2268 referri
1784 2239 1824 2269 ad
1838 2249 1955 2269 causas
1966 2235 2126 2283 physicas
2136 2249 2216 2282 pos-

1206 2267 1210 2326 i,
1235 2289 1300 2326 sit,
1329 2294 1366 2320 ut
1393 2300 1472 2320 cuin
1498 2287 1650 2330 perdidit
1673 2287 1850 2319 civitatem
1876 2287 2132 2330 Sodomorum,
2154 2296 2216 2323 aut

477 2369 484 2375 .
516 2369 523 2375 .
703 2370 710 2377 .
842 2371 847 2376 .
1027 2370 1033 2377 .
1093 2370 1100 2376 .
1174 2346 1182 2359 ‘
1207 2346 1210 2361 ¹
1235 2351 1313 2372 cum
1341 2336 1502 2382 Oedipus
1528 2345 1618 2371 terra
1650 2335 1850 2369 dehiscente
1882 2339 2101 2374 absorbetur.
2166 2337 2214 2373 Et

199 2382 289 2416 quae
314 2381 387 2402 non
414 2370 639 2408 accidissent,
683 2382 712 2403 st
734 2371 778 2403 ab
803 2370 918 2403 altena
945 2371 1182 2403 abstinuisset.

199 2421 281 2455 Non
298 2420 406 2463 igitur
422 2419 458 2451 iu
483 2419 661 2452 fortunam
687 2421 934 2461 conferantur,
969 2422 1027 2453 sed
1057 2421 1092 2453 in
1120 2433 1183 2453 vo-

199 2473 371 2506 luntatem
381 2468 542 2509 Davidis,
568 2477 607 2503 ut
622 2477 754 2504 veteres
773 2471 962 2505 nominant
973 2469 1184 2517 αὐθαῖρετα

1236 2400 1359 2432 magna
1378 2400 1458 2433 pars
1473 2388 1753 2422 tristissimorum
1772 2394 1960 2421 eventuum
1989 2389 2027 2421 in
2054 2396 2128 2424 toto
2154 2401 2215 2434 ge-

1237 2452 1320 2473 nere
1340 2437 1495 2472 bumano
1529 2438 1772 2482 principaliter
1797 2437 1910 2471 oritur
1930 2451 1948 2472 a
1964 2437 2131 2482 Diabolo,
2154 2441 2217 2486 qui

1237 2492 1374 2524 furores
1390 2491 1427 2523 in
1443 2490 1562 2533 impiis
1586 2488 1785 2520 confirmat:
1821 2495 1859 2521 ut
1891 2501 1970 2523 cum
1996 2490 2033 2523 in
2056 2492 2217 2537 tyrannis

1239 2541 1332 2575 acuit
1363 2547 1396 2574 et
1417 2546 1517 2582 auget
1542 2538 1803 2578 crudelitatem,
1837 2551 1988 2584 quorum
2014 2542 2117 2575 multi
2142 2543 2217 2575 sine

1238 2592 1310 2625 ulla
1350 2602 1449 2624 causa
1493 2595 1672 2633 parentes,
1719 2589 1862 2630 fratres,
1905 2591 2052 2633 liberos,
2095 2594 2220 2626 coniu-

1240 2654 1298 2685 ges
1313 2641 1582 2678 interfecerunt,
1610 2645 1648 2674 ut
1665 2638 1818 2673 Selimus
1837 2640 2028 2686 imperator
2047 2642 2220 2677 'I'urcicus
