2379 2948
257 135 330 170 107

256 226 366 254 vetur.
426 216 495 251 Sed
526 216 756 261 Hippocrates
794 213 950 256 regulam
984 211 1076 247 hanc
1113 213 1231 247 tradit.

256 269 341 303 Dies
366 280 384 301 a
409 267 636 312 conceptione
657 267 699 299 ad
722 263 967 297 formationem
984 264 1152 308 duplicati
1179 264 1235 295 in-

259 320 377 353 dicant
393 318 484 351 diem
501 323 625 350 motus.
673 313 797 347 Postea
821 314 988 357 triplicati
1013 315 1086 347 dies
1111 319 1236 352 motus,

262 369 419 403 indicant
436 368 526 400 diem
544 364 669 398 edendi
686 370 815 407 partus.
868 363 915 398 Ut
932 364 961 396 si
977 365 1091 397 foetus
1106 363 1237 395 sorma-

259 427 315 453 tus
337 425 385 452 est
408 415 467 450 45.
490 415 566 455 die,
599 421 760 448 movetur
784 413 1028 456 nonagesimo,
1063 418 1095 445 et
1121 412 1236 445 editur

262 480 355 502 nono
382 477 510 501 mense.
562 462 693 509 Estque
715 461 782 497 hoc
807 471 943 507 tempus
960 461 1238 502 usitatissimum,

493 130 702 169 SCRIPTA
729 130 803 165 PH.
831 128 943 165 MEL.
971 126 1037 163 AD
1063 127 1189 164 HIST.
1217 126 1360 169 PROF.
1385 129 1451 166 ET
1478 127 1667 168 PHILOS.
1695 127 2011 168 SPECTANTIA.

2183 132 2255 167 108

1287 221 1481 253 nustatem,
1514 211 1745 255 hilaritatem,
1771 217 1811 251 'et
1835 217 1934 261 quasi
1955 217 2074 250 lumen
2095 215 2261 252 efficiunt.

1288 264 1436 298 Infausti
1474 264 1607 308 positus
1653 265 1805 299 siderum
1845 265 2030 309 insigniter
2064 267 2262 301 deformant

1288 325 1446 359 corpora.

1387 362 1440 397 De
1457 364 1613 407 gemellis
1629 371 1900 399 consentaneum
1916 372 1985 406 est,
2012 366 2075 399 etsi
2093 378 2165 400 non
2181 374 2262 401 sunt

1288 413 1394 448 cellae
1410 414 1447 446 in
1464 414 1607 447 matrice
1624 411 1797 456 humana,
1820 423 1859 449 ut
1877 416 1914 448 in
1937 415 2121 457 belluinis,
2147 423 2263 451 tamen

1289 476 1367 497 cum
1392 464 1580 497 discrimen
1604 464 1649 497 sit
1673 464 1765 497 inter
1789 465 1917 507 latera,
1943 467 2103 499 dextrum
2128 472 2161 499 et
2177 466 2264 499 sini-

262 517 464 563 praesertim
493 515 531 547 in
561 515 734 554 maribus,
772 513 954 546 soemellae
986 523 1068 544 vero
1101 512 1236 544 decimo
1289 521 1418 553 strum,
1444 514 1575 548 semina
1592 514 1755 547 distincta
1771 526 1843 548 non
1858 516 2039 556 continua,
2068 516 2141 549 labi
2156 515 2193 548 in
2209 516 2265 548 di-

263 577 379 600 mense
398 566 560 598 eduntur.
613 563 659 598 Et
683 565 725 596 de
748 574 823 595 sero
845 570 945 605 partu
968 562 1084 605 inquit
1099 560 1238 605 Hippo-
1263 572 1266 619 Ι
1290 576 1388 597 versa
1412 564 1538 605 latera,
1565 565 1619 597 vel
1642 576 1713 597 uno
1739 571 1928 608 conceptu,
1955 566 2011 599 vel
2035 566 2199 605 diversis,
2225 572 2265 599 ut

265 623 386 650 crates:
407 614 462 653 'Eg
478 612 579 659 ἰδέην
596 611 700 658 ἠέλιοι
718 625 765 653 zu,
793 612 826 650 ἐς
842 614 989 658 πρῶτον
1009 610 1108 655 ἅλμα
1124 624 1175 657 ρ,,
1205 611 1239 649 ἔς
1264 633 1266 673 Ι
1290 615 1409 648 serunt
1425 621 1524 647 natos
1548 625 1620 647 esse
1645 615 1809 657 gemellos
1826 612 2001 658 Iphiclum
2019 622 2052 649 et
2067 614 2265 650 Herculem.

270 662 467 710 τελειότητα
485 678 515 699 τ.
843 670 847 674 “
1264 677 1267 719 3
1290 663 1379 698 Cum
1404 664 1496 697 enim
1521 662 1694 707 Iphiclum
1719 664 1931 708 concepisset
1947 663 2114 698 Alcmena
2130 677 2170 698 ex
2191 677 2267 698 ma—

364 715 422 748 Sic
437 721 552 748 autem
572 713 688 746 editur
704 711 839 752 infans,
867 724 945 745 cum
963 712 1032 745 iarn
1051 712 1179 752 crevit,
1207 718 1240 745 et
1265 726 1267 743 a
1291 714 1378 754 rito,
1405 721 1522 757 postea
1546 714 1675 747 dicitur
1690 713 1877 748 Herculem
1902 726 1941 747 ex
1961 714 2042 748 Iove
2057 716 2266 759 concepisse.

265 765 432 809 ampliore
455 763 671 798 nutrimento
700 763 849 805 indiget,
875 774 979 807 quam
1005 768 1175 807 quantum
1200 774 1240 795 ex
1266 753 1267 801 Ῐ
1292 763 1333 797 Id
1356 764 1542 797 nominant
1564 760 1770 808 ἑπικύησιν,
1797 765 1901 807 vulgo
1925 765 2265 808 superfoetationem.

267 814 533 860 cotyledonibus
557 825 619 857 per
651 813 857 845 umbilicum
883 810 1044 852 attrahit,
1080 819 1241 846 movetur
1266 805 1269 854 ἰ
1292 813 1497 848 Aristoteles
1521 815 1630 848 multa
1649 820 1803 847 recenset
1823 815 1977 858 exempla
1994 815 2030 847 in
2046 814 2080 847 7.
2105 815 2147 846 de
2163 820 2267 847 natu-

266 865 395 898 maiore
419 864 570 907 impetu,
601 863 687 895 adeo
713 869 754 896 ut
787 870 925 906 rumpat
947 863 1174 906 panniculos,
1209 869 1242 896 et
1266 857 1269 914 *5
1293 876 1331 898 ra
1349 865 1566 897 animalium.
1620 864 1681 897 Ait
1699 864 1891 897 adulteram
1909 865 2084 908 quandam
2101 864 2267 906 gemellos

267 915 432 959 quasdam
464 911 578 946 chorii
611 924 727 947 venaS.
789 911 906 955 Quare
936 913 1062 946 matrix
1092 913 1242 946 retinere

268 966 399 998 foetum
415 963 549 997 diutius
563 974 635 995 non
651 969 774 1006 potest.
827 961 985 1007 Cumque
1004 963 1072 996 iam
1089 963 1243 1006 aperitur

269 1014 413 1053 matrix,
440 1013 544 1046 sentit
569 1013 684 1045 infans
707 1015 820 1045 aerem
837 1012 1113 1055 ingredientem,
1140 1024 1243 1057 quern
1268 1011 1270 1016 ’

270 1070 412 1108 captans
435 1069 596 1096 movetur
624 1073 743 1095 versus
768 1074 806 1095 os
830 1062 992 1095 matricis.
1043 1061 1121 1094 Hoc
1137 1062 1242 1094 modo

270 1114 336 1146 rite
359 1120 477 1157 partus
500 1113 633 1149 editur,
667 1112 778 1155 capite
804 1112 957 1155 primum
981 1118 1138 1145 exeunte.

269 1164 411 1206 plorans
436 1161 530 1194 venit
560 1161 597 1193 in
621 1159 712 1193 hanc
737 1162 867 1201 lucem,
903 1161 998 1194 velut
1027 1161 1244 1204 praesagiens
1269 1160 1271 1166 ‘

271 1212 480 1246 calamitates
498 1209 602 1244 huius
618 1211 718 1251 vitae,
743 1211 779 1243 in
798 1222 901 1255 quam
918 1211 1126 1254 ingreditur.
1162 1210 1246 1244 Plo-

271 1270 324 1296 rat
340 1268 454 1295 autem
471 1261 569 1299 ideo,
595 1261 677 1305 quia
701 1268 815 1294 motus
838 1261 897 1293 ille
912 1272 950 1294 ac
967 1261 1124 1294 tractatio
1136 1288 1146 1302 ,
1172 1273 1245 1294 non

273 1313 311 1346 fit
329 1312 403 1344 sine
419 1311 556 1349 dolore,
584 1317 617 1343 et
635 1310 828 1344 offensione
843 1311 954 1345 teneri
973 1312 1181 1355 corpusculi.

371 1359 468 1394 Editi
496 1367 591 1393 sexto
630 1371 749 1393 mense
783 1367 842 1393 aut
872 1361 973 1395 citius
1003 1373 1076 1394 non
1110 1362 1244 1395 vivunt.

273 1411 440 1445 Nondum
463 1410 555 1442 enim
578 1409 681 1453 plane
698 1409 867 1453 perfectus
885 1417 934 1443 est
955 1411 1077 1442 foetus.
1130 1410 1246 1454 Septi-

1198 1109 1271 1144 Et*

1268 920 1269 928 ¹
1293 914 1482 959 peperisse,
1511 926 1660 959 quorum
1676 915 1762 947 alter
1779 914 1903 947 similis
1924 914 2049 947 marito
2067 914 2190 954 fuerit,
2217 914 2268 946 al-

1268 955 1269 968 *
1294 971 1346 998 ter
1365 962 1521 997 moecho.
1574 963 1643 998 Sed
1667 971 1705 998 ut
1728 962 1794 997 hoc
1822 965 1926 997 modo
1960 964 2097 1007 gemelli
2129 963 2267 1007 concipi

1295 1021 1354 1047 aut
1371 1015 1505 1047 absolvi
1529 1014 1682 1058 possint,
1710 1026 1782 1047 non
1810 1014 1854 1048 sit
1876 1014 2020 1057 longum
2041 1013 2267 1047 intervallum

1295 1064 1387 1097 inter
1405 1064 1492 1096 duos
1509 1071 1703 1107 conceptuS.
1755 1063 1843 1097 Nam
1860 1065 1987 1097 matrix
2002 1069 2167 1107 occupata
2183 1063 2269 1096 alte-

1269 1136 1270 1153 ;
1295 1126 1334 1147 ro
1350 1114 1455 1153 foetu,
1479 1125 1556 1146 cum
1574 1113 1642 1146 iam
1659 1113 1803 1147 formari
1819 1120 1851 1146 et
1870 1125 2021 1147 crescere
2036 1113 2170 1156 incipit,
2195 1124 2270 1145 non

1296 1163 1454 1197 concedit
1479 1163 1594 1196 locum
1626 1163 1735 1196 alteri.
1794 1163 1862 1197 Sed
1886 1161 1970 1196 haec
1997 1163 2130 1198 omitto.
2177 1161 2269 1195 Nam

1270 1251 1272 1253 ,
1297 1221 1329 1247 et
1346 1213 1551 1247 Aristoteles
1565 1213 1699 1257 inquit,
1725 1213 2056 1256 superfoetati'onem
2084 1210 2269 1245 hominum

1296 1276 1410 1297 raram
1435 1275 1519 1297 esse.
1579 1263 1724 1306 Saepius
1748 1274 1820 1295 uno
1845 1269 2013 1306 conceptu
2044 1261 2182 1305 gemelli
2205 1273 2270 1294 na-

1297 1321 1451 1348 scuntur.
1501 1313 1554 1347 De
1577 1314 1724 1346 laterum
1749 1324 1831 1344 vero
1847 1311 2048 1343 discrimine
2065 1312 2172 1344 verba
2189 1318 2271 1345 sunt

1296 1361 1380 1396 haec
1402 1364 1440 1396 in
1459 1363 1582 1406 quinto
1606 1363 1697 1393 libro
1721 1358 2031 1403 Aphorismorum:
2060 1359 2205 1404 ἔμβρυα
2225 1359 2272 1393 τὰ

1295 1410 1363 1456 μὲν
1380 1411 1509 1456 affara
1527 1410 1566 1445 ἐπ’
1581 1411 1673 1444 τοῖσι
1691 1408 1857 1450 δεξιοῖσι,
1884 1407 1929 1444 τὰ
1948 1407 1987 1444 δὲ
2005 1406 2123 1454 θήλεα
2140 1410 2178 1444 ἐν
2193 1411 2268 1448 τοῖς

273 1473 331 1494 mo
354 1472 471 1493 mense
493 1460 577 1492 editi
602 1460 717 1492 vivere
738 1465 896 1503 possunt.
948 1458 1051 1492 Tunc
1075 1460 1167 1492 enim
1185 1460 1245 1492 ab·
1269 1488 1273 1512 ⁴
1297 1461 1517 1508 ἀριστεροῖσι
1537 1462 1685 1505 μᾶλλον.

274 1512 408 1544 solutus
437 1516 486 1543 est
518 1510 642 1542 foetus.
692 1506 861 1552 Exempla
892 1507 1029 1542 Plinius
1051 1510 1185 1549 recitat,
1215 1515 1248 1541 et

273 1560 448 1594 Homerus
472 1559 608 1598 scribit,
632 1556 885 1603 Eurystheum,
913 1559 973 1603 qui
997 1559 1065 1592 late
1091 1559 1249 1602 regnavit

274 1612 312 1643 in
336 1609 499 1650 Graecia,
526 1616 558 1643 et
581 1608 723 1642 Herculi
748 1609 883 1641 labores
908 1609 1078 1647 iniunxit,
1115 1609 1248 1642 editum

277 1672 349 1693 esse
378 1660 523 1702 septimo
555 1670 683 1694 mense.
736 1658 793 1692 Sic
818 1659 910 1691 enim
934 1659 1050 1702 inquit
1073 1658 1249 1691 Homerus

276 1711 340 1744 lib.
357 1706 400 1743 τ’;
419 1707 438 1754 ἢ
454 1707 490 1743 δ”
511 1706 601 1743 ἐκύει
621 1706 729 1754 (siloas
745 1705 839 1749 υἱόν,
864 1707 882 1742 ὃ
902 1705 938 1742 δ’
958 1706 1116 1753 ἕβδομος
1133 1707 1250 1752 εἱστή-

276 1773 326 1794 κει
353 1757 441 1803 μείς.
494 1757 541 1792 Et
564 1766 678 1792 tamen
697 1759 790 1802 quod
807 1758 966 1799 mireris,
990 1765 1111 1792 octavo
1130 1770 1250 1791 mense

277 1810 364 1843 editi
392 1821 461 1842 non
498 1809 608 1842 solent
644 1809 770 1842 vivere.
821 1807 909 1841 Nam
943 1809 1089 1852 septimo
1121 1820 1251 1849 mense,

276 1860 337 1904 qui
360 1860 498 1892 criticus
519 1865 589 1898 est,
613 1859 726 1891 foetus
749 1865 908 1891 movetur
931 1860 974 1891 ad
998 1859 1144 1900 exitum,
1172 1870 1250 1892 cum

277 1917 401 1942 natura
419 1909 491 1941 eius
509 1908 624 1940 valida
643 1914 703 1943 est.
755 1907 844 1942 Cum
860 1916 975 1942 autem
996 1917 1120 1942 natura
1138 1910 1251 1943 foetus

1447 1561 1523 1601 De
1561 1561 1803 1613 potentia
1843 1559 2123 1600 sentiente.

1490 1632 1585 1674 Quid
1611 1637 1668 1667 est
1692 1635 1864 1677 potentia
1894 1620 2097 1667 sentiens?-

1399 1697 1460 1732 Est
1478 1710 1565 1743 quae
1579 1699 1621 1731 ad
1641 1699 1875 1741 cognitionem
1894 1697 2123 1741 singularium
2140 1696 2178 1729 in
2195 1708 2272 1730 cor-—

1300 1748 1443 1791 poribus
1461 1749 1692 1782 animantium
1710 1748 1849 1781 condita
1869 1755 1929 1782 est.
1983 1745 2058 1780 Etsi
2076 1753 2190 1780 autem
2208 1758 2272 1790 po-

1299 1805 1387 1838 stea,
1412 1810 1490 1831 curn
1522 1799 1565 1831 de
1590 1799 1720 1831 iudicio
1747 1804 1778 1831 et
1801 1798 2068 1831 ratiocinatione
2091 1797 2129 1829 in
2155 1803 2270 1829 mente

1274 1837 1276 1872 l
1299 1848 1451 1889 dicetur,
1482 1848 1697 1881 admonendi
1720 1855 1801 1881 sunt
1821 1848 1995 1885 iuniores,
2022 1853 2061 1880 ut
2083 1847 2176 1890 apud
2199 1856 2271 1879 sese

1300 1898 1462 1941 cogitent,
1488 1905 1657 1942 quantum
1674 1899 1806 1931 honum
1823 1897 1867 1930 sit
1884 1897 2046 1940 cognitio,
2073 1903 2106 1929 et
2122 1897 2166 1929 ad
2185 1907 2272 1941 quos

279 1959 453 1991 imbecilla
479 1964 545 1998 est,
571 1969 644 1990 non
669 1963 779 2001 potest
804 1959 877 1997 edi,
904 1960 961 1992 sed
984 1960 1190 1992 transfertur
1213 1959 1251 1991 in
1299 1960 1381 1982 usus
1403 1946 1543 1982 homini
1567 1949 1734 1982 attribma
1759 1948 1820 1988 δὴ,
1852 1954 1968 1980 tamen
1994 1944 2051 1979 hic
2075 1958 2213 1991 quoque
2229 1947 2272 1979 de

278 2009 381 2042 aliam
413 2008 484 2040 alui
517 2014 665 2050 partem:
700 2014 783 2040 tunc
815 2019 897 2040 vero
927 2009 956 2041 si
986 2016 1107 2042 octavo
1134 2020 1251 2042 mense

281 2060 421 2095 edatur,
448 2069 511 2090 nec
528 2064 605 2100 post
619 2057 776 2090 criticum
802 2064 939 2102 tempus
962 2059 1102 2102 prodest
1118 2059 1252 2092 moveri

279 2109 479 2148 materiam,
507 2114 539 2141 et
563 2107 698 2150 gemina
724 2108 883 2150 migratio
908 2109 1015 2151 magis
1039 2109 1172 2152 adfligit
1196 2110 1253 2141 in-

279 2159 426 2197 fantem,
453 2169 530 2191 cum
555 2164 587 2190 et
605 2157 751 2201 septimo
766 2169 884 2190 mense
901 2158 936 2190 in
961 2159 1063 2191 aliam
1085 2160 1157 2192 alui
1173 2171 1254 2203 par-

279 2215 348 2241 tem
364 2208 550 2241 translatus
565 2213 633 2248 est,
660 2213 692 2240 et
707 2218 779 2240 non
795 2208 905 2242 multo
922 2215 998 2252 post
1016 2216 1137 2243 octavo
1153 2221 1253 2242 men-

281 2269 315 2291 se
336 2258 457 2292 editus.

378 2307 483 2350 Quod
515 2313 631 2341 autern
663 2307 829 2351 septimus
860 2308 988 2340 mensis
1027 2309 1071 2341 sit
1101 2307 1253 2350 criticus,
1272 2324 1275 2329 ⁴

281 2369 380 2390 causa
399 2358 440 2390 ad
456 2364 545 2391 astra
562 2357 722 2398 refertur,
749 2357 830 2402 quia
846 2363 929 2390 tunc
946 2357 1009 2391 Sol
1026 2359 1071 2392 sit
1089 2358 1126 2390 in
1143 2358 1253 2401 signo,
1277 2381 1278 2391 1

282 2408 375 2452 quod
395 2408 591 2450 oppositum
609 2414 658 2441 est
672 2408 770 2450 signo
787 2414 981 2451 conceptus.

381 2455 487 2489 Calor
501 2457 613 2490 maior
624 2458 783 2498 seminis,
810 2457 938 2491 dicitur
955 2468 1026 2491 esse
1042 2469 1142 2491 causa
1154 2482 1162 2496 ,
1190 2470 1253 2491 cur

280 2506 425 2540 masculi
446 2513 642 2540 nascantur.
703 2507 954 2541 Similitudinis
974 2519 1094 2548 causa,
1117 2513 1156 2540 ut
1179 2507 1252 2541 Ga-

279 2557 380 2590 lenus
401 2556 591 2596 existimat,
616 2556 668 2589 vis
684 2564 733 2590 est
746 2558 858 2591 maior
875 2557 1008 2602 paterni
1028 2564 1087 2590 aut
1103 2558 1252 2590 materni

281 2606 432 2640 seminis.
486 2605 553 2639 Sed
575 2605 612 2638 in
628 2612 723 2640 tanta
739 2608 924 2648 varietate,
950 2614 983 2641 et
999 2614 1169 2641 astrorum
1191 2618 1252 2640 sua

282 2664 330 2690 est
347 2656 409 2691 vis.
460 2654 551 2689 'Nam
574 2656 660 2689 boni
682 2657 814 2701 positus
837 2657 990 2692 siderum
1005 2658 1043 2690 in
1056 2657 1177 2691 formis
1192 2669 1252 2690 ve-

1300 1999 1458 2032 sensibus
1472 1999 1711 2038 considerent,
1740 1997 1945 2040 dignitatem
1967 2008 2087 2030 eorum
2105 1996 2142 2028 in
2158 1994 2273 2029 homi-

1300 2061 1345 2082 ne
1371 2061 1411 2082 eo
1441 2049 1608 2081 maiorem
1642 2059 1732 2086 esse,
1763 2048 1843 2092 quia
1873 2047 1996 2080 nuncii
2025 2052 2105 2079 sunt
2133 2046 2271 2086 mentis,

1301 2099 1390 2133 sicut
1419 2099 1565 2138 dicitur,
1597 2110 1615 2131 a
1644 2109 1747 2131 sensu
1771 2097 1857 2130 oriri
1885 2103 2065 2142 sequentes
2092 2095 2131 2128 in
2157 2103 2273 2129 mente

1301 2149 1465 2183 actiones,
1517 2148 1602 2181 Item
1621 2146 1711 2181 nihil
1729 2158 1800 2181 esse
1816 2148 1854 2180 in
1872 2148 2060 2186 intellectu,
2087 2146 2180 2190 quod
2199 2157 2272 2178 non

1301 2200 1398 2243 prius
1420 2198 1523 2232 suerit
1549 2199 1586 2231 in
1612 2210 1730 2239 sensu,
1760 2198 1854 2242 quod
1877 2197 1940 2231 etsi
1961 2208 2034 2230 non
2051 2196 2211 2238 congruit
2227 2197 2271 2228 ad

1302 2261 1422 2283 omnes
1431 2249 1588 2287 noticias,
1606 2255 1721 2281 tamen
1738 2249 1781 2281 de
1796 2247 1956 2291 plurimis
1966 2258 2045 2280 vere
2060 2246 2191 2279 dictum
2210 2252 2271 2280 est.

1403 2299 1493 2334 Sunt
1525 2305 1638 2332 autem
1670 2309 1834 2331 sensuum
1866 2297 2006 2331 ordines
2038 2297 2125 2330 duo:
2163 2293 2270 2329 Exte-

1302 2350 1392 2391 rior,
1419 2356 1451 2383 et
1471 2350 1630 2384 interior.

1403 2398 1532 2433 Sensus
1558 2398 1742 2432 exteriores
1767 2403 1846 2429 sunt
1864 2397 2034 2442 quinque:
2063 2396 2183 2437 Visus,
2210 2409 2271 2430 au·

1301 2451 1414 2491 ditus,
1441 2450 1605 2489 olfactus,
1630 2454 1765 2491 gustuS,
1792 2453 1913 2481 tactus.

1547 2535 1643 2577 Quid
1671 2539 1727 2570 est
1752 2546 1882 2570 sensus
1905 2536 2025 2568 Visus.

1403 2600 1467 2636 Est
1491 2613 1610 2635 sensus
1635 2601 1829 2645 percipiens
1852 2599 1960 2633 oculis
1982 2599 2093 2633 lucem
2120 2607 2152 2634 et
2175 2601 2271 2634 colo-

1302 2665 1392 2693 rem,
1418 2659 1585 2697 tanquam
1609 2652 1751 2696 propria
1777 2651 1929 2690 obiecta,
1954 2656 1987 2683 et
2004 2650 2273 2693 magnitudines,
