2379 2948
93 62 196 99 1297

93 154 217 183 nostro
237 147 396 192 exemplo
420 147 508 182 alios
524 147 725 182 invitemus.
769 146 864 181 Haec
882 154 932 181 est
950 158 1085 181 summa

92 198 200 234 huius
222 198 300 232 loci.

196 249 266 284 Sed
283 250 375 283 addo
393 250 496 283 etiam
513 249 776 293 grammaticam
793 249 1085 290 admonitionem,

93 299 243 335 Ebraice
263 300 351 335 dicit
368 301 405 334 in
416 301 558 334 Arcano
577 307 763 334 rectorum.
792 299 887 334 Haec
906 301 1014 343 figura
1036 299 1085 333 si-

93 353 234 396 gnificat
253 352 367 396 idem,
394 352 489 397 quod
508 352 544 384 in
564 351 726 395 consilio,
745 349 811 385 hoc
829 358 890 392 est,
906 357 1083 384 conventu

95 405 278 437 iustorum.
333 401 431 436 Sicut
449 401 534 436 alias
550 414 716 435 arcanum
743 414 806 445 pro
825 402 973 435 consilio
993 402 1083 435 acci-

93 455 203 499 pitur,
230 451 275 486 Et
285 451 462 486 Ecclesiae
479 452 665 496 praecipue
678 453 845 487 convenit
861 451 946 486 haec
963 453 1084 496 figura,

92 506 174 551 quia
200 505 236 537 in
261 501 418 537 Ecclesia
440 510 489 537 est
514 515 640 537 arcana
665 504 848 545 doctrina,
885 504 1022 548 ignota,
1051 511 1083 538 et

92 562 206 600 spreta
228 554 374 588 mundo.
436 553 542 594 Item,
578 555 659 600 quia
689 555 800 597 gloria
826 555 928 588 istius
951 562 1082 596 coetus,

92 607 275 644 videlicet,
311 606 405 650 quod
438 606 482 640 sit
508 606 661 651 populus
684 604 771 646 Dei,
809 608 969 641 nondum
998 618 1083 640 con-

93 658 252 703 spicitur.

144 767 189 804 ΙΙ.
223 770 364 816 Magna
393 774 480 804 sunt
516 780 630 814 opera
658 770 832 813 Domini,
869 767 1081 803 scrutanda

192 825 348 866 propter
374 823 500 856 omnia
527 820 797 856 desiderabilia
825 831 908 855 sua.

189 913 365 973 Sequitur
386 916 562 949 secundus
579 927 716 956 versus,
745 914 805 959 qui
830 914 899 947 iam
923 921 973 948 est
997 925 1081 957 pro-

92 965 278 1012 positionis
294 966 477 1010 expositio.
535 965 663 1010 Incipit
687 966 781 999 enim
805 966 952 999 recitare
974 965 1082 998 bene-

94 1017 189 1058 ficia,
227 1029 290 1065 pro
321 1017 449 1060 quibus
481 1018 550 1061 agit
580 1018 726 1061 gratias,
761 1017 942 1057 videlicet,
977 1026 1082 1061 opera

92 1065 275 1109 Domini,
303 1069 432 1113 quibus
448 1067 543 1102 bunc
562 1069 732 1113 populum
751 1067 963 1101 mirabiliter
979 1079 1082 1100 voca-

94 1119 165 1157 vit,
206 1119 390 1153 constituit
413 1126 445 1153 et
470 1120 639 1153 defendit.
693 1119 772 1152 Non
801 1119 895 1152 enim
922 1118 1083 1163 loquitur

93 1170 130 1203 in
156 1182 282 1214 genere
308 1171 350 1203 de
374 1171 569 1204 creatione:
597 1171 656 1204 sed
683 1171 726 1203 de
746 1170 933 1203 eductione
959 1169 1080 1213 populi

94 1234 133 1255 ex
155 1221 336 1267 Aegypto,
362 1222 405 1255 de
429 1222 622 1255 donatione
646 1221 744 1254 verbi
769 1228 802 1254 et
828 1220 932 1264 legis,
961 1221 1004 1253 de
1028 1219 1080 1251 vi-

92 1272 230 1311 ctoriis,
259 1284 348 1317 quae
365 1279 508 1307 testatae
532 1279 615 1306 sunt
638 1270 727 1306 hanc
753 1278 891 1316 gentem
919 1282 990 1304 esse
1016 1283 1082 1315 po-

93 1323 216 1367 pulum
232 1322 311 1359 Dei.

194 1381 267 1416 Nec
288 1389 423 1417 tantum
450 1383 498 1417 ait
521 1380 606 1416 haec
631 1394 737 1427 opera
758 1394 830 1416 esse
848 1394 987 1425 magna.
1042 1381 1081 1415 Id

94 1434 189 1466 enim
216 1435 321 1467 etiam
345 1435 547 1468 fatebantur
567 1434 685 1479 impii:
712 1435 769 1467 sed
797 1434 914 1472 addit,
942 1445 980 1466 ea
1009 1444 1081 1465 esse

94 1483 257 1518 Domini
271 1497 394 1528 opera,
421 1486 456 1518 id
475 1492 541 1524 est,
569 1486 701 1519 fatetur
715 1484 961 1518 liberationem
982 1484 1079 1516 illam

93 1549 173 1569 vere
189 1537 316 1570 factam
335 1547 407 1569 esse
425 1536 609 1572 divinitus.
662 1535 758 1569 Haec
782 1542 832 1570 est
850 1548 930 1569 vera
954 1535 1081 1578 gratia-

93 1599 171 1620 rum
192 1588 302 1626 actio,
331 1588 435 1620 corde
461 1588 603 1620 credere
627 1593 660 1620 et
688 1594 857 1625 statuere,
884 1587 978 1632 quod
1010 1597 1082 1618 non

93 1650 175 1672 casu
199 1639 309 1671 simus
333 1638 445 1672 adiuti
477 1645 537 1671 aut
562 1638 709 1678 servati,
744 1639 839 1682 quod
865 1649 938 1670 non
962 1643 1081 1669 nostra

93 1690 223 1724 xirtute
243 1689 351 1723 simus
369 1689 582 1736 incolumes:
610 1690 668 1722 sed
687 1689 782 1734 quod
797 1700 876 1721 vere
887 1687 961 1721 Deo
978 1699 1080 1721 curae

94 1741 224 1784 simus,
251 1741 346 1786 quod
365 1752 445 1773 vere
463 1739 558 1773 Deus
575 1752 639 1773 nos
658 1741 800 1773 adiuvet
818 1745 850 1772 et
866 1746 996 1779 servet,
1014 1738 1079 1771 sic-

94 1799 133 1826 ut
155 1790 317 1825 ChriStus
342 1791 475 1837 inquit:
512 1788 649 1824 Omnes
680 1790 797 1834 capilli
828 1790 952 1834 capitis
975 1789 1081 1823 vestri

95 1843 269 1876 numerati
296 1848 387 1876 sunt.
439 1840 486 1876 Et
508 1840 673 1875 Ieremias
690 1839 918 1875 Threnorum
937 1841 970 1874 3.
990 1841 1084 1874 vitu-

96 1901 194 1938 perat
220 1893 367 1938 impios,
395 1894 456 1940 qui
481 1899 611 1936 negant
636 1905 654 1926 a
680 1894 759 1927 Deo
786 1892 958 1937 proficisci
991 1893 1083 1925 bon]

95 1952 126 1978 et
144 1945 244 1978 mala.

193 1995 271 2029 Hoc
287 1996 394 2039 igitur
411 1996 604 2034 discamus,
633 2007 713 2028 vere
732 1995 946 2028 credendum
966 2000 998 2027 et
1014 2000 1083 2027 sta-

97 2047 268 2080 tuendum
286 2059 377 2088 esse,
393 2048 486 2093 quod
507 2046 683 2087 Ecclesia,
709 2053 741 2079 et
762 2046 836 2079 eius
856 2046 1012 2078 membra
1031 2045 1086 2077 di-

98 2097 230 2131 vinitus
249 2098 461 2131 adiuventur
486 2105 518 2132 et
534 2098 783 2133 defendantur.
837 2095 932 2130 Haec
957 2096 1086 2140 gratia-

98 2161 176 2183 rum
190 2149 282 2191 >actio
302 2149 504 2195 requiritur.

154 2219 369 2256 Scrutanda
385 2226 531 2269 propter
548 2221 673 2256 omnia
693 2219 958 2256 desiderabilia
973 2233 1054 2256 sua.

203 2289 243 2324 Id
269 2297 337 2332 est,
372 2288 468 2324 Deus
493 2290 724 2334 multiplicem
751 2290 948 2323 doctrinam
972 2291 1010 2323 in
1035 2288 1089 2324 his

100 2342 318 2376 admirandis
337 2342 502 2386 operibus
521 2341 715 2385 proposuit,

203 2392 363 2426 Primum
389 2404 423 2425 se
447 2390 513 2425 boc
531 2392 731 2426 testimonio
750 2392 918 2426 revelavit
943 2392 1090 2431 mundo,

101 2457 139 2480 ac
159 2444 317 2488 coarguit
335 2444 549 2488 impietatem
566 2441 842 2486 Epicureorum,
878 2444 938 2489 qui
961 2450 1091 2491 negant

102 2508 174 2532 esse
190 2495 325 2536 Deum,
354 2502 386 2529 et
401 2495 551 2528 aliorum
569 2494 629 2539 qui
646 2501 775 2537 negant
792 2494 867 2529 Deo
896 2507 998 2529 curae
1021 2506 1093 2528 esse

101 2546 276 2583 homines.

206 2597 369 2632 Secundo
387 2595 442 2631 his
460 2596 582 2641 poenis
599 2596 754 2630 ostendit
779 2608 813 2630 se
838 2597 939 2631 irasci
968 2596 1095 2641 impie-

105 2650 186 2690 tati,
215 2656 248 2683 et
265 2661 393 2694 poenas
409 2650 645 2692 irrogaturum
668 2658 751 2681 esse.

161 2702 337 2734 MELAxTn.
369 2703 471 2734 Orsa.
501 2701 582 2731 Vot.
605 2699 699 2732 XIII.

695 60 758 97 IX.
808 58 1174 96 COMMENTARH
1206 59 1255 94 IN
1284 59 1526 95 PSALMOS.

2033 63 2128 99 1298

1237 144 1360 179 Tertio
1388 146 1590 180 consolatur
1614 153 1647 180 et
1668 146 1852 181 confirmat
1870 148 1963 192 pios,
1987 156 2026 183 ut
2048 162 2127 183 vere

1134 201 1289 230 statuant
1307 194 1499 230 Ecclesiam
1515 195 1591 231 Deo
1609 207 1713 231 curae
1738 209 1829 238 esse,
1859 206 1893 233 et
1928 211 1946 232 a
1970 200 2047 233 Deo
2065 202 2126 233 de-

1134 247 1232 280 fendi
1248 253 1281 280 et
1299 248 1450 289 servari,
1477 248 1613 282 etIamsi
1635 248 1719 282 sinit
1739 260 1814 282 eam
1843 250 1996 284 exerceri
2019 251 2125 283 variis

1133 298 1408 332 adflictionibus.
1474 297 1562 333 Erat
1602 311 1789 344 oppressus
1824 301 1978 346 populus
2015 300 2123 335 lsrael

1134 348 1376 383 crudelissima
1407 349 1583 384 servitute.
1641 350 1761 396 ltaque
1787 352 1850 385 etsi
1874 352 1976 386 multi
2009 353 2123 396 perie—

1133 407 1234 434 runt:
1261 407 1379 433 tamen
1395 397 1550 434 Ecclesia
1572 408 1747 443 servatur,
1775 409 1807 436 et
1825 404 1966 437 tandem
1987 403 2121 446 glorio-

1134 452 1180 485 sis
1210 451 1367 485 victoriis
1398 458 1556 487 ornatur.
1622 451 1717 485 Ilaec
1752 455 1909 498 exempla
1943 455 2121 498 proposita

1134 509 1235 543 sunt,
1263 508 1302 536 ut
1325 503 1536 536 admoneant
1553 502 1647 546 pios,
1674 504 1840 538 utsciant
1866 516 1901 538 se
1927 516 1999 538 non
2026 506 2121 548 peri-

1133 560 1230 587 turos
1247 565 1318 587 esse
1330 580 1339 593 ‚
1368 552 1503 587 etiamsi
1520 560 1705 588 versantur
1720 554 1757 587 in
1774 555 1935 589 extremis
1955 557 2120 600 periculis

1134 611 1166 638 et
1181 604 1455 639 adflictionihus.

1235 655 1383 699 Quarto,
1402 652 1487 688 haec
1502 654 1575 699 ipsa
1593 656 1748 699 exempla
1764 656 1889 691 docent
1905 659 1998 702 quod
2017 671 2121 702 opor-

1133 713 1200 741 teat
1226 705 1422 740 Ecclesiam
1450 717 1522 739 esse
1547 706 1740 740 subiectam
1765 708 2047 749 adflictionibus‚
2082 717 2119 742 ut

1133 764 1311 802 peccatum
1335 757 1372 790 in
1407 757 1512 790 nobis
1535 757 1783 798 mortificetur,
1824 765 1863 791 ut
1893 770 2122 802 agnoscamus

1132 809 1374 842 infirmitatem
1394 815 1573 850 nostram,
1596 809 1820 842 securitatem
1837 810 2032 851 carnalem,
2053 812 2122 844 dis-

1133 859 1332 900 fidentiam,
1361 859 1640 901 dubitationem,
1667 866 1705 893 ut
1728 868 1962 904 repugnantes
1989 859 2044 894 his
2067 863 2121 894 vi—

1132 911 1189 945 tiis
1214 911 1418 944 invocemus
1452 911 1582 944 Deum.
1643 909 1728 944 Item
1761 917 1799 944 ut
1830 911 1941 954 gloria
1975 910 2040 945 Dei
2065 913 2121 946 fiat

1132 961 1374 1006 conspectior,
1400 974 1478 995 cum
1495 962 1622 995 liberat
1639 973 1677 994 ex
1698 962 1804 995 tantis
1820 963 2010 999 aerumnis.

1233 1012 1394 1046 Primum
1414 1012 1521 1055 igitur
1543 1010 1628 1046 haec
1649 1013 1822 1056 generalis
1840 1014 2003 1047 doctrina
2032 1014 2122 1048 lucet

1132 1064 1168 1096 iu
1194 1064 1254 1097 illa
1281 1063 1468 1097 eductione
1497 1076 1537 1097 ex
1567 1061 1744 1109 Aegypto,
1779 1065 1875 1108 quod
1909 1063 2005 1098 Deus
2043 1077 2122 1098 vere

1132 1116 1302 1148 irascatur
1318 1115 1447 1159 impiis,
1463 1121 1496 1148 et
1512 1115 1767 1148 sitservaturus
1778 1112 1969 1148 Ecclesiam
1986 1116 2120 1149 etiamsi

1132 1178 1206 1199 eam
1225 1166 1361 1199 duriter
1378 1173 1520 1201 exercet.
1565 1164 1661 1199 Haec
1683 1166 1843 1198 doctrina
1861 1166 1966 1210 longe
1984 1174 2123 1210 superat

1132 1223 1272 1261 captum
1290 1217 1448 1250 rationis.
1477 1216 1566 1250 Nam
1587 1216 1675 1250 ratio
1696 1216 1834 1250 dubitat
1851 1229 1895 1250 an
1912 1216 2006 1251 Deus
2026 1225 2123 1252 curet

1132 1266 1303 1309 humana,
1331 1267 1459 1300 deinde
1484 1274 1575 1300 certe
1601 1268 1691 1300 illud
1717 1279 1788 1300 non
1814 1268 1919 1302 audet
1937 1269 2125 1309 affirmare,

1133 1319 1227 1364 quod
1248 1319 1284 1350 in
1302 1318 1494 1352 afflictione
1514 1330 1586 1351 non
1602 1318 1711 1352 simus
1730 1318 1850 1352 reiecti
1869 1331 1886 1352 a
1904 1317 1999 1360 Deo,
2026 1321 2122 1364 quod

1132 1370 1177 1403 sit
1191 1370 1362 1413 speranda
1380 1369 1557 1403 liberatio.
1613 1369 1698 1402 Item
1713 1396 1721 1409 ,
1747 1370 1841 1414 quod
1867 1371 2038 1414 populum
2057 1371 2122 1404 Dei

1133 1427 1294 1464 oporteat
1310 1420 1507 1453 subiectum
1532 1432 1605 1453 esse
1631 1419 1893 1455 afflictionibus.
1948 1419 2044 1454 Haec
2070 1433 2123 1454 sa-

1134 1471 1265 1516 pientia
1286 1471 1443 1505 coelestis
1460 1471 1566 1514 longe
1583 1471 1696 1515 posita
1714 1478 1763 1505 est
1782 1478 1877 1505 extra
1897 1479 2124 1516 conspectum

1135 1522 1293 1556 rationis.
1347 1521 1430 1555 Ideo
1449 1522 1566 1567 inquit
1584 1521 1744 1555 Psalmus
1769 1522 2025 1556 consideranda
2052 1535 2124 1556 esse

1132 1585 1238 1617 opera
1264 1573 1324 1605 illa
1356 1580 1500 1617 propter
1529 1572 1761 1616 multiplicem
1790 1573 1990 1609 utilitatem.
2050 1573 2124 1607 Do-

1134 1630 1211 1657 cent
1225 1624 1319 1656 enim
1338 1635 1402 1656 nos
1421 1626 1464 1657 de
1485 1624 1622 1657 arcanis
1640 1623 1745 1656 rebus
1771 1630 1803 1657 et
1828 1624 1957 1667 ignotis
1981 1625 2122 1665 rationi,

1133 1675 1264 1708 scilicet
1289 1675 1332 1707 de
1359 1675 1541 1709 voluntate
1559 1673 1625 1708 Dei
1651 1685 1730 1718 erga
1758 1674 1904 1719 impios,
1932 1687 2010 1719 erga
2037 1676 2125 1720 pios,

1133 1737 1212 1769 erga.
1228 1725 1399 1760 adflictos,

1235 1776 1310 1810 lam
1327 1776 1354 1809 si
1374 1776 1511 1820 singula
1531 1777 1619 1810 facta
1636 1783 1906 1820 percurrantur,
1932 1778 2043 1811 multo
2072 1779 2122 1810 lo-

1135 1827 1310 1872 cupletior
1329 1828 1490 1861 doctrina
1513 1828 1724 1861 invenietur.
1777 1825 1919 1861 Dathan
1937 1835 1968 1862 et
1985 1827 2123 1863 Abiron

1136 1879 1332 1912 sacrificant
1354 1879 1430 1912 sine
1453 1880 1619 1912 mandato
1642 1877 1721 1914 Dei.
1782 1877 1850 1911 Hic
1875 1879 1972 1913 locus
2005 1887 2124 1913 monet

1137 1941 1201 1963 nos
1226 1931 1268 1963 de
1290 1930 1492 1970 vocatione,
1528 1942 1573 1963 ne
1594 1930 1834 1974 irrumpamus
1859 1931 1900 1962 ad
1933 1931 2125 1964 ministeria

1137 1981 1213 2014 sine
1229 1981 1430 2022 vocatione,
1460 1993 1504 2014 ne
1522 1982 1636 2015 cultus
1660 1981 1734 2014 sine
1751 1981 1917 2014 mandato
1933 1979 1998 2015 Dei
2026 1982 2127 2016 insti-

1138 2039 1288 2067 tuamus.
1347 2031 1504 2077 Apparet
1528 2039 1560 2066 et
1588 2031 1774 2066 infirmitas
1798 2029 1953 2066 humana
1979 2040 2010 2065 et
2035 2033 2128 2066 disfi-

1139 2084 1276 2124 dentia,
1303 2095 1381 2117 cum
1398 2084 1551 2128 populus
1568 2080 1808 2118 stomachatur
1826 2094 1861 2115 se
1878 2083 2041 2116 eductum
2056 2095 2127 2117 esse

1140 2147 1179 2168 ex
1199 2133 1380 2180 Aegypto,
1408 2147 1487 2169 cum
1514 2136 1701 2179 desperant
1727 2135 1769 2167 de
1796 2133 1912 2175 victu,
1938 2146 2016 2167 cum
2043 2136 2128 2167 ado-

1140 2193 1220 2219 rant
1242 2186 1407 2220 vitulum.
1461 2185 1557 2219 Haec
1581 2192 1718 2230 peccata
1742 2197 1815 2218 nou
1838 2184 2023 2228 intelligit,
2056 2198 2128 2219 non

1140 2237 1271 2271 iudicat
1289 2237 1391 2272 ratio,
1445 2237 1512 2271 Sed
1540 2235 1597 2270 hic
1614 2247 1725 2280 poena
1747 2236 1939 2269 ostendunt
1961 2236 2020 2268 illa
2047 2237 2130 2269 vitia

1140 2289 1329 2330 interiora,
1356 2301 1436 2322 vere
1453 2294 1589 2332 peccata
1609 2299 1681 2320 esse
1698 2287 1862 2320 damnata
1886 2299 1903 2320 a
1920 2285 2006 2320 Deo.
2061 2285 2131 2320 De-

1141 2340 1249 2385 nique
1268 2340 1424 2384 exempla
1441 2338 1610 2372 extantia
1629 2338 1699 2371 illis
1716 2338 1814 2371 factis
1831 2337 1932 2372 utilia
1950 2338 1991 2370 ad
2010 2349 2131 2371 omnes

1141 2398 1257 2436 partes
1273 2391 1381 2433 vitae,
1408 2391 1449 2423 ad
1474 2389 1689 2433 agnitionem
1714 2389 1869 2434 peccati,
1897 2389 1939 2422 ad
1958 2389 2133 2430 timorem,

1143 2443 1185 2476 ad
1204 2442 1326 2481 fidem,
1355 2442 1396 2475 ad
1423 2441 1678 2483 agnoscendam
1704 2440 1945 2473 remissionem
1972 2447 2132 2484 peccato-

1143 2505 1243 2534 rum,
1270 2494 1311 2526 ad
1330 2492 1547 2526 excitandam
1571 2491 1851 2532 invocationem,
1878 2492 1922 2524 ad
1948 2491 2133 2524 discendos

1145 2556 1246 2578 veros
1263 2544 1376 2577 cultus
1393 2543 1477 2584 Dei‚
1504 2543 1546 2575 ad
1574 2542 1801 2588 patientiam,
1829 2543 1870 2574 ad
1899 2543 1991 2575 bona
2018 2554 2134 2586 opera,

1147 2597 1188 2629 ad
1214 2595 1327 2629 officia
1352 2593 1558 2630 vocationis.
1611 2593 1721 2627 Lucet
1744 2593 1851 2636 igitur
1874 2593 1911 2626 in
1939 2593 2009 2626 illis
2035 2594 2135 2626 sactis

1149 2646 1320 2692 sapientia
1339 2645 1550 2691 spiritualis,
1578 2651 1613 2678 ut
1633 2656 1808 2690 nusquam
1826 2644 1923 2680 alibi.
1962 2643 2029 2677 llic
2042 2642 2137 2678 Deus

1614 2696 1662 2731 82
