2379 2948
20 1036 26 1177 -----·—-
20 958 25 1023 --—
19 866 27 938 «ne

145 84 219 121 705
755 85 798 122 V.
852 83 1176 121 EROTEMATA
1202 83 1544 124 DIALECTICES.
2092 88 2166 125 706

146 178 245 205 cutae
260 176 342 203 sunt
365 182 511 214 magnae
532 178 564 205 et
588 170 722 212 tristes,
749 178 782 205 et
807 183 908 216 saepe
932 170 1130 204 illustribus
1156 176 1158 180 ’
1183 171 1444 217 cumspicienda
1462 180 1544 207 sunt
1560 172 1677 216 signa,
1705 178 1738 207 et
1752 173 1945 218 prudenter
1964 173 2167 208 diiudican-

145 220 316 265 prodigiis
351 229 540 256 moventur
575 220 761 256 hominum
796 222 927 262 animi,
979 229 1013 255 et
1046 221 1131 254 inde
1156 225 1157 252 ἶ
1183 225 1246 263 da,
1273 235 1337 263 ne,
1363 229 1402 256 ut
1422 223 1525 256 valde
1541 236 1641 268 saepe
1654 224 1690 257 fit
1707 224 1744 257 in
1763 224 2024 268 suspicionibus
2039 232 2073 259 et
2090 226 2168 260 aliis

143 272 254 305 multa
271 272 540 309 ratiocinantur.
591 272 661 307 Sed
677 273 862 307 sciendum
878 279 948 313 est,
975 271 1130 316 duplicia
1156 258 1158 306 Ι
1183 274 1285 307 malis
1309 274 1616 317 persuasionibus,
1642 275 1859 318 decipiamus
1876 287 1941 308 nos
1963 275 2051 320 ipsi,
2077 288 2169 309 asse-

143 333 216 356 esse
235 323 343 366 signa.
398 324 479 357 Alia
506 331 588 358 sunt
603 323 801 357 Necessaria
814 350 822 362 ‚
850 334 939 368 quae
959 329 1132 356 vocantur
1155 316 1158 362 Ι
1183 331 1344 358 verantes
1360 325 1495 370 aliquid
1515 332 1658 369 propter
1673 326 1810 359 fallacia
1829 326 1939 369 signa.

142 370 320 419 τεκμήρια
333 401 341 415 ,
369 387 458 420 quae
474 381 556 408 sunt
573 385 695 407 causae
714 374 769 407 vel
787 373 930 407 effectus
951 373 1000 406 rei
1019 374 1130 417 signi·
1156 365 1159 406 Ι
1455 415 1460 417 μ

143 424 280 466 ficatae,
312 426 366 459 vel
390 431 557 470 perpetuo
589 424 796 458 coniunctae
826 437 904 458 cum
934 424 1047 458 causis
1071 431 1131 458 aut
1440 426 1587 466 Locus
1618 427 1671 468 ab
1700 428 1913 480 exemplis,

144 475 348 518 effectibus,
382 477 436 509 vel
461 476 634 509 lucescere
660 476 855 508 necessario
879 475 1051 519 significat
1071 488 1132 509 or·—

143 533 218 560 tum
245 526 357 568 Solis,
391 527 471 572 quia
501 526 644 559 effectus
669 533 718 560 est
742 525 834 561 Solis
856 527 1050 571 spargentis
1075 527 1132 560 lu-

145 588 220 610 cem
248 578 284 610 in
309 585 400 611 ortu.
452 576 522 610 Lac
551 573 679 610 hahere
708 578 938 612 coniunctum
970 585 1020 611 est
1051 590 1131 611 cum

144 639 264 667 causa,
291 628 439 667 scilicet,
466 640 544 660 cum
561 627 657 662 foetu
678 628 714 662 in
732 636 845 664 utero.
898 628 1051 663 Nunciat
1066 629 1133 672 igi-

143 685 202 712 tur
217 686 310 713 certo
329 678 510 711 mulierem
536 679 717 721 gravidam
746 692 819 713 esse
841 687 901 714 aut
926 691 1047 713 recens
1072 692 1133 724 pe-

143 730 285 774 perisse.
319 729 399 764 Alia
416 729 517 772 signa
535 741 607 762 non
627 738 708 764 sunt
725 732 929 772 necessaria,
960 732 1018 765 sed
1036 743 1132 764 com·

144 781 298 814 muniter
321 780 546 821 Accidentia,
577 787 633 815 ut:
674 781 772 815 Talis
797 790 843 816 est
878 782 1133 828 unusquisque,
1158 799 1161 910 ἱ

1287 505 1458 552 Exempla
1483 514 1565 541 sunt
1587 508 1675 541 facta
1699 508 1847 548 similia,
1883 522 1970 553 quae
1995 511 2031 544 in
2053 512 2172 558 aliqua

1186 559 1299 604 specie
1321 565 1541 602 congruunt,
1578 559 1622 591 de
1647 559 1776 603 quihus
1800 568 1943 603 propter
1967 562 2173 597 similitudi-

1185 623 1266 644 nem
1285 611 1379 644 idem
1398 610 1596 653 iudicatur,
1623 617 1679 643 ut:

1339 659 1565 694 Theodosius
1600 668 1690 694 recte
1725 660 1806 694 fecit
1843 660 2011 695 claudens
2045 667 2174 709 templa

1395 712 1587 749 idolorum,

1340 761 1435 806 Ergo
1463 763 1511 806 pii
1537 763 1730 807 principes,
1764 762 1825 807 qui
1858 762 2036 797 idolorum
2060 765 2175 798 cultus

1394 812 1601 858 prohibent,
1627 821 1717 847 recte
1733 814 1877 847 faciunt.

1289 865 1395 899 Valet
1421 866 1691 911 consequentia,
1726 865 1807 910 quia
1834 865 1923 898 ratio
1950 865 2076 899 similis
2107 876 2177 908 est,

1186 917 1275 952 Nam
1293 924 1473 962 utrunque
1491 918 1621 951 sactum
1641 916 1803 959 congruit
1820 917 1862 948 ad
1880 917 2004 959 legem:
2037 916 2178 953 Debent

1187 968 1425 1003 obedientiam
1466 968 1581 1011 primo
1616 974 1800 1012 praecepto
1841 979 1964 1000 onmes
2004 965 2177 1011 homines,

567 1024 704 1066 Regula,
1159 1003 1162 1074 Ι
1189 1032 1252 1053 suo
1271 1020 1420 1065 quisque
1437 1019 1526 1054 loco.

143 831 301 875 qualium
331 832 588 865 consuetudine
613 833 825 874 delectatur,
861 833 1059 879 plerunque
1086 833 1131 867 ita

142 882 198 922 fit,
221 883 280 915 sed
306 889 423 915 tamen
447 883 556 928 aliqui
582 895 654 916 non
682 884 868 918 imitantur
891 896 1006 918 mores
1029 885 1131 918 soda-

141 932 240 967 lium.
296 932 397 967 Talia
414 934 510 978 signa
529 942 701 969 vocantur
716 932 851 970 εἰκότα.

245 1085 275 1120 Α
294 1086 402 1129 signis
429 1087 633 1120 necessariis
661 1088 751 1121 valet
776 1089 1031 1133 consequentia
1054 1100 1134 1132 per-
1631 1100 1741 1132 Aliud,

141 1142 262 1180 petuo.
317 1137 387 1170 Sed
414 1149 432 1170 a
457 1138 566 1180 signis
599 1150 671 1171 non
704 1139 909 1172 necessariis
936 1140 1134 1185 plerunque

142 1187 253 1228 valet,
281 1188 484 1232 praesertim
502 1200 581 1221 cum
600 1191 711 1224 multa
732 1199 966 1225 concurrunt:
996 1191 1055 1224 sed
1082 1198 1133 1225 ta-

143 1249 225 1271 men
245 1239 423 1272 interdum
441 1239 581 1275 fallunt,

242 1288 414 1334 Exempla
431 1302 450 1322 a
468 1290 576 1333 signis
594 1291 814 1324 necessariis:

294 1340 423 1374 Nullus
442 1349 557 1374 motus
574 1342 612 1374 in
628 1342 766 1375 arteriis
783 1341 987 1385 percipitur,

295 1390 390 1434 Ergo
410 1392 527 1425 cordis
550 1392 600 1425 vis
619 1399 790 1436 prostrata
806 1399 868 1428 est.

1342 1161 1437 1196 Dens
1454 1161 1578 1206 recipit
1598 1161 1733 1201 Adam,
1760 1168 1792 1196 et
1810 1162 1925 1196 reddit
1942 1163 1973 1195 ei
1993 1164 2098 1197 vitam
2117 1166 2179 1198 de-

1395 1220 1486 1246 serto
1504 1213 1547 1245 ab
1565 1212 1733 1245 omnibus
1749 1213 1917 1246 creaturis
1935 1221 2013 1257 post
2030 1215 2180 1259 lapsum,

1341 1262 1439 1308 Ergo
1465 1263 1562 1297 Deus
1587 1275 1667 1296 vere
1693 1264 1776 1297 facit
1801 1264 1936 1308 aliquid
1967 1265 2042 1298 sine
2067 1268 2179 1301 causis

1395 1315 1577 1354 secundis,
1605 1321 1636 1347 et
1654 1326 1718 1347 nos
1736 1321 1892 1358 petentes
1908 1316 2068 1359 recipiet,
2097 1319 2180 1363 quia

1395 1373 1444 1399 est
1464 1365 1619 1410 aequalis
1638 1365 1714 1397 sine
1732 1364 2038 1412 προσωποληψίᾳ.

1291 1423 1361 1459 Sed
1384 1425 1445 1459 ubi
1471 1425 1563 1458 ratio
1588 1424 1770 1458 dissimilis
1795 1432 1863 1465 est,
1892 1437 1964 1458 non
1984 1427 2078 1461 valet
2094 1440 2180 1461 con—

582 1474 690 1506 Aliud.
1189 1478 1390 1524 sequentia,
1418 1483 1474 1510 ut:

297 1528 421 1562 Sentio
444 1528 536 1562 latus
562 1529 653 1562 circa
678 1536 791 1563 costas
814 1529 910 1563 intus
935 1528 1066 1576 pungi,
1102 1536 1132 1563 et
1342 1528 1468 1562 Petrus
1485 1525 1613 1559 occidit
1631 1524 1808 1559 Ananiam
1829 1526 2070 1569 mentientem,

349 1580 522 1613 accedunt
538 1580 728 1614 difficultas
751 1578 930 1615 anhelitus
950 1587 982 1614 et
999 1580 1119 1621 febris,
1342 1577 1439 1622 Ergo
1457 1577 1644 1621 Episcopis
1666 1577 1747 1611 licet
1771 1578 1899 1621 punire
1924 1578 2040 1621 gladio
2065 1579 2181 1613 delin-

297 1629 410 1673 lgitur
427 1630 585 1674 pleuritis
602 1630 737 1674 incipit.
1396 1636 1554 1674 quenteS.

246 1688 343 1723 Haec
359 1689 456 1732 signa
470 1701 508 1722 ex
525 1690 637 1722 causis
655 1697 730 1723 orta
748 1702 828 1723 cum
844 1689 1037 1722 necessaria
1054 1689 1134 1730 sint,
1161 1717 1163 1741 ³
1291 1681 1388 1725 Nego
1408 1679 1717 1724 consequentiam,
1744 1686 1775 1737 f-'t
1794 1680 1884 1713 fallo
1902 1687 1950 1713 ⁶³⁵1
1963 1706 1972 1723 ⁷
1996 1681 2077 1726 qula
2096 1679 2182 1716 haec

144 1752 218 1773 non
241 1741 382 1775 fallunt.
436 1739 488 1774 Ac
520 1740 603 1773 talia
636 1741 791 1784 exempla
826 1741 952 1774 medici
988 1741 1133 1775 recitant
1162 1771 1163 1775 ,
1190 1740 1272 1767 δΰῐὶῑ
1307 1731 1495 1766 dissimilia
1524 1731 1632 1769 facta,
1667 1743 1792 1774 pssfflre
1826 1732 1953 1771 verbo,
1988 1739 2021 1765 et
2054 1733 2181 1777 punire

144 1791 309 1835 plurima.
363 1790 417 1825 Ex
433 1791 540 1835 signis
559 1803 631 1824 non
652 1792 876 1829 necessariis,
907 1799 961 1825 ut:
1162 1817 1163 1826 ,
1190 1785 1319 1829 gladio·
1719 1830 1725 1836 ι
1752 1831 1760 1837 ι

298 1842 431 1876 Boreae
449 1843 594 1886 spiram,
1345 1832 1542 1867 Ministerii
1567 1831 1761 1874 evangelum
1787 1833 1971 1876 proprium
1990 1840 2037 1866 est
2056 1833 2182 1877 punire

296 1892 392 1937 Ergo
411 1894 477 1927 erit
494 1893 673 1927 serenitas,
1396 1885 1518 1923 verbo,
1784 1933 1792 1941 .
1823 1933 1831 1940 ·
1979 1934 1986 1941 ·

299 1952 490 1986 Stellarum
535 1953 669 1997 positus
712 1953 904 1987 denunciat
951 1950 1134 1986 humidam
1347 1935 1431 1969 Ideo
1450 1934 1576 1968 pestus
1592 1933 1703 1999 'verbo
1720 1934 1847 1999 ⁰cf¹d¹t
1867 1934 2059 2000 Ananiam.

351 2011 605 2048 tempestatem,
1293 1994 1360 2030 Sed
1391 1995 1508 2038 gladio
1536 1994 1642 2026 ferire
1669 1992 1824 2026 officum
1860 2000 1910 2027 est
1944 1994 2080 2037 politici
2107 2006 2184 2028 ma-

298 2053 395 2103 Ergo
414 2056 521 2099 pluet·
1191 2048 1367 2092 gistratus.

1294 2097 1365 2131 Nec
1382 2096 1474 2130 valet
1490 2094 1760 2140 consequentia,
1787 2106 1866 2128 cum
1890 2096 2046 2140 exempla
2069 2096 2182 2129 citan-

1192 2157 1249 2184 tur
1275 2148 1469 2193 pugnantia
1493 2159 1572 2179 cum
1604 2146 1753 2189 legibus.
1808 2144 1892 2178 Ideo
1919 2146 2064 2180 dicitur:
2101 2146 2183 2180 Non

1193 2200 1380 2244 exemplis,
1407 2199 1464 2232 sed
1483 2198 1618 2241 legibus
1636 2196 1866 2230 iudicandum
1887 2203 1948 2231 est.

252 2113 435 2149 Interdum
462 2116 557 2149 enim
582 2117 750 2150 accedunt
774 2116 1027 2159 impedimenta
1054 2127 1138 2159 pro-
1164 2132 1167 2164 Ι

149 2173 225 2210 pter
253 2166 417 2209 eclipses,
451 2174 512 2201 aut
536 2167 622 2201 alias
655 2168 875 2202 universales
903 2178 1044 2207 causas,
1078 2174 1138 2200 aut

149 2224 293 2262 propter
312 2217 398 2250 iram
414 2215 492 2252 Dei.
1165 2223 1169 2416 ι

1346 2256 1538 2302 Cambyses
1557 2256 1659 2289 duxit
1674 2267 1843 2296 sororem,

1348 2309 1433 2342 Ideo
1453 2308 1545 2340 idem
1565 2307 1646 2340 licet
1664 2306 1754 2341 aliis.

1294 2359 1393 2403 Nego
1411 2357 1718 2404 consequentiam,
1746 2363 1777 2389 et
1794 2356 1884 2390 ratio
1902 2363 1970 2394 est,
1995 2356 2075 2401 quia
2096 2356 2183 2390 alle-

1166 2419 1169 2452 l
1193 2424 1274 2456 gare
1290 2410 1565 2449 inconveniens,
1591 2420 1663 2441 non
1683 2413 1733 2440 est
1751 2407 1897 2440 solvere.
1939 2406 1984 2441 Et
2005 2419 2108 2451 supra
2126 2420 2183 2441 re-

1167 2455 1169 2464 Ι
1194 2463 1298 2498 citavi
1324 2462 1456 2496 dictum
1482 2457 1747 2493 Demosthenis:
1778 2456 1968 2501 {mpudens
1993 2458 2106 2491 oratio
2133 2465 2185 2492 est

1194 2515 1329 2554 dicere,
1356 2513 1405 2546 sic
1425 2513 1556 2546 facturn
1580 2521 1670 2548 esse,
1697 2508 1778 2541 Non
1804 2508 1919 2550 enim,
1946 2509 1973 2542 si
1993 2509 2080 2554 quid
2097 2521 2183 2542 con-

251 2564 304 2600 Ex
324 2563 392 2598 hoc
416 2575 544 2607 genere
560 2576 632 2597 non
650 2565 946 2607 necessariorum,
974 2577 1076 2609 saepe
1101 2565 1139 2598 in
1195 2574 1248 2600 tra
1267 2566 1359 2607 leges
1375 2564 1505 2596 factum
1529 2568 1597 2601 est,
1624 2560 1662 2593 id
1688 2559 1820 2593 imitari
1843 2559 1934 2593 licet.
1984 2557 2030 2593 Et
2053 2558 2185 2594 Hiero—

151 2626 326 2662 utranque
344 2623 478 2660 partem
495 2616 594 2658 signa
613 2615 839 2658 colliguntur.
893 2615 1054 2661 Cumque
1071 2615 1140 2650 hu-
1167 2624 1169 2631 ¹
1194 2626 1323 2662 nymus
1349 2615 1414 2648 ait:
1450 2611 1648 2646 Multitudo
1672 2610 1867 2644 errantium
1903 2623 1976 2644 non
2013 2611 2104 2654 parit
2127 2623 2183 2644 er-

153 2681 256 2703 mana
287 2667 441 2711 cognitio
473 2679 492 2700 a
517 2678 621 2700 sensu
649 2666 828 2707 ordiatur,
858 2667 1047 2710 diligenter
1071 2668 1139 2701 cir·
1166 2647 1170 2702 Ι
1196 2667 1270 2701 rori
1294 2664 1541 2711 patrocinium.
1567 2708 1570 2711 Δ
1603 2660 1691 2696 Cum
1715 2668 1831 2696 autem
1860 2662 1969 2696 vitam
1995 2659 2182 2696 hominum

204 2722 381 2752 Illum-m.
403 2720 506 2752 Ornn.
529 2720 611 2751 Ver.
628 2718 723 2752 XIII.
1619 2711 1666 2746 45

594 2300 701 2333 Aliud.

303 2351 460 2386 Affectus
478 2352 676 2396 impediunt
694 2353 879 2392 iudicium,

303 2401 499 2437 Aeschines
515 2404 589 2438 odit
606 2402 897 2446 Demosthenem,

303 2453 399 2498 Ergo
426 2466 498 2487 non
519 2461 568 2487 est
594 2456 810 2489 credendum
830 2453 999 2490 Aeschini
1020 2454 1140 2489 crimi-

355 2506 456 2539 nanti
480 2503 765 2539 Demosthenem.
