2379 2948
235 110 301 144 111

236 196 310 227 luce
342 196 560 235 propagatam
595 193 628 219 et
657 184 798 218 effusam
823 181 1024 226 qualitatem
1055 181 1092 213 in
1115 181 1208 220 ae're,

237 249 507 277 cousentaneum
525 244 585 271 est.

337 290 516 325 Accedunt
537 286 604 321 huc
630 291 661 317 et
681 282 746 316 bae
763 281 1000 322 coniecturae,
1026 282 1119 326 quod
1136 291 1209 312 ma-

239 344 403 377 nifestum
425 348 492 379 est,
525 338 562 369 iu
588 335 722 367 visione
745 332 865 366 oculos
889 332 1008 373 adfici,
1034 338 1067 365 et
1092 330 1211 373 regula

240 402 307 427 est:
332 391 515 425 Excellens
537 384 699 419 sensibile
715 383 822 417 laedit
837 394 996 422 sensum,
1021 388 1061 416 ut
1078 380 1211 425 experi-

240 455 320 477 mur
356 444 539 482 conspectu
569 435 652 469 solis
690 440 750 467 aut
777 433 925 477 fulguris
964 432 1054 465 laedi
1083 430 1214 464 oculos.

242 492 429 536 Quomodo
453 494 568 521 autem
591 486 830 524 laederentur,
859 483 927 516 nisi
952 494 1005 515 res
1026 482 1143 526 aliqua
1163 487 1215 514 at-

242 545 388 585 tingeret
404 551 442 572 ac
461 537 578 570 feriret
598 535 741 569 oculos?

343 590 496 629 Deinde,
523 599 584 620 cur
605 598 688 619 cava
713 584 849 627 specula
876 583 1030 615 inversas
1050 580 1218 623 imagines

244 642 415 679 reddunt,
441 645 479 672 ut
505 645 593 671 stare
620 637 657 668 in
681 634 792 678 capite
816 633 1019 670 videantur,
1047 631 1114 664 nisi
1137 630 1217 675 quia

244 692 373 737 species
395 690 495 723 aliter
512 688 738 720 reflectuntur
760 695 799 716 ex
824 683 933 723 cavis,
960 694 1063 726 quam
1082 693 1121 714 ex
1143 680 1219 724 pla-

245 744 300 776 nis
317 748 375 774 aut
391 737 576 773 convexis?
627 734 703 769 Etsi
721 741 834 767 autem
852 733 1016 773 fatemur,
1044 738 1150 765 totam
1167 731 1219 762 vi-

245 792 353 827 sionis
377 790 569 827 tationem,
605 792 643 819 ut
667 785 732 817 alia
757 784 886 823 multa,
920 781 1221 826 impervestigabi-

247 845 316 876 lem
340 852 428 879 esse,
457 846 572 872 tamen
592 833 657 868 bac
682 833 861 868 communi
879 833 1048 876 opinione
1066 831 1222 866 contenti

247 894 373 930 simus,
399 900 487 934 quae
502 899 540 920 eo
559 886 662 920 etiam
679 884 782 918 nobis
801 884 919 916 minus
935 883 1114 927 displicet,
1141 882 1222 927 quia

247 943 387 975 videtur
416 940 495 972 ideo
520 937 567 971 sic
601 936 741 969 condita
764 945 836 967 esse
862 940 986 967 natura
1016 934 1151 972 lucida,
1184 939 1225 965 ut

250 992 366 1026 radios
396 995 551 1033 spargat,
581 993 620 1020 ut
650 986 768 1030 aliquo
789 985 894 1017 modo
928 984 1133 1026 significatio
1165 994 1224 1015 seu

251 1038 538 1076 commonefactio
573 1036 778 1069 ostendatur
808 1035 850 1066 de
881 1040 1023 1067 aeterno
1064 1040 1159 1077 patre
1192 1039 1226 1065 et

250 1093 342 1129 tilio,
370 1091 431 1134 qui
448 1095 497 1121 est
514 1082 743 1133 ἀπαύγασμα
760 1084 892 1117 aeterni
912 1084 1028 1126 patris.

353 1140 406 1172 Ad
426 1138 596 1170 visionem
620 1142 734 1168 autem
752 1133 984 1166 necessarium
1006 1139 1055 1166 est
1072 1131 1226 1164 medium

251 1190 472 1236 perspicuum
486 1214 496 1228 ,
523 1188 617 1231 quod
635 1184 820 1217 nominant
834 1179 1029 1228 διαφανὲς,
1056 1182 1149 1215 inter
1163 1182 1227 1214 ob—

252 1243 380 1274 iectum
405 1245 438 1271 et
463 1237 616 1271 oculum.
676 1234 764 1267 Nam
796 1233 971 1266 obiectum
1005 1233 1080 1265 sine
1111 1232 1228 1265 medio

252 1290 434 1335 perspicuo
451 1287 560 1321 oculis
580 1287 779 1324 admotum,
806 1295 878 1315 non
900 1283 1125 1326 conspicitur.
1176 1281 1228 1315 Sit

253 1342 359 1384 igitur
376 1337 619 1376 intervallum,
646 1347 715 1379 quo
739 1346 757 1367 a
783 1333 960 1366 coloribus
978 1334 1097 1365 lumen
1115 1331 1231 1376 spargi

253 1390 379 1435 possit,
407 1394 440 1420 et
462 1388 503 1420 sit
526 1384 593 1418 hoc
611 1384 836 1418 intervallum
859 1383 1103 1426 perspicuum,
1131 1383 1231 1414 vide-

255 1442 334 1474 licet
349 1442 408 1472 aer
424 1443 484 1470 aut
499 1447 598 1480 aqua,
624 1434 705 1479 quia
722 1434 797 1466 sine
812 1432 887 1465 luce
899 1439 1049 1471 externa,
1075 1432 1231 1464 colorum

256 1492 377 1524 lumen
400 1488 486 1520 adeo
509 1485 623 1518 debile
642 1491 707 1524 est,
733 1490 771 1517 ut
794 1494 905 1526 neque
920 1481 1092 1526 conspici,
1119 1493 1232 1526 neque

257 1538 407 1574 discerni
428 1536 545 1579 possit.
598 1533 770 1568 Usitatum
789 1539 849 1572 est,
873 1544 951 1565 cum
968 1533 1010 1564 de
1026 1531 1161 1564 visione
1178 1531 1234 1564 di-

259 1592 366 1628 citur,
395 1586 555 1620 Medium
580 1584 764 1617 nominare
787 1594 924 1616 causam
952 1582 1027 1614 sine
1053 1594 1120 1626 qua
1149 1593 1233 1616 non.

259 1640 328 1674 Seu
353 1645 392 1671 ut
416 1636 541 1670 Graeci
567 1635 778 1679 loquuntur:
815 1628 868 1667 ὦν
892 1630 959 1666 οὐκ
977 1631 1075 1666 ἄνευ.
1130 1631 1234 1664 Tales

259 1700 397 1727 causae,
433 1698 494 1721 cur
516 1686 563 1719 ita
581 1685 825 1723 nominentur,
859 1683 896 1714 in
930 1679 1081 1726 physicis
1110 1682 1235 1715 recita—

259 1747 333 1773 tum
358 1745 418 1771 est.

362 1788 458 1821 Situs
489 1785 592 1818 etiam
624 1783 661 1816 in
703 1782 837 1815 visione
871 1781 1145 1815 considerandus
1177 1785 1235 1812 est.

261 1838 446 1882 Quidquid
471 1836 628 1874 videtur,
661 1834 850 1866 secundum
877 1838 1004 1865 rectam
1031 1831 1159 1863 lineam
1183 1829 1237 1861 vi-

262 1891 376 1923 detur.
427 1885 478 1919 Ac
497 1883 686 1929 pyramidis
705 1883 812 1925 figura
831 1883 942 1915 lineae
966 1882 1002 1914 in
1023 1882 1163 1914 oculum
1181 1880 1237 1912 in-

263 1943 427 1976 currunt,
454 1935 551 1968 cuius
569 1933 659 1966 basis
676 1939 726 1966 est
741 1933 777 1964 in
793 1932 947 1971 obiecto,
971 1943 1077 1964 conus
1095 1942 1176 1963 vero
1200 1930 1237 1963 in

264 1989 383 2027 oculo,
416 1986 522 2029 fitque
544 1983 695 2028 pyramis
719 1982 884 2026 paulatim
908 1982 1044 2021 minor,
1072 1993 1142 2026 quo
1159 1981 1239 2013 lon·-

264 2039 341 2082 gius
360 2038 402 2070 ab
416 2036 551 2069 obiecto
570 2033 709 2072 recedit,
732 2032 861 2075 species
876 2032 978 2064 etiam
1002 2032 1166 2074 paulatim
1187 2038 1238 2065 at-

265 2094 468 2122 tenuantur.
524 2083 578 2117 Ex
610 2080 664 2115 his
690 2082 817 2119 initiis,
849 2083 892 2114 de
923 2082 1010 2121 situ,
1039 2081 1179 2126 quando
1207 2088 1239 2115 et

266 2151 333 2183 qua
345 2137 509 2170 varietate
525 2134 637 2166 lineae
653 2132 857 2177 perveniant
873 2132 914 2165 ad
930 2132 1081 2172 oculum,
1109 2132 1240 2166 doctri-

266 2202 310 2221 na
328 2188 441 2232 optica
461 2184 646 2219 extruitur.

367 2237 579 2280 Quanquam
611 2239 727 2267 autem
758 2231 851 2265 oculi
882 2232 951 2264 duo
984 2237 1085 2272 sunt,
1122 2238 1240 2264 tamen

266 2299 377 2322 unum
393 2287 568 2320 obiectum
591 2296 665 2317 non
687 2283 825 2316 videtur
846 2282 1041 2324 geminum,
1067 2281 1146 2326 quia
1165 2293 1242 2324 spe-

268 2338 336 2371 cies
359 2338 400 2370 ab
423 2343 573 2380 utroque
596 2334 697 2368 oculo
721 2335 847 2366 coeunt
880 2332 915 2364 in
945 2343 1070 2364 nervos
1100 2332 1243 2375 opticos,

269 2388 328 2432 qui
353 2387 460 2420 iuncti
484 2392 582 2426 sunt,
615 2391 655 2418 ut
678 2388 888 2417 concurrant
915 2382 964 2414 ibi
988 2388 1143 2425 receptae
1166 2393 1243 2425 spe-

269 2438 348 2472 cies.
401 2436 518 2478 Quare
543 2447 612 2468 una
634 2445 689 2468 res
722 2445 795 2467 non
824 2433 962 2465 videtur
984 2432 1140 2474 gemina,
1175 2432 1244 2464 nisi

269 2499 347 2521 cum
365 2486 493 2530 species
509 2497 582 2518 non
599 2485 804 2528 iunguntur.
856 2481 959 2515 Tunc
980 2482 1073 2515 enim
1097 2493 1168 2515 una
1191 2493 1244 2515 res

270 2539 414 2580 adparet
437 2535 591 2578 gemina,
619 2547 696 2568 cum
722 2533 815 2567 oculi
834 2533 972 2566 distorti
995 2544 1067 2565 non
1085 2532 1245 2565 similiter

270 2588 364 2620 idem
382 2592 605 2620 contuentur.
657 2583 753 2618 Haec
769 2584 859 2618 ratio
878 2589 967 2617 extat
983 2583 1020 2615 in
1038 2581 1243 2616 Problema-

268 2638 311 2671 tis
328 2636 538 2671 Aristotelis,

463 100 669 139 SCRIPTA
697 99 771 134 ΡΗ.
798 97 912 132 MEL.
941 95 1008 130 AD
1034 94 1160 131 HIST.
1185 91 1329 131 PROF.
1359 92 1425 129 ET
1453 92 1641 130 PHILOS.
1669 91 1986 131 SPECTANTIA.

1268 2523 1272 2636 ἱ

1270 2638 1274 2676 1

2162 95 2237 129 112

1479 178 1573 221 Quid
1602 183 1658 214 est
1684 190 1813 214 sensus
1838 178 2026 215 Auditus?

1363 241 1427 277 Est
1450 255 1570 278 sensus
1592 244 1630 277 in
1654 245 1816 290 auribus,
1843 245 2038 290 percipiens
2055 254 2162 280 sonos
2177 256 2240 290 per

1262 295 1376 326 ae'rem
1393 294 1448 327 vel
1467 306 1607 339 aquam.

1555 375 1655 417 Quod
1681 381 1737 411 est
1762 375 1968 412 obiectum?

1369 439 1496 476 Sonus.
1548 439 1612 476 Est
1646 449 1761 476 autem
1786 454 1892 477 sonus
1919 442 2068 488 qualitas
2100 447 2176 476 orta
2205 453 2245 475 ex

1267 490 1357 524 aeris
1374 491 1562 532 fractione,
1589 503 1676 536 quae
1693 493 1730 526 fit
1745 494 1875 527 collisis
1893 493 2031 527 duobus
2052 492 2148 526 duris
2169 504 2246 526 cor-

1269 541 1435 584 poribus,
1462 542 1684 575 latitudinem
1708 543 1858 588 aliquam
1882 541 2101 577 habentibus,
2153 541 2248 576 Haec

1269 591 1393 624 fractio
1419 592 1564 635 perinde
1591 592 1627 624 in
1661 599 1739 626 nere
1766 593 1958 637 spargitur,
1992 600 2031 627 ut
2059 593 2180 637 lapillo
2209 592 2248 624 in

1270 653 1397 685 aquam
1425 642 1581 675 coniecto
1605 641 1765 676 videmus
1789 654 1889 688 gyros
1908 655 1946 676 ea
1965 643 2152 686 agitatione
2167 654 2250 687 pro-

1271 691 1366 724 ferri.
1419 691 1466 726 Ut
1488 699 1602 725 autern
1631 692 1668 724 in
1691 694 1846 735 angustis
1870 693 2026 726 fontibus
2049 693 2170 727 circuli
2195 692 2250 725 illi

1273 754 1352 775 cum
1382 742 1449 776 cito
1474 742 1511 774 in
1534 743 1682 786 parietes
1706 743 1927 786 impingunt,
1960 744 2109 787 repulsi,
2142 743 2251 786 gemi-

1275 798 1363 826 nant
1384 793 1553 833 circulos,
1587 793 1634 826 ita
1657 794 1792 826 reddita
1820 793 1941 827 fractio
1966 794 2002 825 in
2027 793 2112 826 locis
2143 793 2253 832 tectis,

1275 843 1489 881 cavernosis,
1517 850 1576 877 aut
1595 843 1785 888 laqueatis,
1811 850 1870 876 aut
1896 843 2119 876 densioribus
2136 842 2254 887 sylvis,

1276 894 1429 937 geminat
1446 905 1567 934 sonos,
1593 905 1680 938 quae
1697 893 1885 937 geminatio
1901 893 2104 927 nominatur
2118 890 2228 927 Echo.

1561 978 1663 1019 Quod
1687 983 1742 1013 est
1767 977 1971 1024 oryanum?

1380 1041 1421 1075 In
1438 1043 1611 1077 foramine
1629 1044 1715 1077 ossis
1739 1045 1868 1088 petrosi
1888 1050 1969 1077 sunt
1987 1044 2058 1076 duo
2077 1041 2257 1086 panniculi

1279 1093 1425 1125 subtiles
1451 1100 1483 1126 et
1503 1094 1626 1134 solidi,
1653 1095 1719 1127 orti
1746 1106 1764 1127 a
1790 1095 1906 1127 nervis
1929 1093 2106 1127 auditivis.
2158 1092 2259 1125 Alter

1280 1143 1489 1186 panniculus
1522 1144 1678 1177 continet
1706 1150 1738 1177 et
1767 1145 1886 1186 alligat
1922 1143 2110 1177 ossiculum
2144 1142 2259 1175 simile

1280 1193 1412 1225 incudi.
1465 1192 1579 1237 Supra
1602 1206 1682 1227 vero
1709 1191 1799 1227 hanc
1824 1195 1986 1227 incudem
2013 1193 2109 1225 aliud
2128 1191 2259 1224 ossicu-

1281 1243 1354 1276 lum
1369 1249 1437 1283 est,
1463 1243 1577 1276 simile
1595 1245 1742 1284 malleo,
1769 1245 1863 1288 quod
1879 1244 1922 1277 ab
1945 1243 2053 1276 altero
2071 1240 2260 1286 panniculo

1282 1293 1490 1334 sustinetur,
1518 1294 1605 1327 sicut
1622 1296 1726 1327 corda
1741 1301 1907 1337 tympano
1926 1292 2132 1327 intenditur.
2170 1290 2261 1324 Cum

1282 1341 1340 1376 hic
1355 1343 1501 1376 malleus
1526 1356 1544 1376 a
1559 1345 1654 1375 sonis
1679 1342 1850 1386 impulsus
1864 1342 1944 1375 ferit
1962 1341 2144 1381 incudem,
2171 1341 2262 1373 exci-

1283 1398 1402 1426 tantur
1419 1403 1456 1424 ea
1473 1392 1694 1435 percussione
1709 1392 1854 1435 spiritus
1875 1392 1911 1424 in
1928 1391 2065 1432 nervis,
2091 1398 2124 1424 et
2146 1390 2184 1423 fit
2200 1401 2263 1423 au-

1284 1442 1393 1482 ditio,
1419 1441 1454 1474 id
1479 1449 1550 1482 est,
1577 1443 1751 1486 perceptio
1779 1442 1857 1475 soni
1888 1442 2021 1486 pulsata
2045 1441 2190 1480 incude,
2224 1447 2264 1474 ut

1285 1492 1314 1525 si
1330 1490 1481 1525 chordae
1499 1492 1654 1535 pulsatae
1671 1504 1775 1525 sonos
1790 1493 1987 1525 redderent.

1388 1541 1452 1574 llla
1492 1542 1599 1585 igitur
1634 1541 1795 1576 machina
1826 1542 1983 1582 incudis,
2016 1540 2152 1581 mallei,
2186 1551 2265 1574 cum

1287 1592 1503 1636 panniculis,
1538 1593 1656 1626 nervis
1672 1599 1705 1625 et
1721 1592 1920 1636 spiritibus,
1948 1597 2030 1625 sunt
2052 1601 2181 1632 organa
2198 1590 2265 1622 im-

1287 1642 1437 1675 mediata
1460 1642 1610 1675 auditus.
1672 1641 1838 1676 Coeterae
1860 1648 1975 1684 partes
1998 1641 2136 1674 aurium
2163 1640 2265 1673 adiu-

1287 1698 1370 1724 vant
1386 1692 1699 1735 praeparationem.
1742 1692 1931 1725 Anfractus
1947 1692 2117 1733 colligunt
2133 1697 2166 1724 et
2181 1701 2266 1723 con-

1287 1742 1401 1775 tinent
1415 1753 1537 1782 sonos,
1563 1753 1606 1774 ne
1625 1742 1741 1775 subito
1761 1742 1934 1775 irruentes
1958 1742 1994 1774 in
2017 1751 2187 1784 organum
2205 1751 2268 1773 au—

1289 1793 1400 1833 ditus,
1427 1798 1487 1825 aut
1502 1792 1781 1832 confundantur,
1804 1799 1863 1826 aut
1880 1792 2022 1825 laedant
2037 1801 2217 1833 organum.

1577 1876 1680 1917 Quod
1708 1880 1765 1910 est
1797 1874 1958 1910 medium
1968 1873 1986 1908 .⁹

1390 1941 1551 1975 Medium
1574 1949 1623 1975 est
1646 1943 1725 1982 ae'r,
1754 1941 1814 1986 qui
1839 1947 1887 1974 est
1903 1940 2042 1984 duplex.

2095 1937 2269 1983 Exterior‚

1291 1994 1329 2026 in
1360 2005 1429 2037 quo
1462 1993 1537 2038 gyri
1569 1993 1794 2036 perferuntur
1815 1992 1860 2025 ad
1885 2002 1996 2024 aures.

2058 1989 2210 2025 Interior
2234 1998 2268 2024 et

1291 2049 1477 2085 cognatm,
1505 2043 1563 2088 qui
1589 2050 1639 2076 est
1665 2042 1703 2075 in
1728 2043 1802 2086 ipso
1822 2041 1993 2074 foramine
2019 2041 2105 2074 ossis
2128 2042 2270 2084 petrosi,

1291 2094 1352 2140 qui
1369 2100 1418 2127 est
1434 2093 1561 2126 mixtus
1578 2093 1702 2137 spiritu
1718 2092 1875 2126 auditivo
1889 2119 1897 2132 ‚
1923 2098 1961 2125 ut
1979 2091 2177 2136 gyrationes
2194 2091 2272 2124 illas

1292 2144 1455 2188 accipiat,
1483 2150 1515 2177 et
1531 2144 1632 2176 feriat
1648 2143 1854 2187 panniculos
1870 2149 1902 2175 et
1918 2142 2073 2176 malleos.
2122 2139 2173 2174 Ac
2192 2142 2274 2174 inde

1293 2195 1431 2228 aurium
1448 2194 1597 2227 tinnitus
1616 2194 1746 2234 oritur,
1772 2205 1850 2226 curn
1873 2192 1969 2225 intus
1987 2204 2132 2235 vapores
2155 2193 2270 2225 aerem

1294 2246 1394 2279 illurn
1413 2245 1539 2289 spiritu
1555 2244 1702 2277 mixtum
1719 2244 1873 2277 turbant.

1395 2294 1467 2328 Nec
1495 2306 1577 2327 vero
1612 2300 1746 2327 tanturn
1777 2294 1813 2325 in
1848 2295 1926 2326 aere
1961 2293 1997 2326 fit
2030 2292 2180 2330 auditio,
2215 2292 2274 2323 sed

1295 2345 1399 2378 etiam
1417 2346 1454 2377 in
1477 2345 1594 2390 aquis,
1629 2351 1666 2377 ut
1685 2350 1818 2377 constat
1837 2344 1946 2386 pisces
1964 2343 2096 2377 audire.
2150 2341 2217 2374 Sed
2238 2341 2274 2373 id

1295 2396 1450 2429 medium
1476 2394 1656 2428 obscurius
1682 2401 1749 2434 est,
1784 2401 1816 2427 et
1840 2394 1881 2426 ad
1909 2391 2070 2426 homines
2094 2388 2186 2423 nihil
2210 2392 2274 2423 ad·

1295 2447 1439 2480 modum
1462 2446 1622 2490 pertinet.

1505 2521 1599 2562 Quid
1626 2525 1682 2554 est
1708 2532 1837 2554 sensus
1864 2516 2063 2564 Olfactus?

1400 2579 1461 2614 Est
1488 2591 1609 2613 sensus
1639 2580 1675 2612 in
1704 2579 1882 2623 prioribus
1905 2576 2109 2611 ventriculis
2135 2574 2279 2613 cerebri,

1298 2631 1492 2674 percipiens
1508 2631 1644 2663 odores.
