2379 2948
205 90 276 124 871

761 82 883 118 PHIL.
911 81 1026 120 MEL.
1055 78 1266 119 SCRIPTA
1294 78 1345 114 IN
1371 76 1672 115 EXEGETICA.

2152 81 2226 118 872

203 173 435 208 assentiamur
458 183 565 215 regno
592 165 828 212 Antietwisti,
864 180 923 203 seu
945 180 1053 213 regno
1078 168 1186 213 impio
1211 166 1216 199 l
1240 165 1344 198 simas
1381 164 1657 208 significationes
1699 166 1901 206 continent,
1952 178 2038 211 quas
2073 173 2226 201 attentus

205 223 403 258 dominanti
424 224 461 255 in
480 220 646 255 Ecclesia.

303 274 454 307 Nomine
475 268 686 305 Antichristi
712 267 1063 313 comprehenduntur
1086 269 1189 302 ambo

206 337 310 369 regna
324 349 331 362 ‚
366 321 643 356 Mabometicum
676 327 709 354 et
740 321 963 363 pontificatus
994 319 1190 359 Romanus,

206 383 244 409 nt
262 377 303 408 de
323 380 472 418 utroque
489 372 718 405 concionatur
733 370 924 414 scriptura,
952 378 984 405 et
1002 377 1191 414 utrumque

208 428 360 458 damnat.
417 423 464 457 Ut
479 424 610 467 Apoca.
632 422 689 456 13.
709 428 870 464 apparet,
899 422 960 454 ubi
979 422 1021 454 de
1041 429 1191 464 utroque

206 476 417 508 vaticinatur
433 485 511 507 cum
527 475 592 513 ait,
621 473 794 515 perituros
810 483 881 504 esse
900 472 979 515 Gog
997 479 1029 504 et
1049 471 1188 513 Mugog,
1214 481 1216 516 ⁴]

206 526 352 559 bestiam
378 531 409 557 et
434 521 793 566 Pseudoprophetam.
855 522 922 556 Hic
947 521 1191 566 complectitur

208 588 354 619 regnum
373 575 563 608 Turcicum
581 581 613 607 et
633 575 780 607 alterum
797 584 957 615 regnum,
986 573 1022 604 in
1042 584 1110 616 quo
1126 573 1191 604 do-

207 628 365 659 minatur
382 622 712 668 Pseudopropheta,
740 623 776 656 id
800 630 868 665 est,
895 623 1051 668 pontifex
1069 622 1188 655 defen-

206 679 292 711 dens
314 677 420 711 idola.

306 728 393 760 t'um
420 733 534 758 autem
564 724 696 769 aliquid
720 724 856 757 intersit
888 723 979 755 inter
1011 720 1096 755 haec
1119 724 1189 755 duo

205 790 328 821 regna:
359 774 635 809 Mahometicum
654 774 913 807 seuTurcicum
931 774 1036 805 arinis
1052 786 1073 817 p
1087 780 1189 806 11·tum
1215 815 1216 818 Ἰ

205 837 275 869 est,
307 841 367 860 nec
393 833 485 859 tenet
512 826 654 858 titulum
679 823 854 857 Ecclesiae
872 821 1025 863 Christi,
1053 825 1131 856 ideo
1148 826 1190 856 de

206 892 246 912 eo
265 891 367 922 supra
392 877 482 916 dixi,
510 876 572 909 ubi
600 876 745 918 imperia
770 875 1060 907 describebantur
1085 875 1190 907 armis

205 937 312 972 parta.

203 981 345 1013 stitione
361 978 590 1012 constitutum
609 983 675 1017 est,
702 984 736 1010 et
753 976 880 1010 retinet
906 975 1049 1009 titulum
1068 974 1188 1009 Eccle-

205 1031 274 1063 siae
293 1027 438 1062 Christi.

306 1080 396 1112 Cum
429 1079 536 1122 igitur
565 1077 695 1110 Paulus
730 1077 968 1110 accommodet
1000 1077 1188 1120 imaginem

205 1128 373 1164 Antiochi
401 1131 442 1162 ad
472 1141 636 1171 reguum,
666 1129 759 1172 quod
785 1128 821 1160 in
845 1125 1001 1160 Ecclesia
1027 1128 1189 1160 domina-

204 1189 278 1221 tur,
304 1180 369 1213 hoc
392 1187 457 1218 est,
487 1180 581 1224 quod
605 1179 731 1212 retinet
754 1178 896 1212 titulum
914 1175 1108 1219 Ecclesiae,
1136 1190 1188 1210 sc-

202 1244 290 1276 quar
314 1238 346 1264 et
373 1231 445 1274 ipse
468 1230 638 1270 Paulum,
674 1236 706 1263 et
730 1227 796 1262 boc
821 1228 1027 1261 vaticinium
1050 1230 1092 1261 de
1112 1227 1188 1262 An-

201 1280 319 1315 tiocho
338 1281 611 1315 accommodabo
631 1280 674 1312 ad
693 1279 912 1324 pontificium
931 1290 1090 1321 regnum,
1118 1292 1187 1324 quo

202 1333 346 1365 nomine
370 1343 443 1364 non
467 1338 604 1364 tantum
626 1329 829 1364 Romanum
856 1330 1057 1373 pontificem
1083 1330 1190 1363 iutel-

202 1384 290 1426 ligo,
317 1384 376 1415 sed
399 1393 521 1414 omues
535 1379 728 1424 Episcopos
755 1380 886 1424 ubique
911 1387 1083 1412 terrarum
1111 1380 1188 1413 eius
1212 1408 1213 1418 ,

202 1432 402 1466 idolatriam
427 1432 672 1469 defendentes,
700 1431 772 1463 sive
797 1431 828 1462 ei
855 1430 990 1474 alloqui
1014 1430 1084 1463 sint
1102 1442 1187 1463 con-

202 1484 331 1521 iuncti‚
359 1483 432 1515 sive
447 1494 519 1515 non
537 1482 605 1515 sint
623 1481 814 1514 coniuncti.

306 1533 358 1566 Ac
383 1534 473 1565 infra
501 1539 603 1565 notae
637 1532 724 1564 duae
758 1531 967 1565 tribuuntur
996 1528 1186 1571 Antiocho,

203 1596 290 1629 quae
308 1584 491 1628 praecipue
505 1583 720 1615 conveniunt
734 1583 775 1614 ad
794 1581 1013 1625 pontificium
1027 1592 1186 1623 regnum,

202 1635 375 1672 videlicet,
399 1634 492 1678 quod
508 1633 643 1665 idolum
662 1632 699 1664 in
717 1634 846 1675 templo
863 1631 1020 1668 collocet,
1049 1639 1081 1664 et
1097 1643 1183 1664 auro

202 1697 241 1718 ac
265 1691 408 1728 argento
433 1684 535 1717 colat.
588 1682 693 1723 Item,
728 1683 822 1728 quod
854 1694 927 1714 non
951 1681 1089 1715 adficiat
1118 1679 1185 1715 ho-

205 1748 290 1769 nore
307 1736 480 1768 mulieres.

303 1785 398 1819 Haec
429 1792 509 1819 sunt
538 1786 607 1818 duo
642 1784 784 1828 propria
810 1783 1050 1828 pontificatus,
1083 1781 1182 1816 Idola

201 1836 383 1870 manifesta
409 1843 489 1869 sunt
515 1836 642 1879 impiae
666 1836 807 1875 missae,
834 1835 947 1868 cultus
971 1833 1181 1867 Sanctorum

202 1894 234 1920 et
254 1894 405 1925 statuae,
433 1887 575 1931 quaein
601 1898 687 1918 auro
708 1893 743 1919 et
768 1892 912 1929 argento
936 1885 1183 1925 ostenduntur,

199 1944 239 1970 ut
255 1937 302 1969 ibi
322 1938 495 1970 colantur.
530 1936 566 1969 ld
587 1947 758 1981 nusquam
774 1936 832 1975 fit,
861 1937 928 1968 nisi
944 1936 981 1967 in
1000 1935 1181 1978 pontificio

200 1999 319 2030 regnO.

199 2039 265 2071 fuit
282 2038 477 2080 legitimum
492 2037 708 2078 coniugium,
724 2037 791 2069 nisi
810 2038 846 2068 in
865 2036 1057 2080 pontificio.
1086 2034 1179 2079 Ergo

200 2089 365 2121 convenit
389 2090 432 2120 ad
451 2088 504 2128 id,
530 2088 623 2132 qnod
648 2087 693 2119 ait
711 2086 858 2127 Daniel,
880 2086 959 2120 Non
982 2087 1119 2120 futuras
1141 2088 1180 2119 in

199 2137 333 2172 honore
352 2139 526 2177 mulieres,
555 2137 666 2170 Porro
686 2137 746 2170 ubi
766 2149 838 2170 uon
858 2144 905 2169 est
925 2135 1037 2169 honos
1056 2138 1180 2171 coniu-

199 2190 274 2232 gio,
301 2196 497 2234 sequuntur
521 2199 627 2230 vagae
653 2187 819 2220 libidines
846 2194 877 2220 et
896 2187 1078 2230 multiplex
1103 2196 1179 2221 tur-

198 2241 333 2283 pitudo.
387 2238 481 2273 Haec
498 2238 714 2282 apertissime
731 2238 946 2271 conveniunt
967 2240 1007 2270 ad
1030 2250 1176 2279 reguum

198 2291 432 2333 pontificium.
487 2290 604 2332 Quare
623 2287 713 2322 nihil
737 2289 883 2321 dubium
905 2296 969 2327 est,
992 2286 1177 2321 Danielem

199 2349 229 2373 et
251 2341 398 2374 Paulum
423 2341 624 2374 concionari
655 2340 696 2371 de
720 2350 826 2381 reguo
853 2338 1053 2382 pontificio,
1082 2341 1176 2383 qnod

198 2403 275 2423 cum
298 2393 344 2425 ita
360 2393 421 2432 sit,
448 2392 630 2425 admoneri
655 2402 719 2424 nos
746 2390 915 2429 sciamus,
942 2401 986 2421 ne
1011 2390 1177 2422 assentia-

197 2453 277 2473 mur
299 2443 469 2484 impietati
494 2442 718 2486 pontificum,
752 2452 841 2474 neve
867 2452 943 2473 eam
970 2439 1176 2473 adiuvemus

196 2503 234 2524 ac
257 2493 485 2529 stabiliamus.

289 2589 363 2624 Iam
383 2592 485 2624 redeo
503 2592 546 2624 ad
563 2591 834 2635 descriptionem
853 2586 1023 2624 Antiochi
1047 2589 1083 2621 in
1099 2596 1174 2623 tex-

189 2649 244 2684 tu,
276 2641 313 2674 in
339 2653 409 2687 quo
433 2648 515 2675 sunt
536 2644 667 2677 multae
689 2642 900 2687 particulae,
936 2652 1026 2686 quae
1045 2641 1172 2675 tristis-

363 927 432 961 Sed
458 926 675 970 pontificium
694 937 839 968 regnum
861 926 983 958 fraude
1010 933 1043 958 et
1069 936 1190 968 super·
1214 942 1215 948 1

372 1987 458 2020 ltem
477 1987 514 2019 in
530 1987 630 2019 nullo
655 1998 761 2028 regno
780 1998 936 2031 unquam
962 1983 1181 2028 prohibitum
1206 2000 1208 2008 ι

1212 206 1215 249 l
1240 216 1350 250 lector
1375 228 1438 259 per
1462 227 1534 249 sese
1559 216 1750 260 expendat,
1778 215 1922 250 intuens
1938 216 1975 248 in
1998 214 2082 251 haec
2105 225 2226 253 nostra

1214 254 1216 280 ἱ
1240 273 1410 310 tempora.

1214 317 1217 334 ⁸
1341 314 1615 355 Prosternelur,
1643 317 1777 362 inquit,
1805 316 1937 350 veritas
1954 316 2118 351 interra.
2160 317 2226 351 Vi-

1215 362 1217 383 *
1241 368 1363 401 demus
1381 367 1449 401 iam
1464 367 1664 412 Episcopos
1680 375 1714 401 et
1738 380 1861 401 eorum
1887 368 2053 401 satellites
2075 368 2225 401 manife-

1215 418 1390 452 'stissima
1421 418 1552 460 flagitia
1588 425 1708 452 contra
1742 419 1992 452 conscientiam
2023 419 2227 458 defendere,

1215 460 1217 475 ¹
1239 475 1279 502 ut
1305 468 1524 512 prodigiosos
1548 468 1741 502 Missarum
1766 471 1916 510 abusus,
1943 469 2058 503 cultus
2076 468 2224 502 Sancto-

1215 525 1217 557 ξ
1241 531 1338 559 rum,
1365 519 1577 552 coelibatum
1593 527 1626 553 et
1644 520 1824 555 libidines.
1878 518 2022 554 Constat
2040 519 2149 562 igitur
2167 530 2225 552 eos

1216 562 1217 570 ¹
1241 569 1423 602 veritatem
1440 569 1599 603 ludibrio
1616 568 1762 610 habere,
1791 578 1823 605 et
1840 582 1920 603 vere
1937 571 2143 603 conculcare
2163 581 2225 612 pe-

1214 655 1217 671 ι
1241 620 1345 653 dibus
1362 626 1426 654 etc.

1342 668 1395 702 De
1421 667 1602 703 Antiocho
1628 671 1676 704 sic
1700 671 1816 716 inquit
1843 679 1971 705 textus:
2001 668 2134 715 Surget
2160 681 2224 703 rex

1241 717 1434 766 impudens·
1449 719 1574 767 facie,
1602 724 1631 753 et
1650 720 1861 766 intelligens
1877 721 2162 767 propositiones,
2188 721 2226 753 id

1241 779 1311 811 est,
1339 772 1470 811 audax,
1499 778 1695 805 contemtor
1713 772 1797 812 Dei,
1823 779 1862 805 ut
1878 772 2096 813 Mezentius,
2123 779 2156 805 et
2171 778 2225 804 ta-

1241 834 1319 854 men
1344 828 1494 862 astutus,
1530 819 1573 854 Is
1601 826 1724 855 crescet
1758 834 1830 855 non
1861 823 1939 854 suis
1975 821 2130 863 cirillus,
2163 823 2225 855 sed

1214 871 1216 881 '
1240 872 1448 915 pontificum
1464 871 1687 905 Iudaicorum
1706 874 1861 916 perfidia,
1888 880 1921 905 et
1936 874 2058 916 populi
2077 873 2224 906 levitate.

1240 921 1296 955 Et
1313 934 1426 968 supra
1442 934 1553 968 quam
1582 919 1681 955 credi
1696 926 1812 969 polest
1826 922 1959 967 wnia
1980 922 2159 960 vastabit,
2187 923 2223 956 id

1214 974 1215 996 ἶ
1240 981 1309 1012 est,
1336 974 1492 1006 abolebit
1519 985 1619 1006 veros
1643 975 1780 1014 cultus,
1807 971 1949 1006 invehet
1969 973 2172 1006 idolatriam
2191 980 2226 1006 et

1240 1025 1308 1057 late
1325 1024 1548 1068 propagabit,
1577 1025 1735 1057 traducet
1756 1025 1924 1067 populum
1943 1025 1985 1056 ad
2006 1024 2094 1057 ritus
2111 1030 2143 1056 et
2161 1035 2224 1056 vo-

1213 1085 1215 1096 ¹
1240 1075 1391 1118 luptates
1410 1072 1664 1114 Etltnicorum,
1701 1073 1845 1107 babebit
1869 1086 2012 1115 magnos
2034 1085 2223 1116 successus,

1240 1125 1425 1158 interficiet
1443 1125 1536 1167 pios,
1564 1132 1596 1158 et
1614 1125 1760 1158 deliniet
1778 1125 1845 1158 sibi
1872 1125 2001 1158 multos
2025 1124 2224 1167 largitioni-

1240 1177 1323 1214 bus,
1359 1181 1391 1208 et
1414 1176 1579 1208 retinebit
1605 1176 1775 1209 inescatos
1805 1176 1940 1217 maguis
1972 1175 2165 1208 commodis
2191 1181 2225 1208 et

1239 1226 1413 1259 illecebris
1433 1238 1560 1269 opum,
1587 1226 1819 1269 dignitatum,
1847 1238 1885 1258 ac
1905 1226 2135 1267 voluptatum.

1340 1281 1509 1316 Tandem
1536 1296 1616 1317 vero
1640 1284 1718 1316 sine
1734 1296 1846 1317 manu
1865 1287 2074 1318 conteretur.
2129 1282 2222 1325 Quia

1211 1308 1216 1358 l
1239 1332 1439 1368 Antiochus
1462 1347 1535 1367 non
1561 1342 1612 1368 est
1640 1335 1841 1368 interfectus
1867 1346 1887 1367 a
1912 1333 2069 1372 Iudaeis,
2100 1334 2160 1366 sed
2184 1333 2222 1365 i'n

1237 1392 1407 1428 apparatu
1434 1386 1516 1416 novi
1542 1385 1645 1424 belli,
1673 1385 1769 1417 domi
1795 1397 1833 1417 ex
1859 1385 1958 1427 lapsu
1979 1390 2139 1417 mortuus
2162 1390 2222 1424 est,

1238 1447 1315 1467 cum
1342 1435 1410 1467 iam
1439 1436 1566 1467 multas
1598 1435 1758 1468 nationes
1783 1448 1801 1468 a
1829 1447 1863 1468 se
1888 1435 2053 1467 defecisse
2076 1435 2222 1474 videret,

1238 1496 1327 1529 quae
1356 1497 1436 1518 eum
1462 1493 1604 1529 propter
1624 1486 1864 1518 crudelitatem
1893 1492 1925 1517 et
1943 1496 2082 1517 morum
2107 1485 2222 1528 turpi-

1239 1535 1397 1568 tudinem
1413 1537 1562 1569 oderant
1579 1542 1611 1569 et
1628 1537 1913 1569 contemnebant.
1955 1534 2111 1568 Saltabat
2127 1534 2222 1567 enim

1237 1587 1274 1617 in
1291 1597 1393 1618 scena
1412 1587 1503 1619 iuter
1521 1584 1728 1624 histriones,
1755 1583 1992 1619 bacchabatur
2015 1597 2077 1628 per
2100 1597 2221 1618 omnes

1237 1647 1383 1679 ganeas,
1415 1637 1599 1680 spargebat
1631 1636 1815 1679 pecuniam
1849 1636 1887 1668 in
1918 1636 2099 1679 compitis,
2133 1643 2172 1669 ut
2202 1647 2223 1668 a

1235 1687 1356 1720 multis
1373 1698 1446 1720 uon
1462 1684 1663 1733 ἐπιφανὴς,
1690 1688 1748 1720 sed
1769 1683 1946 1731 astruemus·
1963 1686 2148 1720 diceretur.

1338 1771 1432 1805 Haec
1457 1772 1572 1815 imago
1594 1773 1794 1805 conseratur
1822 1772 1866 1804 ad
1889 1772 2088 1815 pontifices,
2117 1769 2151 1805 hi
2177 1774 2220 1806 de

1235 1834 1344 1866 regno
1363 1823 1571 1865 cogitantes,
1597 1823 1716 1856 vident
1737 1834 1831 1865 reges
1847 1829 1879 1855 et
1895 1824 2066 1867 populum
2084 1824 2221 1857 duabus

1235 1875 1340 1907 rebus
1372 1874 1522 1907 maxime
1556 1873 1687 1913 teneri,
1721 1873 1883 1905 videlicet
1909 1874 2157 1917 superstitione
2186 1882 2219 1907 et

1234 1925 1456 1958 utilitatibus.
1509 1924 1634 1957 Astute
1667 1935 1747 1966 ergo
1779 1924 2061 1966 excogitaverunt
2092 1925 2218 1964 cultus,

1234 1987 1321 2019 quos
1338 1975 1440 2008 valde
1458 1975 1679 2008 admirantur
1694 1974 1869 2018 principes
1887 1980 1919 2007 et
1937 1975 2107 2018 populus,
2140 1988 2217 2008 mo-

1234 2033 1363 2059 ventur
1395 2025 1506 2058 animi
1539 2025 1611 2057 illis
1644 2024 1855 2069 prodigiosis
1886 2024 2050 2057 laudibus
2073 2025 2218 2066 missae,

1205 2078 1208 2103 l
1233 2078 1327 2121 quod
1347 2082 1523 2110 mereatur
1538 2076 1652 2108 omnis
1668 2074 1804 2118 generis
1819 2074 1929 2115 bona,
1956 2075 2133 2117 victorias,
2159 2077 2216 2109 ln-

1233 2138 1308 2165 cra,
1336 2139 1523 2170 prosperos
1542 2132 1686 2159 eventus
1708 2125 1745 2158 in
1762 2125 1926 2158 omnibus
1951 2126 2116 2169 negociis.
2147 2164 2149 2166 ,
2168 2125 2216 2161 Et

1233 2178 1314 2222 quia
1336 2178 1476 2211 animus
1505 2177 1634 2220 impius
1659 2188 1731 2208 non
1756 2183 1868 2219 potest
1893 2188 1912 2208 a
1937 2175 2013 2209 Deo
2036 2184 2216 2220 expectare

1232 2229 1414 2267 auxilium,
1446 2234 1663 2272 quaeruntur
1681 2227 1797 2269 plures
1814 2225 1884 2267 Dii,
1912 2234 1944 2260 et
1961 2227 2215 2270 placabiliores,

1232 2277 1315 2311 ldeo
1336 2279 1554 2321 gratissimus
1572 2284 1622 2310 est
1641 2275 1848 2310 hominibus
1865 2278 1977 2310 cultus
1990 2278 2212 2313 Sanctorum.

1324 2336 1445 2370 Postea
1462 2343 1629 2380 ceperunt
1647 2336 1776 2379 templa
1795 2336 1963 2379 compleri
1981 2337 2103 2370 statuis
2121 2337 2212 2371 San-

1230 2394 1383 2428 ctorum,
1411 2393 1444 2420 et
1461 2393 1576 2420 seeuta
1598 2394 1647 2420 est
1665 2398 1806 2428 prorsus
1829 2384 1967 2420 ethnIca
1986 2387 2211 2421 idolomania.

1230 2437 1345 2471 Simul
1371 2438 1474 2471 etiam
1500 2437 1624 2470 obruta
1648 2444 1697 2470 est
1723 2438 1882 2470 doctrina
1905 2438 1947 2470 de
1972 2438 2106 2471 iusticia
2129 2439 2210 2472 fidei

1229 2495 1262 2522 et
1287 2488 1380 2521 veris
1410 2488 1575 2522 cultibus.
1632 2487 1808 2531 Receptae
1837 2494 1918 2520 sunt
1947 2488 2209 2530 superstitiosae

1228 2539 1445 2579 traditiones,
1474 2545 1564 2577 vota,
1592 2539 1794 2579 coelibatus,
1815 2538 2017 2571 discrimina
2036 2539 2208 2579 ciborum,

1227 2589 1376 2622 vestium
1395 2597 1459 2623 etc.
1497 2587 1545 2622 Et
1562 2589 1598 2621 in
1617 2587 1670 2621 his
1688 2588 1922 2631 excogitandis
1938 2589 2044 2622 simul
2062 2597 2095 2623 et
2112 2599 2208 2625 astu-

1227 2639 1273 2674 tia
1289 2646 1322 2674 et
1337 2640 1481 2674 audacia
1500 2640 1554 2673 usi
1570 2646 1663 2673 sunt.
1714 2638 1780 2673 Est
1797 2639 1891 2672 enim
1906 2650 2043 2674 summa
2061 2642 2207 2676 audacia
