2379 2948
0 2672 6 2692 Ε
28 2655 29 2678 ἲ

110 91 209 129 1057

105 175 263 210 hostium
282 172 468 218 Evangelii
485 175 682 210 doctrinam
695 201 704 216 ,
730 175 949 216 societatem,
976 177 1093 209 consi-

105 227 156 261 lia
178 234 212 261 et
234 227 387 262 foedera.
440 224 543 259 Hanc
570 227 803 260 constantiam
832 238 934 259 verae
957 227 1093 270 profes-

102 277 214 312 sionis
230 277 309 310 ideo
326 276 469 317 recitat,
496 283 535 310 ut
557 277 756 321 exemplum
774 277 941 310 omnibus
961 289 1092 321 propo-

101 336 181 370 nat,
210 329 324 374 qualis
347 339 419 361 esse
436 328 606 361 confessio
625 329 762 363 debeat.
815 327 897 360 Non
924 329 1006 361 satis
1031 336 1091 369 est,

101 386 141 414 ut
171 380 276 413 multi
301 380 453 422 fingunt,
479 389 582 411 nosse
598 390 698 417 vera,
722 385 754 411 et
777 379 972 422 approbare
995 381 1087 423 apud

101 441 138 464 se
154 430 295 468 tacitos,
322 442 362 463 ac
376 430 508 462 interea
524 429 610 462 foris
638 429 676 461 in
699 430 956 462 consuetudine
972 427 1091 462 homi-

99 493 187 515 num
205 481 293 515 ritus
310 480 436 524 impios
453 491 590 512 servare
602 506 611 520 ‚
639 487 671 514 et
688 480 848 524 exemplo
866 481 1037 519 stabilire,
1057 487 1089 514 et

99 532 157 565 vel
185 538 322 565 mutum
351 542 440 570 esse,
481 542 560 563 cum
583 530 725 576 tyranni
754 532 798 563 ad
824 531 998 575 supplicia
1031 543 1088 565 ra-

99 582 205 627 piunt
233 582 437 617 innocentes
468 587 611 625 propter
637 582 792 615 veritatis
824 583 1088 626 professionem,

101 640 162 667 aut
179 634 355 667 colludere
373 643 453 664 cum
476 632 542 673 eis3
571 633 630 665 sed
650 633 726 666 vult
742 631 837 666 Deus
860 640 975 667 extare
1002 645 1088 667 con-

98 684 286 717 fessionem
319 681 556 724 manifestam,
599 683 688 717 sicut
717 683 766 718 ait
788 681 967 718 Christus:
1014 683 1086 727 Qui

98 734 278 778 negaverit
294 730 352 766 me
374 745 492 767 coram
519 732 744 776 hominibus,
772 736 907 778 negabo
925 747 1005 768 eum
1028 747 1086 768 co-

98 797 174 819 ram
190 791 287 829 patre
312 785 463 820 coelesti.
518 785 605 818 vult
628 793 743 819 autem
760 786 841 819 ideo
865 786 1086 820 manifestam

96 835 366 881 promissionem
391 836 466 877 edi,
492 836 648 880 primum
672 843 711 870 ut
734 837 808 880 ipse
832 837 1029 870 innotescat
1053 844 1086 870 et

97 887 308 920 celebretur:
337 886 466 920 deinde
490 894 528 921 ut
549 886 610 921 fiat
633 887 804 921 seiunctio
820 885 998 921 Ecclesiae
1017 886 1085 921 Dei

96 938 140 971 ab
156 937 274 982 impiis
291 944 323 971 et
340 935 501 971 hostibus
521 937 599 973 Dei.
652 937 731 971 Etsi
747 939 841 971 enim
862 937 1019 972 Ecclesia
1035 945 1084 972 est

96 995 214 1022 coetus
232 989 415 1032 despectus
432 988 471 1021 in
488 990 640 1029 mundo,
657 995 774 1022 tamen
792 988 888 1022 Deus
906 1001 981 1022 eam
1000 1002 1086 1022 con-

96 1039 183 1083 spici
206 1046 239 1072 et
257 1039 373 1072 audiri
389 1039 481 1080 vult,
510 1046 550 1073 ut
573 1046 786 1083 propagetur
800 1040 960 1073 doctrina
974 1067 983 1081 ‚
1010 1040 1084 1083 ipse

94 1089 293 1123 innotescat
325 1096 358 1123 et
389 1090 494 1124 multi
518 1097 687 1123 vocentur
710 1091 754 1123 ad
777 1091 937 1124 salutem.
1000 1089 1084 1124 Ideo

94 1139 258 1175 Psalmus
276 1138 334 1174 hic
351 1141 473 1175 recitat
496 1152 595 1174 suam
613 1141 887 1183 consessionem,
916 1153 1005 1186 quae
1023 1153 1085 1174 ne-

95 1192 243 1225 cessaria
275 1199 325 1226 est
348 1199 492 1235 propter
516 1192 604 1225 alios
629 1189 808 1231 homines,
836 1199 874 1225 ut
899 1192 983 1227 dixi.
1037 1190 1084 1225 Et

94 1240 161 1276 hae
184 1249 255 1276 tota
277 1242 465 1286 descriptio
489 1243 527 1275 in
543 1241 683 1275 Psalmo
708 1243 859 1287 exempli
876 1254 976 1276 causa
1001 1255 1085 1287 pro—

93 1293 207 1338 posita
227 1300 295 1332 est,
324 1300 362 1327 ut
378 1305 442 1325 nos
457 1305 533 1326 eam
549 1293 740 1327 imitemur.

196 1342 343 1387 Semper
368 1350 487 1377 autem
517 1343 772 1376 confessionem
801 1351 999 1388 sequuntur
1028 1344 1084 1376 in-

92 1394 208 1439 gentia
231 1394 386 1439 pericula
422 1401 455 1427 et
476 1394 681 1428 certamina.
744 1393 828 1427 Ideo
856 1396 1008 1437 petenda
1035 1401 1084 1428 est

91 1445 269 1486 defensio,
296 1445 385 1478 sicut
408 1442 467 1478 hic
484 1445 585 1489 petit:
615 1441 749 1477 Indica
767 1455 821 1477 me
836 1442 1018 1486 Domine,
1046 1446 1083 1478 id

92 1503 161 1540 est,
186 1497 335 1529 defende
353 1507 409 1528 me
427 1503 487 1530 tuo
506 1495 649 1529 iudicio.
702 1494 841 1529 Deinde
857 1507 998 1530 causam
1021 1497 1084 1529 ad-

93 1548 161 1582 dit:
190 1547 273 1592 quia
291 1547 458 1591 profiteor
473 1558 589 1579 veram
608 1547 824 1588 doctrinam,
852 1559 916 1580 nec
941 1547 1083 1581 colludo

92 1611 172 1633 cum
189 1595 352 1632 hostibus
369 1597 449 1631 tuis.
505 1596 600 1630 Haec
618 1609 720 1630 causa
740 1598 924 1637 recitatur,
953 1610 1026 1630 non
1044 1606 1083 1632 ut

92 1657 294 1694 opponatur
307 1648 497 1689 meritum,
524 1649 585 1680 sed
601 1655 639 1681 ut
666 1660 768 1681 causa
794 1648 943 1692 periculi
964 1655 1082 1681 osten-

91 1702 214 1735 datur:
242 1699 401 1733 Defende
427 1711 502 1737 me,
530 1698 613 1743 quia
637 1698 759 1741 ingens
777 1710 868 1731 onus
892 1700 1084 1732 confessio-

91 1751 147 1785 nis
162 1751 330 1785 sustineo.
383 1748 430 1783 Et
446 1749 482 1782 in
502 1749 564 1782 tali
582 1749 738 1793 periculo
757 1750 981 1792 peculiariter
998 1762 1081 1794 pro—

92 1802 220 1837 misisti
235 1802 474 1835 defensionem
493 1807 636 1844 propter
653 1807 748 1834 tuam
765 1800 931 1842 gloriam,
950 1807 982 1834 et
999 1813 1082 1845 pro—

90 1861 170 1899 pter
192 1852 375 1886 doctrinae
399 1852 699 1896 propagationem.
752 1849 847 1884 Haec
875 1858 925 1885 est
944 1852 1081 1895 simpli-

92 1905 228 1938 cissima
252 1903 506 1947 interpretatio.
559 1901 630 1935 Nec
647 1909 763 1935 tamen
786 1902 951 1935 meritum
979 1915 1080 1946 pror-

92 1967 151 1990 sus
178 1955 324 1998 abiici0‚
359 1955 422 1987 sed>
443 1953 508 1992 ita,
545 1959 583 1986 ut
607 1953 704 1997 prius
730 1964 878 1996 persona
903 1953 1081 1997 intelliga-

93 2013 152 2040 tur
167 2006 258 2040 iusta
282 2006 350 2039 fide
368 2017 430 2050 per
446 2004 722 2036 misericordiam
741 2011 886 2047 propter
903 2004 1079 2038 Mediato-

93 2069 178 2090 rem.
230 2055 368 2090 Deinde
394 2054 479 2089 haec
504 2055 578 2099 ipsa
595 2067 719 2098 opera,
749 2055 930 2098 diligentia
954 2055 991 2087 in
1018 2068 1081 2087 vo—

94 2107 250 2147 catione,
280 2106 475 2141 constantia
493 2106 530 2138 in
547 2106 765 2138 consessione
783 2114 814 2140 et
834 2118 950 2146 cruce,
980 2107 1081 2139 labor

93 2159 132 2192 in
148 2158 305 2192 docendo
318 2185 327 2198 ,
355 2165 387 2191 et
408 2157 603 2191 refutandis
620 2157 846 2197 adversariis,
875 2164 956 2190 sunt
973 2157 1080 2190 sacri-

93 2209 171 2243 ficia
194 2209 274 2242 Deo
300 2218 393 2250 grata
414 2215 446 2242 et
469 2207 695 2252 amplissimis
721 2209 885 2253 praemiis
912 2220 1080 2252 compen-

93 2266 228 2295 santur.
282 2258 418 2292 'Multae
441 2266 522 2292 sunt
541 2266 657 2293 autem
685 2259 908 2292 dulcissimae
930 2260 1082 2303 amplifi-

95 2311 267 2345 cationes:
312 2309 423 2352 Fugio
459 2310 654 2343 doctrinam
692 2308 846 2345 hostium
882 2309 1080 2354 Evangelii,

95 2361 386 2406 gubernationem
405 2367 438 2394 et
455 2361 620 2394 sacrificia
637 2374 771 2395 eorum.
824 2360 980 2395 Econtra
998 2374 1080 2394 vero

95 2425 215 2447 vocem
233 2419 312 2446 tuae
329 2412 462 2449 laudis,
490 2411 527 2443 id
544 2418 614 2452 est,
639 2425 756 2446 veram
775 2413 971 2446 doctrinam
984 2440 993 2453 ,
1019 2425 1080 2445 au-

95 2464 155 2497 dio
173 2470 207 2497 et
222 2464 348 2503 doceo,
375 2469 409 2496 et
426 2462 504 2495 aliis
522 2474 640 2506 narr0,
667 2471 699 2497 et
715 2464 825 2507 diligo
844 2471 938 2497 tuam
958 2462 1081 2497 Eccle-

95 2515 204 2555 siam,
229 2515 265 2547 id
283 2521 352 2554 est,
369 2515 412 2546 ad
428 2510 519 2546 hanc
536 2513 743 2553 fovendam,
759 2515 961 2556 iuvandam,
979 2522 1083 2549 tuen-

96 2566 178 2599 dam
195 2566 307 2598 refero
325 2564 460 2602 studia,
487 2564 632 2597 consilia
651 2571 683 2597 et
705 2565 843 2599 labores
859 2578 965 2601 meos,
1006 2565 1083 2600 Sic-

96 2623 136 2650 ut
161 2616 255 2649 enim
280 2616 433 2660 primum
456 2621 678 2659 praeceptum
704 2623 769 2649 est:
803 2615 938 2664 Diligas
957 2617 1083 2650 Domi-

99 2678 185 2701 num
199 2666 315 2700 Deum
340 2673 440 2700 tuum
459 2678 499 2699 ex
519 2673 591 2699 toto
609 2666 730 2700 corde:
762 2667 811 2701 ita
830 2678 1008 2702 summum
1033 2674 1084 2701 est

151 2719 326 2751 MELANTH.
357 2720 459 2751 Oeen.
487 2719 569 2750 Vm„
599 2717 692 2750 XIII.

714 89 777 126 IX.
830 87 1195 128 COMMENTARII
1223 90 1273 126 IN
1300 89 1542 129 PSALMOS.

1109 920 1112 949 Ι

2041 99 2138 137 1058

1144 177 1305 211 omnium
1333 189 1480 221 operum
1503 179 1634 213 discere
1657 181 1805 215 verbum
1829 179 1916 226 Dei,
1950 191 1984 219 et
2008 193 2046 220 ut
2072 199 2134 222 suo

1144 228 1292 273 quisque
1314 228 1390 262 loco
1415 230 1510 264 iuvet
1532 232 1802 275 propagatione,
1829 241 1931 268 ornet
1956 242 1989 270 et
2012 238 2133 271 defen-

1143 280 1204 312 dat
1229 279 1466 312 ministerium
1492 293 1594 314 verae
1620 283 1823 324 doctrinae,
1848 285 1963 319 foveat
1986 299 2132 322 concor-

1143 330 1238 362 diam
1257 341 1359 362 verae
1373 328 1570 370 Ecclesiae,
1599 333 1765 369 defendat
1787 346 1881 377 eam,
1905 342 1939 370 et
1962 339 2132 382 reprimat

1142 381 1371 416 adversarios.

1244 438 1286 472 In
1316 445 1494 484 postremo
1520 453 1624 475 versu
1650 443 1770 477 addita
1804 451 1853 478 est
1878 458 1978 480 causa
2003 448 2129 488 finalis,

1140 502 1203 524 cur
1222 497 1316 535 petat
1332 491 1483 532 servari,
1511 492 1673 527 videlicet
1686 520 1696 535 ,
1722 501 1760 528 ut
1786 495 1822 527 in
1838 495 2003 531 Ecclesiis
2021 499 2130 532 bene—

1142 541 1234 575 dicat
1252 541 1418 574 Domino.
1473 541 1588 576 Huius
1606 556 1727 577 causae
1749 545 1786 578 fit
1804 548 1935 580 mentio
1958 548 1995 581 in
2014 550 2129 593 pluri-

1139 592 1206 626 mis
1221 591 1388 635 Psalmis,
1417 593 1479 625 ubi
1496 594 1595 627 addit
1611 605 1646 628 se
1663 592 1755 628 hanc
1773 597 1918 638 gratiam
1933 599 2127 634 relaturum

1140 655 1212 676 esse
1229 655 1292 687 pro
1311 643 1481 677 beneficio
1497 651 1637 688 accepto
1650 672 1658 688 ‚
1688 646 1851 680 videlicet
1876 655 1915 681 ut
1931 650 2126 684 doctrinam

1138 694 1244 727 latius
1259 701 1416 739 spargat,
1442 701 1481 728 ut
1497 693 1773 730 Psalmus118.:
1801 696 1881 730 Non
1898 700 2041 741 moriar,
2067 703 2126 735 sed

1139 745 1275 786 vivam,
1309 752 1342 778 et
1367 746 1520 779 narrabo
1544 758 1649 790 opera
1675 746 1832 782 Domini,
1888 747 1938 782 Ita
1963 747 2021 783 hic
2045 763 2128 794 pro—

1137 796 1246 830 mittit
1268 797 1361 829 idem
1380 797 1552 829 officium:
1583 796 1625 830 In
1641 795 1808 831 Ecclesiis
1832 799 2037 834 benedicam
2053 800 2128 835 Do-

1136 847 1256 891 mino,
1284 847 1364 880 Tuo
1390 847 1505 881 coetui
1531 860 1727 891 proponam
1746 850 1893 883 verbum
1916 858 2036 896 tuum,
2064 854 2128 886 do-

1137 899 1222 931 cebo
1247 905 1280 932 et
1304 898 1520 932 confirmabo
1548 899 1654 940 alios,
1681 906 1720 933 ut
1749 897 1912 934 Christus
1939 903 2126 948 praecipit:

1137 947 1184 982 Et
1202 956 1239 983 tu
1255 961 1445 983 conversus
1463 950 1632 983 confirma
1650 951 1774 984 fratres
1791 958 1881 985 tuos.

1278 1069 1620 1114 Argumentum
1647 1079 1698 1102 ac
1727 1067 1988 1113 dispositio

1442 1135 1602 1174 Psalmi
1639 1134 1827 1175 XXVII.

1188 1217 1374 1250 Dominus
1416 1217 1646 1250 illuminatio
1682 1227 1767 1250 mea
1809 1221 1844 1250 et
1881 1218 1985 1252 salus
2020 1230 2126 1264 mea,

1189 1278 1293 1311 quem
1306 1266 1462 1302 timebo?
1480 1268 1667 1303 Dominus
1680 1272 1870 1312 protector
1888 1271 1991 1303 vitae
2009 1281 2126 1312 meae,

1191 1329 1214 1351 α
1239 1329 1307 1363 quo
1334 1317 1552 1363 trepidabo?

1226 1393 1386 1427 Precatio
1405 1402 1454 1428 est
1471 1394 1715 1429 ardentissima
1733 1400 1767 1427 et
1782 1405 1908 1438 magna
1926 1396 2127 1431 adfectuum

1138 1444 1305 1477 varietate
1321 1445 1544 1489 amplificata:
1561 1445 1690 1479 mixtae
1707 1451 1789 1478 sunt
1807 1447 2000 1488 gratiarum
2017 1449 2128 1482 actio-

1137 1506 1218 1538 nes,
1247 1496 1518 1539 promissiones,
1535 1502 1567 1529 et
1587 1503 1767 1540 praecepta
1786 1496 1828 1529 de
1848 1497 1933 1537 fide,
1950 1500 2009 1531 sed
2025 1500 2127 1543 prin-

1137 1545 1260 1590 cipalis
1281 1547 1404 1590 petitio
1428 1554 1499 1588 est,
1527 1554 1566 1580 ut
1589 1553 1748 1580 servetur
1770 1558 1840 1580 una
1861 1560 1939 1581 cum
1957 1547 2127 1591 Ecclesia,

1136 1597 1226 1630 sicut
1251 1609 1315 1630 nos
1340 1610 1435 1631 nunc
1459 1605 1575 1640 petere
1598 1598 1782 1631 debemus:
1810 1596 1938 1631 Unum
1954 1595 2022 1633 hoc
2037 1600 2129 1647 petii

1136 1659 1159 1679 α
1177 1645 1362 1688 Domino,
1391 1652 1429 1680 ut
1447 1645 1608 1680 habitem
1625 1647 1664 1680 in
1681 1645 1788 1680 domo
1802 1645 1966 1682 Domini
1978 1662 2125 1699 semper,

1136 1702 1166 1730 e!
1183 1698 1321 1731 visitem
1341 1697 1514 1745 templum
1532 1698 1627 1736 eius,
1656 1699 1692 1730 id
1717 1706 1783 1739 est,
1811 1706 1850 1732 ut
1873 1701 1968 1733 salva
1989 1702 2035 1735 sit
2056 1701 2126 1736 Ec-

1137 1749 1259 1789 clesia,
1287 1756 1319 1782 et
1341 1761 1406 1782 nos
1423 1761 1493 1782 una
1511 1761 1591 1782 cum
1609 1746 1765 1782 Ecclesia
1786 1760 1976 1786 servemur.
2029 1751 2126 1787 Haec

1135 1801 1306 1834 sententia
1324 1801 1533 1844 amplificata
1551 1807 1602 1833 est
1616 1799 1689 1833 Dei
1705 1800 2018 1844 promissionibus.-
2040 1801 2126 1836 Do-

1135 1850 1257 1884 minus
1283 1855 1332 1884 est
1359 1849 1428 1884 lux
1451 1863 1550 1890 mea,
1589 1851 1625 1883 id
1644 1857 1713 1891 est,
1743 1852 1954 1886 consolator.
2009 1851 2125 1900 Quem

1137 1902 1252 1947 igitur
1285 1901 1443 1936 timebo?
1477 1903 1512 1935 id
1548 1902 1801 1944 interrogative
1836 1902 2024 1945 legendum
2062 1913 2124 1942 est.

1134 1952 1197 1987 Est
1215 1954 1308 1986 enim
1334 1953 1524 1987 sententia:
1552 1953 1627 1986 Deo
1651 1959 1874 1996 protegente,
1902 1966 1974 1987 non
1999 1955 2125 1989 formi-

1135 2005 1285 2037 dandam
1305 2016 1376 2037 esse
1392 2005 1502 2037 ullam
1518 2001 1674 2037 hostium
1692 2004 1899 2047 potentiam.

1238 2054 1317 2089 Alia
1336 2055 1559 2099 amplificatio
1585 2055 1629 2088 ab
1652 2053 1806 2088 hostium
1824 2055 1961 2088 viribus
1977 2061 2010 2088 et
2027 2057 2124 2091 rabie

1134 2113 1246 2140 sumta
1265 2114 1333 2144 est,
1361 2118 1440 2139 cum
1458 2107 1522 2140 ait:
1563 2109 1608 2140 Ut
1625 2103 1736 2138 edant
1756 2116 1900 2138 carnem
1917 2116 2047 2142 meam.

1228 2156 1309 2191 Alia
1327 2158 1553 2201 amplificatio
1569 2164 1683 2191 sumta
1703 2164 1752 2190 est
1768 2169 1785 2190 a
1801 2157 2014 2190 desertione:
2029 2154 2121 2190 Sum

1133 2206 1253 2249 solus,
1290 2210 1431 2242 deseror
1463 2209 1567 2242 etiam
1596 2208 1641 2241 ab
1670 2208 1807 2241 intimis
1842 2207 1973 2240 amicis.
2026 2207 2120 2241 Haec

1134 2260 1274 2304 querela
1299 2260 1336 2292 in
1358 2260 1551 2293 levioribus
1575 2259 1750 2302 negociis,
1787 2259 1890 2291 etiam
1915 2256 2121 2302 prophano-

1133 2323 1211 2343 rum
1235 2309 1422 2344 hominum
1448 2311 1574 2344 usitata
1594 2316 1661 2353 est,
1690 2317 1729 2342 ut
1753 2309 1899 2342 dicitur:
1936 2308 2120 2354 Nusquam

1134 2368 1207 2395 tuta
1240 2362 1344 2400 fides,
1379 2363 1437 2395 sed
1476 2361 1586 2394 multo
1615 2360 1773 2393 crebrior
1806 2366 1855 2393 est
1888 2359 1925 2391 in
1952 2358 2119 2395 Ecclesia.

1136 2412 1254 2454 Quare
1277 2413 1404 2456 passim
1424 2413 1461 2444 in
1478 2411 1627 2444 Psalmis
1651 2411 1837 2454 repetitur,
1866 2417 1906 2443 ut
1931 2409 2022 2443 Psal.
2042 2409 2118 2446 41.:

1135 2462 1252 2496 Homo
1271 2464 1363 2507 pacis
1380 2475 1475 2496 meae
1493 2462 1530 2494 in
1547 2474 1617 2506 quo
1635 2462 1792 2505 speravi,
1820 2461 1881 2506 qui
1905 2461 2031 2495 edebat
2055 2474 2118 2510 pa-

1136 2526 1197 2548 nes
1232 2525 1346 2553 meos,
1382 2512 1621 2556 magnificavit
1652 2523 1757 2556 super
1782 2523 1839 2544 me
1863 2512 2121 2556 supplantatio-

1137 2578 1228 2599 nem.
1282 2563 1329 2597 Et
1352 2563 1564 2609 experientia
1589 2563 1795 2608 quotidiana
1819 2569 1967 2597 testatur
1989 2564 2120 2597 multos

1136 2616 1286 2660 experiri
1302 2615 1386 2648 tales
1402 2615 1636 2656 desertiones,
1663 2615 1724 2659 qui
1747 2615 1900 2658 legentes
1923 2612 2015 2648 hanc
2036 2627 2121 2647 con-

1136 2667 1344 2701 solationem
1367 2667 1405 2699 in
1429 2665 1601 2705 Psalmis,
1626 2665 1737 2700 sciant
1759 2665 1828 2700 sihi
1852 2665 2121 2710 promissionem

1571 2715 1621 2751 67
