2379 2948
141 98 213 136 485
773 97 837 134 IV.

141 180 228 219 οὐδὲ
260 180 279 218 ὃ
304 180 350 218 τὰ
373 180 534 229 φίλτατα
561 180 625 218 καὶ
654 179 860 218 οἰκειότατα
893 179 1048 227 σώματα
1078 181 1130 229 μὴ

141 233 326 282 στέργων,
355 231 531 268 οἰδίποτε
548 232 647 278 ὑμᾶς
665 232 746 277 περὶ
762 231 927 272 πλείονος
943 232 1129 279 ποιήσεται

140 284 163 331 ἢ
176 284 263 324 τούς
279 282 513 330 ἀλλοτρίους,
542 282 633 318 οὐδέ
647 296 688 325 γε
704 281 723 317 ὁ
747 281 826 318 ἰδία
851 281 1030 329 πονηρὸς,
1060 283 1129 319 οὐκ

141 337 277 371 &mro-ce
292 334 436 384 γίνοιτο
452 332 613 379 δημοσία
627 331 798 379 χρηστὸς,
812 331 896 368 οὐδ’
909 332 1009 373 ὅστις
1027 332 1127 369 ἐστὶν

141 387 234 422 οἴκοι
262 388 421 433 φαῦλος,
450 383 596 419 οὐδέπω
618 383 647 418 τ’
671 380 718 429 ἦν
742 383 781 419 ἐν
803 382 1010 430 pandoria
1030 384 1126 419 κατὰ

139 436 207 483 τὴν
223 435 422 484 πρεσβείαν
437 433 547 473 καλὸς
566 432 760 482 κάγαθὸς,
788 433 832 469 οὐ
853 433 928 482 γὰρ
952 434 1019 470 τὸν
1041 433 1127 483 ’τρό-

139 501 231 532 πον,
258 486 350 522 ἀλλὰ
367 485 433 520 τὸν
447 481 563 519 τόπον
575 481 785 530 μετήλλαξε.

241 537 409 573 Definitio
436 546 580 580 prorsus
610 533 668 569 hic
699 536 872 579 significat
902 537 995 570 idem
1027 537 1124 582 quod

139 589 341 623 dialecticis.
396 585 442 621 Ut
455 586 550 619 enim
568 587 604 619 in
625 588 810 631 probando
828 588 979 632 plurima
1003 599 1042 621 ac
1065 588 1124 620 fir-

138 640 293 674 missima
315 644 520 681 argumenta
547 650 587 671 ex
613 638 899 679 definitionibus,
932 639 979 673 ita
1004 638 1041 671 in
1065 651 1122 672 or-

138 691 257 724 nando
282 700 383 732 saepe
407 695 525 732 aperte
548 689 694 733 ponitur
718 689 897 727 definitio,
929 696 968 723 ut
992 689 1123 722 Demo-

138 739 277 775 sthenes
299 739 410 782 legem
428 738 551 773 definit
564 746 685 772 contra
704 738 996 782 Aristogitonem.
1050 738 1123 772 Ae-

136 789 274 825 schines
297 790 420 823 definit
443 790 579 823 bonum
606 790 717 822 civem
743 797 940 823 versantem
962 790 998 823 iu
1018 802 1122 834 repu—

134 842 237 877 blica.
290 840 414 875 Cicero
430 840 467 873 in
492 841 567 884 lege
591 839 740 883 Agraria
768 841 890 875 definit
914 841 1120 885 popularem

135 892 335 933 consulem,
362 903 425 936 pro
447 891 522 934 lege
540 890 689 924 Manilia
715 892 838 926 definit
859 893 1121 936 imperatorem,

134 955 198 987 pro
215 942 335 977 Sextio
352 942 475 975 definit
489 942 686 987 optimates.
729 941 776 976 Et
793 943 926 976 multae
941 949 1023 976 sunt
1040 944 1119 975 bre-

134 1005 193 1026 ves
209 993 432 1027 definitiones
449 993 486 1026 in
502 993 740 1034 ornamentis,
767 993 804 1026 in
825 993 954 1038 quibus
974 994 1120 1027 virtutes

135 1056 154 1077 a
176 1044 303 1078 vicinis
326 1043 426 1077 viciis
454 1044 722 1082 discernuntur,
756 1052 809 1078 ut:
843 1044 1030 1078 Fortitudo
1056 1050 1119 1084 est,

134 1106 224 1140 quae
243 1107 321 1128 cum
338 1092 483 1128 honesta
500 1095 636 1129 ratione
647 1095 1008 1139 suscipitpericulum.
1037 1094 1118 1127 Non

134 1153 186 1180 est
201 1146 393 1185 fortitudo,
419 1146 480 1179 sed
494 1146 690 1186 temeritas,
715 1146 791 1178 sine
812 1143 957 1179 honesta
983 1146 1119 1178 ratione

133 1196 331 1240 periculum
350 1196 458 1229 adire.
484 1195 526 1229 In
542 1195 707 1229 Pisonem
726 1197 977 1240 interpretatur
992 1197 1118 1229 furias:

135 1246 253 1280 Nolite
269 1247 363 1280 enim
383 1253 506 1290 putare
521 1246 561 1280 P.
580 1246 618 1281 C.
637 1253 676 1280 ut
692 1247 729 1279 in
754 1259 856 1280 scena
882 1247 1025 1287 videtis,
1055 1245 1119 1279 lio-

134 1297 247 1326 mines
262 1298 515 1330 consceleratos
537 1297 693 1341 impulsu
719 1298 886 1337 deorum,
914 1298 1036 1330 terreri
1063 1298 1119 1330 su-

132 1344 266 1377 rlarum
285 1343 374 1377 tedis
385 1342 602 1381 ardentibus,
629 1345 699 1376 blla
712 1358 876 1388 quenque
890 1348 997 1384 fraus,
1015 1359 1118 1379 sunm

132 1395 287 1434 facinus,
314 1405 417 1427 suum
433 1393 564 1431 scelus,
592 1404 653 1426 sua
673 1394 819 1427 audacia
838 1395 881 1427 de
906 1395 1054 1428 sanitate
1080 1407 1119 1427 ae

133 1452 250 1479 mente
267 1444 443 1478 deturbat.
497 1443 572 1478 Hae
588 1452 670 1478 sunt
687 1444 878 1489 impiorum
897 1445 1027 1486 furiae,
1053 1443 1119 1478 hae

132 1496 315 1536 flammae,
344 1492 410 1528 hae
426 1495 529 1530 faces.
558 1494 627 1528 Pro
644 1494 781 1529 Coelio:
811 1496 921 1530 Aliud
944 1503 994 1529 est
1012 1497 1119 1529 male-

134 1546 268 1585 dicere,
292 1545 387 1579 aliud
405 1557 568 1579 accusare
596 1552 660 1581 etc.
713 1545 778 1580 Est
796 1553 829 1580 et
850 1544 916 1580 hoc
934 1559 974 1580 ex
992 1547 1119 1579 defini—

132 1597 230 1630 tione
263 1603 455 1640 sumptnm.
521 1595 750 1639 Magistratus
781 1596 842 1631 Dii
883 1598 1120 1642 appellantur,

133 1659 215 1680 nam
240 1645 306 1681 Dei
335 1646 524 1691 appellatio
555 1656 606 1680 est
628 1648 789 1682 definitio
812 1650 984 1693 quaedam
1009 1649 1120 1691 magi-

133 1705 279 1738 stratuS,
305 1709 387 1740 ergo
404 1697 537 1731 dehent
555 1709 609 1730 res
629 1698 768 1732 divinas
784 1699 821 1731 in
839 1699 962 1739 terris,
989 1700 1120 1733 scilicet

131 1749 224 1792 leges
239 1755 273 1783 et
289 1748 476 1791 religiones
494 1748 598 1784 tueri.

489 1833 549 1868 De
573 1832 771 1868 divisione.

232 1899 448 1936 Distributio
474 1899 609 1935 Graece
630 1900 808 1948 μερισμὸς
840 1913 919 1935 cum
943 1908 1057 1936 totum
1082 1901 1117 1934 in

133 1960 248 1997 partes
273 1961 332 1986 aut
357 1953 514 1986 membra
540 1953 733 1997 partimur,
770 1961 823 1986 ut:
858 1952 950 1986 Tota
975 1965 1029 1986 res
1052 1965 1118 1996 pu—

132 2004 222 2036 blica
238 2004 468 2047 periclitatur.
521 2002 728 2048 Principum
744 2003 916 2037 autoritas
930 2004 1117 2037 labefacta-

132 2061 208 2093 tur,
234 2052 458 2097 Optimatum
478 2054 627 2087 consilia
643 2055 888 2098 repudiantur,
917 2053 1022 2086 Plebs
1043 2065 1115 2085 non

133 2104 265 2147 patitur
282 2116 316 2137 se
336 2105 411 2138 iure
428 2117 465 2138 ac
483 2105 619 2148 legibus
636 2105 720 2148 regi.
773 2104 859 2138 Sine
877 2104 1021 2138 scientia
1038 2104 1115 2137 lite-

133 2166 251 2187 rarum
270 2166 341 2187 non
358 2164 504 2199 possunt
520 2155 632 2189 teneri
650 2155 879 2199 respublicae.
925 2154 1005 2188 Non
1021 2156 1114 2187 enim

133 2211 280 2249 possunt
305 2206 397 2238 tradi
417 2207 621 2249 religiones,
652 2206 798 2239 retineri
831 2206 923 2249 leges
945 2213 978 2239 et
1001 2206 1115 2238 civilis

134 2256 322 2299 disciplina
350 2257 424 2289 sine
448 2257 569 2290 literis.
622 2256 740 2290 Facile
757 2264 824 2298 est,
852 2257 989 2291 infinita
1010 2254 1114 2289 huius

132 2307 268 2339 formae
292 2307 447 2350 exempla
470 2308 632 2351 reperire.
690 2306 830 2341 Cicero:
868 2308 968 2341 Haec
999 2308 1114 2340 studia

133 2357 406 2390 adolescentiam
430 2365 556 2400 agunt,
591 2365 804 2392 senectutem
829 2359 1027 2398 oblectant,
1061 2370 1115 2391 se-

133 2409 266 2441 cundas
283 2420 337 2441 res
355 2415 495 2448 ornant,
514 2409 667 2441 adversis
684 2410 881 2452 perfugium
900 2417 932 2444 et
949 2409 1113 2443 solatium

134 2459 315 2503 praebent.
376 2458 535 2492 Pertinet
557 2456 624 2492 huc
647 2466 679 2492 et
702 2457 885 2499 διάλυσις,
919 2468 958 2494 ut
982 2461 1115 2493 iudices

134 2510 261 2554 partim
280 2510 409 2553 gratia,
437 2509 563 2554 partim
582 2510 728 2552 pecunia
746 2513 902 2555 corrupti
919 2519 1013 2546 sunt.

235 2559 426 2604 Congeries
443 2560 584 2605 quando
611 2559 728 2603 plures
751 2563 880 2604 species
906 2574 1116 2595 coacervan-

135 2618 213 2650 tur,
238 2618 279 2645 ut
300 2613 391 2655 apud
411 2611 604 2646 Salustium
623 2610 667 2642 de
683 2609 853 2645 Catilina:
884 2612 1035 2646 Animus
1053 2625 1117 2646 au-

137 2663 223 2701 dax,
254 2662 444 2702 subdotus,
477 2662 613 2701 varius,
646 2661 833 2696 cuiuslibet
860 2663 909 2695 rei
935 2664 1119 2696 simulator

891 95 1167 133 ELEMENTA
1195 96 1533 140 RHETORICES.

2096 110 2171 147 486

1182 194 1222 217 ac
1238 182 1491 226 dissimulator,
1511 186 1619 221 alieni
1633 196 1812 234 appetens,
1847 188 1909 226 Est
1927 199 1962 227 et
1979 191 2106 230 Roma.
2120 198 2167 231 1.:

1182 233 1312 267 Plenos
1329 236 1426 268 omni
1445 236 1638 280 iniustitia,
1661 241 1811 287 malicia,
1828 243 1919 276 dolis
1936 251 2000 279 etc.
2036 243 2166 279 Plenae

1180 291 1263 318 sunt
1282 285 1376 317 enim
1395 297 1511 319 sacrae
1527 288 1648 322 literae
1663 300 1953 327 ornamentorum
1972 296 2087 328 omnis
2107 307 2166 338 ge-

1180 335 1286 370 neris.
1340 334 1468 368 Graeci
1488 344 1613 371 vocant
1637 338 1941 389 συνάθροισμον,
1966 357 2071 390 quam
2101 359 2164 380 nos

1180 385 1378 429 congeriem
1399 387 1627 430 appellamus

1283 434 1547 470 Incrementum
1565 444 1616 472 est
1630 450 1709 472 cum
1727 452 1800 474 non
1816 443 1972 478 eiusdem
1989 445 2163 489 significa-

1180 486 1287 519 tionis
1304 487 1409 520 verha
1427 488 1696 531 coniungimus,
1722 492 1778 523 sed
1799 504 1859 535 per
1876 497 2004 537 gradus
2018 498 2063 530 ab
2080 498 2161 530 infi-

1172 537 1246 570 -mis
1264 538 1306 570 ad
1319 548 1454 571 summa
1469 538 1573 579 imus,
1583 546 1621 573 ut
1632 541 1812 583 percussit,
1827 546 2006 584 sauciavit,
2023 549 2162 584 occidit.

1178 586 1297 631 Scipio
1308 590 1401 633 apud
1412 588 1572 622 Livium:
1590 589 1677 630 fudi,
1693 591 1823 633 fugavi,
1851 592 2019 638 Hispania
2032 600 2160 642 expuli.

1177 636 1255 672 Hoc
1275 637 1414 672 schema
1440 640 1599 674 imitatur
1623 641 1786 675 ordinem
1813 655 1995 678 causarum
2021 655 2053 681 et
2076 650 2160 682 effe-

1178 694 1310 722 ctnum.
1354 689 1477 734 Neque
1504 690 1542 725 fit
1559 697 1698 725 tantum
1720 692 1756 724 in
1774 693 1923 735 singulis
1939 697 2074 736 verbis,
2099 702 2159 732 sed

1177 739 1280 772 etiam
1295 740 1457 784 pluribus
1467 741 1645 782 membris,
1660 749 1699 776 ut
1715 745 1806 786 apud
1819 743 2042 780 Ciceronem:
2060 747 2161 782 Faci—

1176 801 1243 823 nus
1260 798 1309 824 est
1325 791 1460 824 vincire
1476 793 1585 824 civem
1596 791 1813 835 Romanum,
1839 796 1950 830 scelus
1967 798 2162 840 verberare,

1175 841 1405 883 parricidium
1431 854 1566 875 necare.
1620 842 1851 887 Sacrilegium
1875 854 1924 881 est
1946 848 2100 892 diripere
2121 862 2159 884 ac

1175 891 1345 935 dissipare
1362 893 1454 925 bona
1470 891 1709 927 Ecclesiarum
1721 921 1730 935 ,
1758 897 1985 937 parricidium
2006 906 2055 932 est
2070 900 2161 934 fame

1174 954 1298 975 necare
1318 943 1465 976 miseros
1490 950 1667 987 pastores,
1694 945 1824 990 quibus
1841 959 1879 980 ex
1900 948 1970 982 illis
1987 949 2090 984 bonis
2108 951 2161 984 vi-

1173 999 1249 1026 ctus
1266 993 1473 1028 debebatur.

1554 1082 1611 1114 Ex
1639 1083 1774 1116 causis.

1274 1141 1488 1191 Αἶτιολογία
1514 1152 1564 1179 est
1588 1157 1666 1178 cum
1692 1157 1831 1179 causam
1857 1148 2066 1191 recitamus,
2103 1158 2159 1185 ut:

1174 1195 1211 1229 Si
1229 1195 1314 1240 quid
1333 1202 1382 1228 est
1399 1196 1436 1228 in
1453 1207 1507 1228 me
1525 1195 1659 1239 ingenii
1680 1197 1832 1238 iudices,
1859 1198 1935 1232 iure
1950 1201 2076 1244 repetit
2089 1199 2160 1234 Ar-

1173 1244 1269 1279 chias
1291 1247 1444 1279 fructum
1467 1258 1626 1279 meorum
1651 1249 1862 1281 studiorum.
1915 1249 2085 1295 Sequitur
2102 1263 2160 1284 ra-

1174 1297 1235 1337 tio,
1260 1297 1342 1341 quia
1361 1294 1512 1329 Archias
1531 1297 1598 1330 fuit
1615 1295 1704 1330 mihi
1723 1305 1826 1331 autor
1842 1301 2055 1344 suscipiendi
2074 1299 2159 1335 haec

1354 1346 1433 1377 Huc
1455 1347 1606 1388 pertinet
1628 1345 1878 1393 δικαιολογία,
1904 1361 1983 1382 cum
2006 1351 2160 1396 aliquam

1173 1394 1279 1427 officii
1312 1394 1485 1427 rationem
1527 1395 1756 1439 exponimuS,
1796 1404 1857 1431 aut
1891 1401 2162 1440 excusationem,

1173 1446 1269 1490 quod
1292 1445 1456 1478 videlicet
1481 1445 1575 1484 iure,
1611 1447 1706 1491 quod
1732 1444 1877 1482 honeste
1900 1450 2089 1493 faciamus,
2122 1460 2162 1486 ut

1173 1508 1376 1541 quanquam
1394 1502 1445 1529 est
1462 1496 1612 1536 amicus,
1640 1504 1758 1530 tamen
1781 1499 1879 1533 decet
1901 1501 2076 1536 amicitiae
2103 1515 2161 1536 ve·

1174 1547 1311 1580 ritatem
1328 1547 1514 1581 anteferre.
1569 1547 1670 1581 Talia
1687 1555 1769 1583 sunt
1786 1556 1817 1583 et
1834 1559 2055 1592 ornamenta,
2071 1565 2160 1598 quae

1174 1610 1214 1631 ex
1233 1597 1403 1643 cuiusque
1423 1598 1539 1631 officio
1564 1605 1775 1640 sumuntur,
1803 1612 1873 1645 quo
1896 1613 2022 1645 genere
2047 1605 2163 1648 pluri-

1175 1661 1272 1682 mum
1289 1649 1436 1689 utimur,
1464 1655 1519 1682 ut:
1547 1647 1715 1693 Episcopi
1731 1657 1782 1684 est
1799 1663 1922 1685 sanare
1939 1659 1971 1686 et
1988 1655 2160 1698 explicare

1173 1699 1378 1733 dubitantes
1392 1699 1645 1744 conscientias,
1673 1712 1747 1733 non
1766 1702 1875 1735 armis
1890 1701 2064 1738 Ecclesias
2088 1706 2161 1739 dis-

1171 1750 1298 1795 sipare.

1277 1800 1395 1834 Asfine
1413 1806 1463 1833 est
1486 1797 1713 1846 ἀναγκαῖον,
1739 1812 1818 1834 cum
1843 1802 2014 1846 allegatur
2040 1817 2159 1839 neces·

1173 1852 1274 1892 sitas,
1301 1863 1412 1896 qnae,
1446 1857 1483 1884 ut
1506 1857 1659 1892 constat,
1684 1851 1898 1893 singularem
1926 1854 1996 1887 vim
2023 1857 2159 1889 delibe-

1173 1902 1374 1935 rationibus
1391 1898 1514 1941 habet,
1541 1908 1578 1934 ut
1603 1901 1640 1934 in
1664 1903 1835 1936 concione
1854 1905 2041 1939 Annibalis
2065 1907 2156 1940 libro

1172 1953 1287 1996 primo
1314 1951 1460 1984 secundi
1483 1951 1566 1984 belli
1585 1951 1723 1985 Punici.
1764 1954 1840 1986 Illis
1857 1954 1991 1987 timidis
2010 1964 2041 1990 et
2058 1957 2157 2001 igna-

1171 2002 1224 2035 vis
1249 2013 1322 2035 esse
1350 2001 1450 2039 licet,
1484 2001 1545 2046 qui
1578 2010 1756 2047 receptum
1787 2001 1937 2046 habent,
1971 2008 2071 2040 vobis
2093 2020 2155 2042 ne-

1171 2064 1263 2086 cesse
1288 2060 1336 2086 est
1360 2052 1510 2085 sortibus
1535 2053 1620 2085 viris
1642 2065 1732 2094 esse,
1765 2055 1894 2099 quibus
1920 2057 1962 2089 ad
1987 2058 2154 2101 effugium

1168 2102 1260 2136 nihil
1282 2110 1331 2136 est
1348 2103 1537 2147 reliquum.
1589 2102 1679 2137 Cum
1700 2105 1917 2149 impossibile
1940 2107 1983 2139 sit
2009 2119 2063 2141 res
2088 2121 2155 2152 pu-

1169 2155 1279 2188 blicas
1314 2154 1460 2187 retineri
1491 2154 1568 2186 sine
1604 2154 1786 2189 literarum
1815 2155 1979 2195 scientia,
2016 2170 2154 2192 necesse

1167 2212 1218 2239 est
1240 2205 1482 2248 magistratus,
1522 2205 1640 2238 studia
1671 2206 1853 2239 literarum
1877 2206 2025 2240 excitare
2047 2216 2152 2254 atque

1165 2268 1384 2290 conservare.

1272 2306 1474 2340 Translatio
1490 2302 1712 2350 μετάστασις
1727 2312 1880 2347 vocatur,
1907 2319 1987 2340 cum
2002 2308 2151 2343 alicuius

1166 2358 1217 2392 rei
1233 2370 1335 2392 causa
1353 2358 1535 2391 confertur
1551 2357 1588 2389 in
1611 2357 1728 2390 locum
1751 2357 1967 2399 digniorem,
1994 2366 2055 2392 aut
2076 2372 2151 2393 ma-

1167 2410 1219 2452 gis
1246 2410 1470 2453 profuturum
1496 2407 1646 2447 dicenti,
1680 2413 1718 2440 ut
1741 2405 1863 2440 Cicero
1889 2420 1952 2452 pro
1976 2408 2147 2444 Marcello

1168 2458 1331 2494 hortatur
1346 2459 1541 2496 Caesarem,
1568 2464 1605 2490 ut
1624 2463 1763 2490 tueatur
1778 2458 1897 2499 vitam,
1921 2471 1994 2492 non
2012 2466 2148 2494 tantum

1168 2523 1229 2545 sua
1254 2523 1374 2550 causa,
1410 2510 1468 2542 sed
1495 2507 1709 2551 reipublicae
1737 2520 1858 2550 causa,
1893 2510 1975 2555 quia
1999 2512 2149 2544 maxime

1169 2562 1328 2606 expediat
1344 2559 1556 2603 reipublicae
1574 2558 1688 2602 ipsum
1706 2558 1835 2595 vivere.
1864 2568 1866 2570 '
1889 2559 1977 2593 Tale
2000 2569 2051 2595 est
2072 2560 2150 2603 hoc,

1169 2625 1239 2657 quo
1255 2623 1319 2644 nos
1334 2622 1435 2654 saepe
1451 2610 1598 2643 utimur.
1633 2607 1728 2643 Haec
1745 2610 1860 2644 studia
1876 2611 2057 2645 literarum
2077 2625 2148 2645 non

1169 2670 1305 2696 tantum
1322 2662 1365 2693 ad
1390 2661 1563 2725 privatam
1584 2660 1770 2695 utilitatem
1797 2662 1998 2705 pertinent,
2024 2663 2083 2695 sed
2109 2665 2153 2696 ad

1477 2710 1522 2743 31

1173 1347 1301 1378 studia.
