2379 2948
8 1561 11 1568 ,
9 1523 12 1526 ,
8 1422 17 1490 ,νὴ

129 133 202 169 749
748 131 791 167 V.

279 216 464 251 Cretenses
481 225 563 251 sunt
582 218 777 255 mendaces,

276 267 318 302 ld
335 269 423 302 dixit
438 267 689 313 Epimenides,
717 267 778 312 qui
796 266 863 300 fuit
879 265 1070 307 Cretensis,

277 317 371 363 Ergo
395 327 428 353 et
448 321 521 364 ipse
539 319 688 352 mendax
706 317 792 360 fuit,
821 316 913 351 Sunt
930 317 1038 361 igitur
1055 330 1115 351 ve—

327 383 422 405 races
441 370 636 404 Cretenses,

224 437 292 472 Hic
315 439 420 472 ludus
443 438 544 471 facile
566 449 583 470 a
601 435 796 470 Dialectico
821 437 1031 480 explicatur:
1061 435 1113 470 Ex

122 489 220 534 puris
242 489 513 533 particularibus
534 485 626 520 nihil
644 488 813 532 sequitur.
868 488 965 521 Haec
983 500 1113 532 propo-

122 541 202 573 sitio
232 539 454 584 particularis
483 546 551 579 est,
586 537 768 572 Cretenses
800 546 883 573 sunt
916 541 1112 578 mendaces,

122 592 258 627 etiamsi
292 591 369 636 quis
399 591 589 623 contendat
612 601 687 622 earn
711 591 754 623 de
778 590 956 635 plerisque
983 591 1112 624 dictam

121 654 203 677 esse.
258 641 394 675 Vocant
418 639 546 674 Graeci
573 641 749 685 quandam
775 642 924 674 sormam
949 638 1112 676 ἀσύστα-

120 705 205 734 τον,
235 699 290 726 ut:
317 691 356 726 Si
373 691 452 737 quis
470 692 564 725 dicat
580 703 615 724 se
633 698 744 725 tacere
756 719 763 733 ,
793 693 822 726 is
839 705 920 726 vero
940 693 1111 738 loquitur,

118 743 214 787 Ergo
231 755 345 776 secum
364 750 508 786 pugnat.
563 743 751 776 Dialectici
769 751 924 778 recentes
941 751 1112 777 vocarunt

118 793 321 828 insolubile.
375 793 444 827 Sed
476 793 580 827 facile
611 794 761 828 solvitur
787 792 873 828 haec
899 796 1109 839 pugnantia:

119 845 250 879 Tacere
273 850 305 877 et
328 842 426 890 loqui
451 845 588 878 diversa
614 845 817 889 respiciunt.
871 845 1010 887 Taceo,
1043 846 1110 879 sci-

116 897 196 931 licet
220 902 375 936 caetera,
411 897 453 929 de
476 896 605 941 quibus
630 908 828 930 sermonem
855 898 995 942 abrupi.
1058 898 1110 930 Ac

115 948 246 981 inultae
275 953 359 980 sunt
392 948 654 991 cavillationes,
691 948 728 980 in
759 949 890 993 quibus
914 949 1108 993 pugnantia

115 998 233 1042 colligi
256 997 440 1039 videntur,
469 1010 558 1044 quae
574 999 718 1043 proprie
738 1006 967 1033 recensentur
986 1001 1023 1033 in
1042 998 1109 1033 hoc

115 1049 236 1083 titulo:

268 1100 368 1134 Plato
398 1101 521 1135 scribit
542 1102 660 1141 domi,

320 1153 420 1192 foris,

269 1200 363 1247 Ergo
379 1203 481 1238 Plato
499 1204 620 1238 scribit
638 1211 670 1238 et
690 1216 760 1237 non
779 1205 912 1238 scribit.

703 1109 736 1136 et
759 1101 861 1135 Plato
886 1114 961 1135 non
986 1102 1109 1136 scribit

214 1271 344 1305 Facilis
369 1272 554 1315 explicatio
581 1279 642 1305 est.
689 1271 770 1305 Non
796 1279 847 1305 est
864 1272 1108 1312 contradictio,

112 1336 191 1358 cum
218 1329 371 1355 extrema
394 1335 467 1356 non
492 1323 744 1365 intelliguntur
760 1330 919 1367 respectu
938 1323 1107 1357 eiusdem.

113 1373 284 1417 Quotidie
316 1372 427 1406 multa
453 1372 611 1416 exempla
639 1374 682 1405 ad
709 1371 805 1407 hunc
829 1374 973 1407 titulum
998 1373 1107 1417 perti-

111 1425 230 1458 nentia
263 1423 499 1457 animadverti
524 1430 671 1467 possunt
694 1423 732 1456 in
755 1424 871 1466 legum
895 1423 1106 1467 disputatio—

111 1477 218 1510 nibus
242 1487 321 1509 cum
346 1475 567 1519 explicantur
585 1486 684 1508 casus
700 1474 888 1508 dissimiles
907 1482 940 1508 et
959 1473 1107 1508 ἀντινο-

110 1525 205 1572 μίαι.
269 1525 421 1559 Memini
449 1524 720 1569 Anabaptistam
754 1527 988 1570 contendere,
1032 1537 1104 1558 non

112 1590 184 1612 esse
212 1577 412 1622 puniendos
445 1577 625 1610 adulteros
656 1589 675 1610 a
699 1577 980 1620 magistratibus,
1022 1577 1104 1622 quia

110 1629 280 1674 scriptum
301 1635 368 1661 est:

265 1679 484 1714 Scortatores
502 1686 536 1712 et
551 1680 730 1713 adulteros
747 1680 871 1723 puniet
887 1677 996 1719 Deus,

263 1728 358 1774 Ergo
377 1741 449 1762 non
467 1730 591 1774 puniet
607 1731 839 1774 magistratus,

211 1798 289 1832 Hoc
313 1799 355 1831 ad
379 1797 552 1830 fallaciam
572 1798 820 1843 consequentis
837 1799 958 1831 referri
977 1804 1104 1842 potest.

110 1850 277 1894 Neganda
303 1856 353 1882 est
375 1849 469 1881 enim
493 1850 765 1894 consequentia,
793 1850 875 1894 quia
895 1849 1105 1882 antecedens

110 1914 183 1935 non
206 1900 478 1943 intelligendum
504 1907 553 1933 est
581 1900 770 1933 exclusive:
801 1900 875 1933 Imo
902 1900 939 1932 in
965 1906 1104 1933 antece-

111 1954 214 1986 dente
239 1948 553 1995 comprehenditur
578 1951 821 1994 magistratus,
854 1951 984 1984 Puniet
1007 1949 1104 1983 Deus

111 2004 166 2037 vel
188 2015 250 2047 per
274 2014 365 2040 sese,
391 2002 447 2034 vel
473 2014 535 2046 per
551 2003 785 2045 magistratus.
842 2002 929 2035 Nam
948 2002 1103 2035 officium

111 2054 334 2097 magistratus
364 2053 470 2086 etiam
501 2053 665 2086 divinum
696 2061 756 2088 est.
825 2053 922 2087 Deus
947 2052 1101 2086 Sodoma

112 2104 253 2150 punivit
271 2115 331 2137 sua
348 2103 518 2147 singulari
537 2105 714 2148 potentia,
744 2104 943 2139 Antonium
964 2104 1104 2147 punivit

111 2168 174 2201 per
196 2153 408 2197 Augustum.
461 2154 728 2189 Recenseantur
759 2154 817 2189 hic
851 2163 885 2189 et
916 2152 1103 2200 ἀντιστρέ-

112 2218 252 2253 φοντα,
294 2211 330 2237 ut
362 2204 450 2238 illud
482 2205 706 2240 Gellianum:
750 2206 830 2240 Non
865 2207 1022 2239 ducenda
1054 2212 1102 2238 est

111 2270 220 2297 uxor,
252 2256 334 2301 quia
366 2255 393 2287 si
425 2257 529 2289 duces
560 2258 774 2298 deformem,
810 2259 875 2291 erit
908 2269 1038 2301 poena,
1075 2257 1102 2290 si

111 2311 323 2344 formosam,
365 2306 431 2339 erit
463 2309 671 2342 communis.
748 2309 823 2343 Imo
857 2310 1018 2342 ducenda
1053 2316 1102 2342 est

110 2372 218 2397 uxor,
247 2358 328 2403 quia
353 2357 379 2389 si
405 2357 510 2389 duces
528 2359 739 2399 deformem,
766 2373 840 2393 non
859 2361 925 2393 erit
943 2372 1101 2393 commu-

111 2412 184 2452 nis,
212 2409 239 2443 si
264 2410 475 2448 formosam,
503 2409 571 2452 erit
592 2419 697 2452 grata.
751 2411 916 2454 Neganda
943 2419 991 2445 est
1017 2423 1101 2443 con-

112 2460 291 2507 sequentia
318 2460 355 2492 in
381 2459 499 2502 priore
522 2467 635 2503 parte,
663 2469 694 2495 et
713 2463 802 2495 ratio
821 2471 888 2503 est,
916 2463 997 2507 quia
1017 2460 1102 2494 haec

110 2512 304 2547 accidentia
329 2522 403 2544 non
426 2511 621 2544 necessario
645 2513 859 2547 comitantur
875 2514 1023 2547 sormam
1042 2520 1102 2546 aut

111 2563 379 2597 deformitatem.
439 2560 687 2595 Commoratus
711 2575 787 2596 sum
811 2564 951 2608 longius
973 2565 1011 2597 in
1036 2562 1101 2597 hac

112 2615 272 2649 doctrina
302 2612 463 2646 solvendi
497 2612 621 2646 vitiosa
647 2622 873 2656 argumenta,
907 2615 989 2659 quia
1017 2613 1101 2648 haec

111 2677 191 2710 pars
208 2666 333 2709 repetit
350 2665 422 2697 fere
441 2670 550 2697 totam
570 2662 786 2698 Dialecticen
803 2677 907 2708 supra
925 2666 1101 2707 traditam,

113 2723 145 2750 et
166 2717 301 2751 utiliter
328 2721 462 2748 exercet
481 2715 638 2758 ingenia:
669 2728 707 2749 ac
725 2716 901 2750 assuefieri
921 2718 962 2750 ad
982 2718 1100 2751 dexte-
1125 2729 1128 2755 ι
1155 2717 1286 2750 animal
1315 2715 1380 2749 snit
1405 2715 1441 2747 in
1462 2727 1538 2748 arca
1557 2711 1694 2748 Nohae.

844 129 1166 166 EROTEMATA
1194 127 1530 166 DIALECTICES.

2087 129 2159 164 750

1170 216 1306 248 ritatem
1327 215 1364 247 in
1382 216 1560 249 solvendis
1578 217 1712 250 vitiosis
1728 214 1963 260 argumentis,
1991 226 2156 258 magnum

1170 268 1273 299 decus
1307 273 1375 306 est,
1409 274 1439 299 et
1466 268 1666 301 exercitatio
1693 269 1735 301 ad
1759 266 1974 309 agnitionem
2001 266 2157 299 veritatis

1168 317 1373 350 necessaria.

1269 418 1400 453 Addita
1427 426 1476 452 est
1500 419 1703 453 Aristotelis
1728 419 1960 461 Dialecticae‚
1995 419 2155 454 doctrIna

1167 472 1284 505 verius
1309 469 1549 504 Grammatica
1579 482 1685 514 quam
1712 470 1922 511 Dialecfica,
1956 484 2061 518 quam
2091 481 2155 502 no-

1166 523 1349 556 minarunt
1370 521 1670 564 Parvalogicalia,
1705 522 1742 554 in
1773 535 1840 567 qua
1865 525 1948 556 dum
1973 528 2156 567 praecepta

1167 573 1356 606 immodice
1388 573 1633 612 cumularunt,
1668 578 1701 604 et
1723 571 1945 618 labyrinthos
1968 572 2155 606 inextrica-

1165 625 1275 668 biles,
1302 624 1377 657 sine
1400 624 1518 668 aliqua
1544 623 1697 657 utilitate
1722 624 1920 664 finxerunt,
1946 631 2001 657 ut:
2028 623 2157 656 Nullus

1166 683 1198 710 et
1221 688 1325 709 nemo
1351 676 1516 709 mordent
1538 685 1573 707 se
1594 674 1630 706 in
1656 685 1774 714 sacco,
1803 676 1906 708 etiam
1931 675 2010 707 illas
2034 674 2156 706 admo-

1164 727 1338 768 nitiones,
1370 738 1519 772 quarum
1553 725 1683 770 aliquis
1710 733 1760 759 est
1787 738 1889 767 nsus,
1921 723 2077 758 tenebris
2102 723 2157 755 in-

1165 779 1366 813 volverunt.
1407 776 1614 811 Recenseho
1630 776 1738 819 igitur
1755 778 1910 810 breviter
1925 789 1965 809 ex
1980 773 2036 809 his
2053 785 2157 819 quas—

1164 830 1244 862 dam
1272 830 1377 862 ntiles
1403 827 1679 862 admonitiones,
1752 827 1798 862 Ut
1825 835 1940 871 gestus
1967 825 2157 860 dissimiles

1164 880 1201 913 in
1223 878 1368 913 homine
1388 880 1587 922 significant
1604 878 1792 912 dissimiles
1811 879 2011 912 animorum
2028 883 2157 915 motus,

1164 931 1253 964 alius
1280 938 1329 965 est
1353 931 1452 971 irati,
1480 931 1570 963 alius
1594 929 1764 970 amantis,
1791 930 1881 963 alius
1903 928 2076 963 timentis:
2111 928 2157 960 ita

1163 983 1282 1016 omnia
1307 982 1478 1015 vocabula
1503 981 1661 1014 diversos
1685 981 1785 1026 quasi
1809 988 1924 1024 gestus
1950 981 1987 1013 in
2012 990 2156 1022 compo-

1163 1035 1291 1067 sitione
1324 1031 1472 1074 hahent,
1507 1032 1568 1078 qui
1599 1038 1773 1066 vocantur
1800 1032 1896 1066 modi
1922 1029 2154 1075 significandi.

1164 1084 1260 1118 Idem
1286 1085 1498 1118 vocabulum
1521 1083 1608 1116 alias
1635 1083 1807 1127 significat
1831 1094 2055 1117 communem
2077 1092 2155 1123 spe-

1162 1137 1270 1175 ciem,
1307 1136 1391 1169 alias
1426 1134 1630 1174 individua,
1665 1135 1751 1167 alias
1783 1135 1890 1168 latius
1920 1139 2034 1178 patet,
2070 1131 2156 1165 alias

1162 1187 1344 1230 angustius
1369 1193 1429 1220 est.
1481 1184 1571 1220 Cum
1595 1186 1691 1226 dico,
1718 1184 1836 1219 Homo
1856 1192 1905 1219 est
1922 1184 2069 1229 species,
2099 1183 2155 1214 in-

1162 1239 1282 1281 telligo
1305 1238 1440 1279 ideam3
1469 1249 1548 1271 cum
1571 1237 1671 1274 dico,
1698 1235 1818 1269 Homo
1836 1236 1966 1279 currit,
1992 1233 2154 1276 intelligo

1161 1289 1390 1323 individuum
1417 1288 1577 1333 aliquod.
1630 1286 1727 1320 Haec
1750 1286 2010 1320 animadversio
2035 1295 2154 1317 neces—

1162 1341 1252 1373 saria
1271 1347 1340 1379 est,
1367 1346 1407 1373 ut
1427 1351 1508 1373 cum
1525 1338 1621 1371 dico:
1650 1338 1797 1371 Dilectio
1815 1345 1865 1371 est
1881 1337 2039 1381 impletio
2059 1335 2155 1376 legis.

1163 1390 1201 1423 Id
1227 1403 1348 1423 verum
1379 1396 1430 1423 est
1447 1391 1489 1422 de
1507 1389 1604 1427 idea,
1632 1389 1669 1421 id
1687 1395 1753 1428 est,
1779 1390 1821 1421 de
1839 1388 1974 1431 integra
1993 1386 2155 1419 dilectio-

1161 1453 1222 1479 ne,
1263 1447 1295 1473 et
1328 1452 1401 1473 non
1432 1439 1681 1473 contaminata.
1749 1437 1836 1472 Nam
1868 1440 1922 1472 lex
1957 1449 2038 1471 vere
2070 1435 2155 1469 haec

1161 1492 1231 1526 duo
1254 1491 1432 1536 postulat,
1469 1492 1651 1524 ardentem
1676 1502 1831 1523 amorem
1854 1489 1940 1531 Dei,
1968 1497 2002 1524 et
2025 1499 2154 1532 purum

1159 1555 1315 1576 amorem
1356 1542 1528 1586 proximi,
1576 1548 1829 1585 congruentem
1865 1539 2040 1575 voluntati
2073 1537 2154 1572 Dei.

1160 1593 1227 1628 Sed
1259 1606 1323 1627 nos
1351 1594 1389 1626 in
1422 1592 1487 1627 hac
1521 1593 1691 1626 imbecilli
1723 1600 1849 1626 natura
1880 1604 1953 1625 non
1983 1589 2154 1624 habemus

1159 1645 1331 1688 integram
1356 1644 1595 1679 dilectionem.
1649 1643 1818 1677 Nondum
1839 1643 1947 1687 igitur
1963 1649 2081 1676 nostra
2098 1641 2154 1673 di-

1159 1696 1262 1729 lectio
1293 1696 1361 1739 legi
1395 1695 1573 1730 satisfacit.
1635 1693 1688 1728 Ita
1720 1695 1746 1726 si
1773 1695 1905 1728 dicam:
1939 1692 2152 1738 Eloquentia

1160 1754 1209 1780 est
1232 1747 1380 1780 facultas
1403 1747 1446 1779 de
1469 1747 1576 1779 rebus
1600 1746 1768 1779 omnibus
1790 1752 1883 1778 recte
1906 1751 1939 1778 et
1956 1751 2080 1778 ornate
2099 1743 2153 1775 di—

1159 1798 1271 1831 cendi.
1334 1797 1429 1830 Haec
1454 1797 1650 1841 propositio
1677 1808 1758 1829 vera
1784 1802 1833 1829 est
1858 1796 1902 1829 de
1925 1795 2016 1830 idea.
2083 1793 2151 1827 Sed

1158 1849 1293 1882 nullius
1309 1849 1459 1882 oratoris
1476 1848 1675 1892 eloquentia
1694 1859 1756 1892 par
1773 1854 1822 1880 est
1840 1845 1923 1880 huic
1943 1847 2052 1879 ideae.

1260 1899 1357 1932 Haec
1379 1899 1447 1932 suit
1469 1899 1630 1932 doctrina
1655 1898 1959 1942 suppositionum,
1987 1903 2025 1931 nt
2050 1908 2153 1930 voca·

1160 1958 1253 1985 runt.
1315 1950 1382 1984 Sed
1408 1950 1490 1983 satis
1515 1956 1564 1982 est
1589 1961 1734 1982 monere
1759 1949 1935 1989 iuniores,
1969 1955 2007 1981 ut
2031 1948 2151 1981 obser-

1159 2008 1241 2034 vent
1282 2002 1438 2034 diversos
1476 2002 1600 2034 modos
1641 2000 1880 2043 significandi,
1923 2011 1961 2033 ac
1996 2000 2152 2036 videant,

1158 2054 1302 2097 quando
1333 2052 1480 2096 species,
1517 2052 1659 2097 quando
1686 2051 1872 2084 individua
1898 2050 2152 2094 significentur.

1157 2104 1325 2136 Actiones
1349 2103 1443 2135 enim
1470 2109 1675 2146 competunt
1692 2102 1909 2143 individuis,
1943 2109 1994 2134 ut:
2033 2099 2151 2133 Homo

1157 2155 1278 2188 currit.
1332 2153 1471 2187 Deinde
1498 2154 1557 2186 illa
1579 2153 1726 2188 attentio
1745 2154 1936 2186 admodum
1956 2151 2148 2184 necessaria

1157 2212 1226 2244 est,
1260 2205 1400 2245 videre,
1437 2206 1581 2250 quando
1614 2205 1720 2238 latius
1751 2211 1897 2246 vagetur
1926 2201 2149 2241 vocabulum,

1157 2258 1299 2302 quando
1317 2256 1359 2290 sit
1374 2256 1567 2300 angustius
1621 2253 1749 2289 Exibat
1766 2255 1807 2286 ad
1820 2253 2015 2298 Baptistam
2034 2253 2149 2285 omnis

1158 2307 1298 2342 Iudaea.
1360 2307 1429 2340 Hic
1458 2307 1630 2351 particula
1662 2305 1873 2339 universalis
1904 2304 2148 2345 restringenda

1158 2366 1220 2393 est.
1272 2359 1353 2392 Non
1380 2359 1473 2391 enim
1494 2357 1684 2400 significat,
1711 2367 1833 2389 omnes
1849 2353 2012 2388 homines
2031 2355 2068 2387 in
2088 2353 2148 2386 In-

1156 2412 1240 2444 daea
1265 2411 1446 2443 accessisse
1471 2410 1512 2442 ad
1539 2408 1751 2450 Baptistam,
1778 2407 1838 2439 sed
1862 2406 1995 2439 multos
2018 2406 2146 2450 passim

1156 2474 1196 2494 ex
1223 2468 1294 2495 tota
1322 2461 1462 2495 Iudaea.
1519 2457 1760 2493 Grammatico
1785 2457 1901 2490 facilis
1923 2463 1972 2491 est
1996 2456 2147 2500 explica-

1155 2513 1226 2551 tio,
1262 2513 1322 2558 qui
1348 2513 1435 2546 dicit
1458 2523 1529 2544 esse
1553 2506 1815 2555 synecdochen:
1851 2520 1934 2542 nam
1958 2515 1991 2543 et
2016 2506 2147 2541 Gram-

1156 2565 1273 2598 matici
1297 2565 1338 2596 ad
1367 2561 1463 2596 hunc
1485 2573 1587 2594 usum
1609 2560 1739 2604 figuras
1757 2559 2001 2599 tradiderunt,
2027 2566 2066 2592 ut
2084 2559 2148 2591 ali-

1155 2628 1225 2660 quo
1256 2615 1363 2648 modo
1397 2613 1641 2652 ostenderent,
1691 2611 1850 2644 diversos
1882 2611 2007 2645 modos
2040 2610 2150 2653 signi-

1154 2666 1293 2699 ficandi.
1361 2663 1411 2698 lta
1444 2663 1471 2696 si
1505 2663 1600 2695 dicas
1625 2659 1871 2708 synecdochen
1900 2674 1993 2703 esse,
2030 2659 2152 2695 Omne

1749 2712 1843 2747 Haec
1863 2714 1980 2747 brevis
1999 2712 2151 2757 explica—
