2379 2948
216 87 312 123 1219

221 223 483 269 promissionis,
518 221 619 266 quia,
650 226 810 263 utsupra
826 219 959 253 dictum
977 227 1046 260 est,
1086 230 1205 263 preca-

222 276 272 309 tio
291 275 393 308 debet
413 273 543 306 intueri
563 271 727 303 mandata
745 277 777 303 et
796 270 1057 314 promissiones,

326 324 546 359 Duodecimo
570 333 673 355 versu
698 321 842 355 additur
866 321 1095 365 promissioni
1121 332 1205 353 con-

225 377 312 409 ditio
335 374 576 413 obedientiae,
617 372 698 418 quia
729 372 979 416 promissiones
1008 372 1207 416 corporales

224 426 354 460 habent
395 425 635 458 conditionem
677 423 911 458 obedientiae.
979 422 1069 456 Cum
1113 422 1206 455 enim

225 488 346 511 omnes
366 475 613 520 promissiones
629 481 772 518 propter
791 485 963 507 summam
981 475 1126 513 dentur,
1154 485 1208 505 re-

226 530 312 562 iecta
332 538 467 560 summa
487 532 520 559 et
536 532 651 570 spreto
672 524 870 558 Mediatore
885 524 978 560 Filio
997 524 1072 565 Dei,
1101 524 1206 558 etiam

226 586 379 612 caeterae
397 577 628 620 amittuntur,
664 576 753 610 sicut
777 576 879 620 impii
905 577 1044 609 tandem
1070 575 1208 618 penitus

227 630 407 668 delentur,
433 635 471 662 ut
487 628 678 662 ostendunt
695 627 853 671 exempla
870 627 906 659 in
924 626 1105 667 Sodomis,
1122 625 1208 658 Hie-

228 679 413 725 rosolymis
431 686 462 712 et
480 678 672 712 universali
691 678 837 711 interitu
856 678 1047 710 multarum
1065 678 1209 710 urbium

228 738 259 765 et
279 730 448 773 gentium,
466 730 596 763 interea
614 730 652 762 in
670 741 750 761 vera
768 726 923 761 Ecclesia
940 735 1058 761 manet
1073 739 1209 761 sumnia
1235 740 1237 748 ¹

229 781 432 825 promissio,
459 780 538 813 ideo
555 781 596 813 ad
616 778 706 813 hanc
722 786 753 812 et
772 778 1021 822 promissiones
1046 791 1208 823 corpora-

229 834 279 865 les
297 833 334 865 in
351 843 476 874 genere
492 831 688 875 pertinent,
715 830 803 863 sicut
819 828 949 862 Paulus
968 829 1102 874 inquit:
1130 829 1210 862 Pie-

229 891 281 917 tas
297 881 401 916 habet
419 882 668 925 promissiones
687 880 877 924 praesentis
895 887 927 913 et
944 881 1083 913 futurae
1109 881 1210 917 vitae.

229 932 276 967 Et
294 940 410 967 tamen
427 930 483 965 hic
500 932 603 965 etiam
622 933 658 964 in
678 943 756 964 vera
776 929 931 964 Ecclesia
951 931 1131 964 sciendum
1150 940 1210 975 est,
1237 957 1240 964 .

231 983 482 1029 promissiones
499 983 697 1026 corporales
717 980 845 1014 habere
863 982 1083 1025 exceptiones
1108 984 1211 1016 casti-

232 1035 384 1079 gationis
400 1041 432 1067 et
451 1034 582 1073 crucis,
607 1041 644 1067 ut
674 1033 709 1065 in
725 1032 866 1066 Psalmo
884 1032 945 1066 88.
970 1033 1115 1066 dicitur:
1149 1033 1213 1066 Vi-

230 1087 342 1120 sitabo
359 1086 396 1117 in
415 1085 511 1127 virga
529 1084 752 1129 iniquitatem
769 1096 909 1122 eorum,
935 1083 1213 1118 misericordiam

231 1144 345 1171 autem
362 1147 474 1168 meam
493 1147 565 1168 non
586 1135 741 1169 auferam
758 1135 802 1168 ab
819 1135 879 1169 eis.

334 1186 448 1219 Versu
465 1186 727 1226 decimotertio,
756 1193 787 1219 et
807 1186 992 1229 deinceps,
1033 1186 1216 1229 coniungit

233 1238 484 1284 promissiones
502 1238 544 1270 de
554 1235 709 1270 Domino
727 1243 761 1270 et
778 1237 820 1269 de
837 1237 941 1269 rebus
961 1238 1215 1281 corporalibus.
1243 1238 1244 1241 ’

234 1290 409 1323 Adfirmat
436 1289 473 1321 in
502 1288 567 1321 isto
597 1288 728 1331 populo
764 1288 838 1321 sore
865 1286 1080 1329 Ecclesiam,
1121 1288 1216 1322 iuxta

233 1338 317 1374 haec
349 1340 469 1373 verba:
513 1336 642 1384 Elegit
675 1350 753 1371 eam
782 1338 821 1371 in
846 1335 1114 1372 habitationem
1133 1338 1217 1377 sibi,

234 1392 336 1424 item:
373 1387 585 1423 Sacerdotes
603 1390 678 1422 eius
695 1387 849 1422 induam
865 1388 1005 1427 salute,
1033 1390 1068 1422 id
1085 1396 1152 1430 est,
1169 1390 1217 1423 ef·

235 1442 346 1474 ficiam
365 1448 403 1474 ut
420 1441 655 1474 ministerium
672 1441 853 1474 doctrinae
869 1441 913 1474 sit
930 1452 1052 1473 verum
1070 1447 1101 1474 et
1124 1441 1218 1474 salu—

236 1500 319 1526 tare.
374 1489 427 1524 Et
445 1489 658 1525 sanclieius
676 1489 931 1530 laetabuntur,
961 1491 996 1523 id
1020 1498 1086 1529 est,
1115 1498 1218 1525 erunt

235 1543 346 1587 aliqui
363 1543 399 1575 in
418 1541 483 1575 hoc
503 1542 635 1586 populo
653 1542 773 1582 electi,
801 1542 862 1586 qui
879 1542 1052 1585 accipient
1077 1550 1218 1576 aeterna

235 1595 328 1627 bona
344 1593 380 1625 in
399 1591 564 1626 Ecclesia.

337 1641 614 1690 Ibiproducam
639 1653 748 1675 cornu
767 1639 932 1680 Dmidi,
969 1643 1005 1676 id
1033 1649 1101 1683 est,
1136 1643 1218 1676 mit-

234 1704 305 1731 tam
323 1694 455 1728 Filium
473 1706 590 1727 meum
609 1695 858 1731 redemtorem,
879 1691 973 1727 hunc
990 1694 1069 1727 volo
1089 1694 1137 1727 ibi
1156 1706 1217 1727 na-

236 1747 283 1781 sci
302 1753 334 1779 et
351 1746 536 1779 ostendere
552 1745 603 1778 ibi
629 1756 707 1778 suas
733 1744 899 1778 victorias
923 1745 960 1777 in
985 1756 1086 1778 cruce
1111 1752 1142 1778 et
1162 1757 1218 1778 re-

237 1797 461 1832 surrectione.

338 1847 506 1893 Sequitur
531 1846 693 1891 repetitio
719 1846 874 1879 eiusdem
907 1846 1118 1880 sententiae:
1155 1843 1219 1879 Ibi

237 1897 420 1932 adornavi
438 1897 516 1943 regi
530 1909 624 1935 meo,
648 1897 797 1935 scilicet,
815 1896 957 1933 Davidi.
992 1894 1217 1935 Lucernam,

237 1952 272 1983 id
288 1957 357 1989 est,
385 1949 518 1982 Filium
536 1960 651 1981 meum
671 1948 730 1992 qui
748 1954 798 1982 est
814 1948 953 1989 lumen,
981 1949 1017 1981 id
1036 1956 1104 1987 est,
1133 1961 1218 1981 con-
1243 1943 1245 1949 ¹

237 2001 369 2035 solator
382 2007 414 2033 et
433 1998 754 2032 liberatorDavidis
771 2006 803 2032 et
818 1999 968 2032 aliorum
987 2000 1218 2040 credentium,

236 2064 316 2085 nam
338 2057 481 2095 propter
506 2047 599 2082 hunc
626 2050 772 2081 servabo
796 2047 887 2082 hanc
909 2050 1081 2093 politiam.
1142 2049 1218 2084 Ad-

237 2104 309 2136 dita
325 2108 375 2135 est
399 2101 585 2146 promissio
612 2100 819 2147 corporalis:
859 2098 988 2134 Victui
1013 2101 1088 2135 eius
1115 2100 1217 2134 bene-

238 2151 370 2187 dicam.

398 2232 662 2279 Applicatio
691 2230 860 2265 Psalmi
886 2233 938 2266 ad
969 2245 1057 2269 nos.

338 2301 388 2337 Ut
405 2309 520 2335 autem
540 2300 643 2333 initio
663 2299 795 2332 dictum
815 2305 883 2340 est,
921 2300 987 2332 tria
1011 2312 1083 2334 esse
1106 2315 1215 2337 mem-

235 2357 296 2389 bra
313 2352 420 2387 huius
438 2351 589 2391 Psalmi,
606 2350 865 2389 precationem,
885 2349 1091 2385 Gratiarum
1107 2355 1216 2388 actio—

237 2418 336 2443 nem,
372 2410 405 2437 et
427 2402 700 2436 Promissiones:
737 2401 784 2434 ita
808 2401 957 2434 sciamus
981 2400 1071 2436 hanc
1094 2417 1214 2448 preca—

237 2458 366 2490 tionem
398 2460 430 2487 et
461 2453 652 2497 gratiarum
678 2452 851 2486 actionem
875 2453 1051 2487 assiduam
1077 2467 1149 2489 esse
1177 2457 1213 2490 in

807 82 933 118 PHlL.
960 80 1077 117 MEL.
1102 80 1313 117 SCRIPTA
1340 79 1641 116 EXEGETICA.

321 170 516 206 Undecimo
551 181 653 203 versu
686 179 844 212 expresse
879 169 962 202 facit
987 168 1233 202 mentionem'

2145 85 2243 119 1220

1259 167 1311 200 cia
1337 174 1370 201 et
1393 168 1515 203 salute.
1576 166 1618 200 In
1643 165 1708 200 hac
1734 173 1850 201 autem
1875 168 2076 212 precatione
2104 181 2242 203 necesse

1260 225 1327 259 est,
1356 219 1486 252 intueri
1511 220 1674 252 mandata
1697 217 1764 251 Dei
1787 225 1819 251 et
1843 219 2111 263 promissiones,
2146 221 2242 254 iuxta

1260 269 1319 302 illa
1348 270 1459 303 dicta:
1489 268 1624 313 Petite,
1654 276 1686 302 et
1708 269 1853 303 dabitur
1882 270 1995 303 vobis.
2050 270 2241 315 Praecipue

1260 331 1343 353 vero
1361 320 1625 354 meminerimus
1641 320 1678 353 in
1694 320 1862 364 petitione
1878 320 2095 354 mentionem
2111 321 2243 355 facien-

1261 372 1341 404 dam
1361 383 1432 405 esse
1450 371 1545 412 Filii,
1562 379 1601 405 ut
1619 378 1762 415 propter
1780 372 1895 414 ipsum
1911 378 2023 405 servet
2041 370 2244 410 Ecclesiam,

1262 429 1295 455 et
1311 422 1460 456 sciamus
1475 429 1638 467 oportere
1657 423 1694 455 in
1721 422 1882 456 oratione
1904 423 2006 455 fidem
2031 434 2122 463 esse,
2157 435 2245 467 quae

1262 484 1342 505 vere
1363 480 1490 507 statuat
1509 471 1598 506 hanc
1614 473 1852 518 precationem
1873 473 2008 517 placere
2017 471 2103 513 Deo,
2122 481 2154 507 et
2172 485 2245 506 non

1262 534 1334 556 esse
1351 523 1488 558 irritam
1506 531 1648 568 propter
1667 524 1853 559 Summum
1869 524 2093 558 Sacerdotem
2113 523 2245 557 Filium

1262 573 1347 615 Dei,
1374 575 1435 619 qui
1454 575 1547 608 idem
1567 576 1670 619 petit:
1707 575 1811 609 Pater
1836 586 1933 609 serva
1960 587 2017 608 eos
2039 575 2077 608 in
2102 575 2246 608 nomine

1262 631 1323 658 tuo
1343 632 1405 659 etc.

1403 729 1734 774 Aryumentum
1767 739 1821 761 ac
1850 728 2106 773 dispositio

1538 795 1697 836 Psalmi
1729 793 1971 838 CXXXIII.

1639 870 1776 893 Graduum
1797 869 1872 893 le.

1237 933 1240 956 y
1316 916 1411 948 Ecce
1439 926 1547 959 quam
1578 914 1707 949 boumn
1734 920 1772 948 et
1801 926 1912 959 quam
1938 915 2154 953 iucundum,
2180 913 2249 949 Ῐια-

1318 965 1441 1000 bitare
1462 964 1612 1010 fratres
1641 968 1679 1000 in
1708 977 1832 1000 ιιηιιιη.

1239 1045 1241 1060 ¹
1368 1032 1597 1078 Praeceptum
1623 1040 1673 1067 est
1697 1034 1740 1066 de
1762 1033 1879 1066 studio
1905 1033 2132 1071 concordiae,
2171 1033 2250 1066 lau-

1268 1085 1386 1117 dando
1403 1084 1496 1116 enim
1518 1085 1704 1129 praecipit,
1733 1091 1771 1117 ut
1788 1096 1862 1116 eam
1881 1090 2054 1117 tucemur:
2082 1091 2114 1118 et
2132 1090 2249 1128 postea

1269 1136 1366 1169 addit
1387 1135 1671 1179 promissionem.
1719 1134 1851 1168 Notum
1871 1141 1921 1168 est
1936 1143 2050 1169 autem
2068 1141 2177 1168 totam
2200 1134 2251 1166 le-

1270 1199 1344 1229 gem
1363 1187 1562 1231 praecipere
1581 1188 1623 1219 de
1638 1186 1828 1220 dilectione
1846 1184 1912 1219 Dei
1930 1186 2145 1230 etproximi,
2168 1185 2250 1230 quia

1269 1237 1365 1271 Deus
1389 1238 1436 1271 ita
1460 1238 1620 1271 condidit
1642 1248 1752 1281 genus
1776 1234 1995 1278 humanum,
2030 1243 2063 1270 et
2086 1237 2164 1270 vult
2185 1247 2251 1269 nos

1270 1288 1337 1322 sibi
1358 1295 1525 1333 tanquam
1543 1289 1648 1333 capiti
1665 1288 1850 1321 adiunctos
1868 1300 1958 1328 esse,
1982 1294 2016 1322 et
2032 1299 2148 1322 secum
2167 1298 2253 1320 con-

1270 1351 1412 1385 gruere,
1439 1340 1511 1372 imo
1529 1340 1605 1373 vult
1623 1351 1687 1372 nos
1704 1351 1765 1372 sua
1785 1339 1914 1382 templa
1931 1351 2022 1380 esse,
2059 1339 2252 1372 nohis‘sese

1271 1390 1552 1428 communicare,
1580 1398 1611 1424 et
1629 1390 1665 1422 in
1681 1390 1784 1423 nobis
1802 1401 1900 1422 suam
1918 1389 2123 1433 sapientiam
2143 1395 2176 1422 et
2196 1389 2252 1422 iu-

1271 1441 1406 1475 sticiam
1424 1441 1551 1474 lucere.
1603 1440 1718 1475 Simul
1737 1440 1839 1473 etiam
1862 1441 1938 1474 vult
1964 1452 2086 1474 omnes
2107 1439 2253 1484 copula-

1271 1500 1325 1526 tos
1344 1503 1415 1525 esse
1432 1491 1468 1524 in
1495 1492 1589 1536 ipso,
1622 1503 1814 1535 congruere
1838 1503 1960 1524 omnes
1985 1492 2028 1523 ad
2052 1492 2184 1535 ipsum,
2210 1496 2252 1524 ut

1271 1544 1315 1577 sit
1342 1543 1565 1576 consentiens
1596 1543 1725 1576 veritas
1759 1548 1790 1574 et
1826 1542 1966 1574 iusticia
2001 1541 2039 1573 in
2074 1541 2254 1576 omnibus.

1271 1593 1367 1625 Haec
1397 1599 1446 1624 est
1476 1604 1613 1625 summa
1649 1593 1830 1625 doctrinae
1863 1592 1966 1634 legis,
2001 1592 2102 1625 etsie
2125 1599 2254 1626 natura

1271 1643 1412 1676 condita
1441 1642 1519 1678 suit.
1581 1641 1650 1676 Sed
1683 1643 1846 1676 diabolus
1869 1643 2026 1676 discessit
2051 1654 2070 1676 a
2093 1642 2188 1684 Deo,
2221 1649 2254 1676 et

1272 1701 1390 1738 postea
1417 1705 1526 1736 genus
1549 1691 1747 1727 humanum
1772 1693 1918 1734 avulsit,
1952 1694 1998 1727 ita
2027 1694 2192 1738 deinceps
2215 1693 2253 1726 in

1244 1781 1245 1786 ¹
1271 1744 1478 1778 hominibus
1494 1756 1567 1777 non
1585 1751 1634 1778 est
1654 1745 1773 1778 eadem
1789 1745 1917 1778 veritas
1935 1746 1977 1777 de
1995 1743 2089 1786 Deo,
2107 1747 2166 1779 sed
2187 1745 2252 1778 tri-

1271 1796 1442 1828 stissimae
1471 1796 1636 1829 tenebrae
1661 1803 1761 1836 sunt,
1797 1803 1829 1829 et
1857 1793 2044 1829 horribilia
2069 1796 2253 1829 mendacia

1243 1874 1245 1892 ε
1271 1848 1325 1880 vel
1342 1844 1515 1891 Epicurea
1534 1847 1587 1879 vel
1606 1847 1807 1887 idolatrica‚
1842 1847 1897 1879 vel
1920 1847 1987 1880 alia
2011 1858 2253 1892 quaecunque,

1243 1927 1245 1939 ,
1271 1906 1388 1942 postea
1414 1897 1578 1931 voluntas
1594 1898 1819 1931 diabolorum
1838 1904 1870 1931 et
1886 1895 2070 1931 hominum
2095 1898 2252 1931 fremunt

1271 1950 1438 1982 adversus
1458 1947 1594 1989 Deum,
1621 1956 1652 1983 et
1669 1950 1752 1982 dum
1773 1948 2017 1993 unusquisque
2044 1960 2115 1981 sese
2141 1948 2252 1989 effert,

1270 2000 1394 2034 tollere
1411 1999 1498 2032 alios
1516 2006 1676 2041 conatur,
1690 2001 1736 2034 ita
1753 2001 1902 2033 extincta
1917 2000 2107 2033 dilectione
2124 2001 2250 2034 ardent

1270 2051 1308 2083 in
1334 2061 1460 2094 genere
1489 2047 1645 2084 humano
1673 2051 1888 2090 discordiae,
1930 2057 1964 2083 et
1991 2063 2031 2083 ex
2065 2050 2252 2084 discordiis

1271 2108 1388 2146 postea
1406 2101 1571 2134 oriuntur
1590 2102 1682 2135 bella
1699 2109 1732 2136 et
1746 2102 1967 2136 vastationes,
2021 2101 2253 2135 Manifestum

1270 2159 1320 2186 est
1337 2153 1445 2195 igitur
1462 2149 1552 2185 hanc
1570 2153 1730 2186 miseram
1750 2160 1909 2186 naturam
1926 2164 1999 2185 non
2010 2153 2251 2198 obtemperare

1270 2204 1337 2247 legi
1355 2203 1438 2244 Dei,
1466 2204 1525 2236 sed
1550 2202 1663 2237 Filius
1686 2202 1753 2236 Dei
1777 2204 1874 2238 venit
1899 2210 1937 2237 ut
1963 2205 2118 2237 destruat
2143 2215 2250 2247 opera

1241 2247 1244 2308 1
1270 2255 1424 2295 diaboli,
1451 2261 1484 2287 et
1502 2254 1660 2288 restituat
1678 2255 1860 2289 veritatem
1884 2261 1916 2288 et
1933 2254 2158 2288 dilectionem
2169 2253 2250 2294 Dei,

1269 2313 1301 2340 et
1319 2305 1471 2350 proximi
1488 2305 1523 2337 in
1541 2305 1660 2346 uobis,
1687 2313 1719 2339 et
1733 2304 1801 2340 hoc
1818 2306 2026 2339 nominatim
2054 2306 2139 2350 petit
2159 2305 2249 2339 effici

1269 2357 1311 2391 ab
1330 2364 1471 2390 aeterno
1489 2362 1604 2400 patre,
1630 2363 1670 2390 ut
1686 2369 1797 2390 unum
1815 2357 1922 2390 simus
1937 2357 1974 2389 in
1990 2358 2079 2401 ipso,

1370 2406 1421 2441 Ita
1439 2407 1680 2441 consideretur
1694 2409 1779 2453 quid
1798 2408 1986 2452 praecipiat
2005 2409 2077 2448 lex,
2109 2414 2141 2440 et
2157 2418 2246 2451 quo-

1266 2459 1372 2491 modo
1398 2459 1442 2491 ad
1469 2470 1544 2490 eam
1571 2459 1780 2492 reducamur
1805 2472 1866 2502 per
1882 2458 2012 2492 Filium
2029 2457 2114 2497 Dei,
2149 2464 2182 2491 et
2208 2457 2245 2490 in

234 2506 426 2540 Ecclesiam
443 2511 621 2548 oportere,
656 2509 688 2536 et
710 2503 868 2545 singulos
895 2516 959 2537 nos
983 2505 1110 2539 debere
1135 2519 1213 2551 gra·
1237 2498 1240 2545 l
1268 2510 1328 2542 illa
1352 2517 1449 2552 parte
1474 2521 1562 2553 quae
1588 2522 1668 2543 vere
1691 2518 1740 2544 est
1766 2510 1925 2544 Ecclesia
1948 2508 2014 2542 Dei
2039 2508 2246 2542 restituatur

233 2558 298 2591 tias
315 2568 413 2599 agere
431 2555 506 2588 Deo
523 2568 585 2598 pro
605 2554 870 2588 conservatione
886 2553 1079 2595 Ecclesiae,
1099 2565 1131 2591 et
1151 2571 1211 2605 pe·
1237 2548 1239 2573 ³
1265 2560 1407 2594 dilectio
1423 2567 1455 2593 et
1472 2561 1677 2599 concordia,
1712 2568 1745 2595 et
1767 2573 1888 2595 rursus
1912 2559 2178 2603 adglutinentur
2201 2557 2243 2592 ad

230 2616 301 2642 tere
317 2606 634 2646 conservationem,
652 2613 683 2639 et
701 2605 888 2639 salutarem
908 2606 1211 2651 gubernationem,
1235 2609 1237 2647 i
1263 2623 1376 2644 unum
1401 2618 1520 2655 caput,
1557 2613 1600 2645 ad
1623 2611 1754 2645 Filium
1780 2612 1866 2653 Dei,
1899 2618 1930 2645 et
1955 2622 2017 2654 per
2041 2609 2173 2644 Filium
2200 2612 2243 2643 ad

229 2659 318 2693 sicut
335 2655 391 2690 hic
409 2656 540 2701 inquit:
569 2656 776 2691 Sacerdotes
793 2656 866 2690 eius
887 2657 1084 2693 induantur
1108 2660 1209 2694 iusti-
1233 2654 1237 2691 l
1263 2669 1442 2697 aeternum
1465 2669 1612 2707 patrem.
