2379 2948
212 118 283 156 345
416 113 621 151 SCRIPTA
650 113 724 147 PH.
753 109 866 145 MEL.
896 108 962 145 AD
989 109 1115 145 HIST.
1142 107 1284 146 PROF.
1316 107 1382 144 ET
1410 106 1600 144 PHILOS.
1628 106 1945 145 SPECTANTIA.
2136 109 2209 144 344

207 209 239 235 et
266 201 301 234 in
326 200 489 233 omnibus
519 199 653 232 artibus
682 196 784 229 etiam
813 206 940 239 paucae
963 196 1182 229 demonstra·
1208 199 1211 232 Ι

1315 190 1515 229 ¹Secundo:
1545 191 1664 228 Mores
1686 200 1718 227 et
1740 194 1854 227 studia
1877 194 2001 228 melius
2019 196 2090 238 regi
2115 201 2213 240 pote-

209 253 322 285 tiones
360 252 548 284 multarum
586 257 792 289 magnarum
832 257 948 280 rerum
988 246 1183 280 doctrinam
1208 234 1211 266 l
1236 252 1339 286 runt,
1366 245 1519 288 inspecta
1538 244 1779 278 inclinatione.
1833 243 1921 277 Nam
1948 246 2092 278 infoelix
2113 246 2213 278 miles

254 302 402 334 ntiuent.

209 315 247 335 ω
310 350 446 383 Deinde
473 347 580 379 multa
607 352 687 379 sunt
711 346 929 389 probabilia,
956 346 1084 390 quibus
1112 345 1185 388 ple-

211 411 346 444 runque
364 398 576 440 respondent
600 402 760 435 eventus,
789 408 877 440 quae
895 396 998 429 etiam
1017 408 1090 427 non
1105 401 1186 427 sunt
1210 394 1212 400 '

211 449 446 492 aspernanda,
473 454 511 479 ut
537 447 572 478 in
589 453 661 479 arte
682 446 816 479 medica
842 457 941 489 saepe
969 445 1186 487 probabilem

211 499 382 532 rationem
407 497 562 529 medicus
583 496 757 540 sequitur,
784 502 821 528 ut
846 508 923 528 cum
948 495 1187 538 Hippocrates,

212 555 249 581 nt
265 554 394 580 arceret
405 559 421 579 a
433 545 614 579 Thessalia
627 557 762 578 saevam
775 545 1012 578 Pestilentiam
1028 556 1187 587 grassan-

213 607 281 632 tem
308 596 526 630 horribiliter
548 597 585 628 in
611 596 743 634 Attica,
771 595 871 628 iussit
897 595 1039 627 incendi
1075 594 1188 638 sylvas

212 648 325 680 ventis
350 647 502 679 incitatis
529 657 647 679 versus
670 644 840 684 Atticam,
875 645 963 677 ratio
996 644 1188 688 probabilis

211 698 278 731 suit
303 695 408 729 huius
438 696 592 733 consilii,
625 702 657 728 et
681 702 796 727 tamen
818 695 999 737 respondit
1033 700 1188 726 eventus.

213 747 322 790 Saepe
341 747 433 779 enim
452 758 557 789 parva
573 752 750 778 momenta
773 745 809 776 in
834 751 957 777 natura
982 742 1112 778 habent
1139 744 1189 776 ef-

216 797 384 830 sectiones
401 808 472 828 non
491 795 774 828 contemnendas.

317 846 528 890 Quanquam
558 845 665 887 igitur
695 856 758 877 nec
782 845 900 878 omnia
925 845 1079 889 prospici
1108 856 1190 888 pos·
1215 864 1217 869 ‹

216 903 314 935 sunt,
347 907 411 928 nec
443 894 757 929 demonstrationes
788 902 871 928 sunt
905 896 1066 928 omnium
1089 906 1189 938 prae-

216 952 415 989 ceptorum,
442 951 556 978 tamen
584 957 706 987 magna
727 945 861 978 utilitas
888 952 957 985 est,
984 946 1102 978 videre
1126 945 1190 977 ali-

217 1007 302 1040 quas
331 995 577 1029 inclinationes
607 995 826 1038 praecipuas,
863 1008 951 1039 quae
975 996 1129 1038 insignes
1154 995 1190 1026 in

216 1047 286 1079 vita
309 1045 518 1079 offensiones
551 1046 708 1088 pariunt,
759 1045 826 1077 nisi
858 1046 1041 1087 diligentia
1074 1051 1192 1077 nostra

217 1102 249 1129 et
264 1096 393 1129 auxilio
414 1095 535 1127 divino
552 1095 716 1127 vitentur.
768 1092 813 1127 Et
836 1106 875 1127 ex
902 1095 1019 1138 paucis
1044 1094 1194 1137 insigni-

217 1147 282 1178 bus
305 1145 615 1184 inclinationibus,
651 1155 739 1188 quae
762 1156 861 1177 veras
888 1142 1020 1178 hahent
1045 1145 1193 1177 demon-
1218 1156 1220 1169 t

214 1195 416 1234 strationes,
465 1195 575 1227 multa
613 1194 679 1226 alia
725 1194 954 1237 probabiliter
990 1195 1193 1229 ratiocinari

216 1242 376 1277 homines
399 1255 533 1287 sagaces
562 1250 722 1287 possunt:
762 1251 800 1277 ut
824 1245 883 1288 qui
910 1252 1053 1288 propter
1078 1246 1193 1277 insau—

218 1302 286 1327 stos
303 1295 436 1337 positus
461 1294 640 1327 stellarum
663 1294 768 1327 bilem
795 1292 900 1327 habet
924 1296 1103 1334 adustam,
1137 1293 1192 1327 hic
1219 1304 1220 1327 1

217 1356 296 1377 cum
312 1345 469 1377 furenter
484 1344 672 1376 iracundus
695 1344 755 1382 sit,
781 1350 812 1376 et
838 1344 1060 1385 inconstans,
1087 1351 1119 1378 et
1144 1345 1192 1377 le-

216 1394 316 1436 gibus
333 1400 519 1427 contumax
531 1418 540 1431 ,
567 1399 600 1426 et
616 1393 740 1425 similis
754 1393 886 1426 furioso
898 1421 906 1434 ‚
932 1396 1072 1427 tandem
1090 1395 1191 1427 etiam

218 1444 254 1476 in
280 1444 395 1486 legum
419 1443 541 1486 poenis
568 1440 738 1478 haerebit.

320 1492 369 1526 Ita
401 1493 593 1526 videndum
630 1500 699 1536 est,
743 1504 831 1537 quae
860 1494 973 1534 bona,
1012 1501 1071 1527 aut
1107 1506 1193 1538 quae

218 1543 308 1576 mala
334 1540 551 1576 cohaereant.
612 1542 694 1576 Ideo
724 1543 899 1585 eleganter
929 1544 1045 1588 inquit
1077 1544 1194 1577 Ptole-

217 1605 353 1633 maeus,
393 1593 588 1625 ornandam
622 1604 694 1626 esse
726 1600 853 1631 artem,
894 1601 926 1627 et
951 1595 1192 1627 instruendam

220 1643 316 1676 velut
334 1643 480 1683 viatico,
509 1654 547 1675 ex
567 1643 744 1675 communi
761 1640 993 1688 physicorum
1021 1645 1194 1685 doctrina,
1220 1651 1221 1654 ’

218 1693 315 1726 iubet
331 1692 423 1725 enim
441 1698 549 1725 artem
568 1693 776 1737 φιλοκαλεῖν
793 1691 855 1726 καὶ
873 1691 1092 1739 ἐφοδιάζειν.

320 1742 509 1787 Postquam
526 1743 616 1781 dixi,
642 1749 675 1775 et
699 1748 811 1775 artem
834 1754 905 1776 esse
929 1745 1124 1778 doctrinam
1151 1745 1194 1777 de

218 1792 396 1825 effectibus
429 1792 625 1832 stellarum,
659 1798 692 1825 et
717 1804 818 1825 usum
852 1793 944 1834 eius,
976 1801 1015 1828 ut
1043 1795 1193 1828 aliarum

218 1840 439 1886 physicarum
460 1842 748 1885 praedictionum,
770 1854 970 1878 concessum
989 1856 1074 1885 esse,
1101 1856 1195 1878 nunc
1221 1864 1222 1870 κ

221 1892 262 1924 de
279 1892 428 1925 utilitate
450 1892 572 1926 dicam.

320 1940 400 1974 Non
423 1941 517 1973 enim
538 1953 657 1974 verum
683 1948 732 1975 est
754 1941 900 1977 Pindari
922 1943 1072 1982 dictum,
1101 1946 1193 1989 quod

220 2002 239 2023 a
256 1989 402 2024 Platone
424 1991 607 2030 recitatur,
633 1989 799 2036 Physicos
825 1995 1009 2037 decerpere
1033 1994 1194 2028 inutilem

219 2041 370 2073 fructum
403 2040 609 2084 sapientiae,
642 2038 786 2086 δρέπειν
821 2042 927 2088 ἀτελῆ
958 2043 1103 2089 καρπὸν
1133 2056 1194 2079 σο-

220 2087 319 2134 φίας.
377 2090 564 2123 Manifesta
599 2097 649 2122 est
679 2091 773 2124 enim
804 2093 934 2126 utilitas
967 2095 1051 2126 artis
1083 2097 1194 2128 medi-

223 2151 293 2174 cae.
346 2137 392 2173 Et
423 2137 508 2173 haec
544 2152 583 2173 ex
617 2140 694 2173 aliis
737 2141 916 2176 elementis
955 2142 1106 2189 physicis
1136 2158 1194 2179 ex-

221 2196 330 2224 tructa
360 2197 419 2223 est.

321 2239 482 2273 Breviter
504 2247 617 2273 autem
642 2253 737 2274 nunc
759 2239 865 2275 huius
888 2243 998 2286 partis
1028 2245 1195 2279 utilitates

222 2290 424 2333 praecipuas
448 2291 618 2330 recitabo,
644 2291 681 2323 in
700 2303 848 2336 quarum
865 2295 1195 2328 commemoratione

222 2340 417 2382 adparehit,
442 2352 506 2372 nos
528 2341 571 2373 de
592 2342 813 2374 naturalibus
836 2342 1123 2377 inclinationibus
1142 2345 1193 2378 lo-

225 2389 301 2431 qui,
328 2401 391 2422 nec
408 2390 549 2423 miscere
572 2392 832 2434 supersticiosas
849 2393 1119 2429 observationes.

323 2437 479 2472 Primum
497 2440 603 2482 igitur
618 2442 758 2484 prodest
775 2443 816 2475 ad
836 2443 1002 2476 tuendam
1019 2444 1194 2478 valetudi-

221 2498 319 2526 nem,
346 2495 379 2520 et
404 2489 580 2528 vitandos,
616 2498 676 2524 aut
703 2498 792 2526 certe
821 2492 1011 2535 mitigando
1043 2495 1194 2531 morbos.

223 2535 274 2569 Ac
296 2536 436 2570 libellus
455 2545 545 2571 extat
567 2538 658 2572 inter
677 2540 803 2574 Galeni
822 2554 945 2586 opera,
972 2543 1136 2578 collectus
1153 2557 1192 2577 ex

220 2584 362 2626 Diocle,
390 2587 449 2631 qui
466 2586 634 2630 Antigoni
658 2591 746 2632 regis
765 2591 925 2625 Medicus
952 2593 1035 2634 suit,
1059 2595 1194 2630 erudite

220 2636 390 2669 disserens
407 2638 449 2670 de
466 2638 576 2671 causis
595 2640 799 2675 coelestibus
815 2644 1031 2678 morborum.

1209 285 1212 331 l,
1237 303 1269 329 et
1286 296 1423 339 ineptus
1439 294 1610 335 musicus,
1633 301 1691 328 aut
1708 297 1809 338 poeta
1825 294 1900 334 erit,
1923 295 1984 338 qui
1999 302 2213 339 repugnante

1240 345 1488 385 inclinatione,
1515 352 1573 378 aut
1589 345 1760 385 militare,
1787 351 1846 377 ant
1863 356 1985 377 canere
2001 346 2105 378 volet.
2143 345 2212 379 Sed

1239 396 1433 428 consideret
1459 395 1606 439 quisque
1631 395 1716 439 quid
1744 395 1967 427 mediocriter
1989 394 2129 427 iuvante
2151 408 2213 428 na—

1212 439 1213 465 l
1238 452 1337 485 tura,
1362 445 1495 477 efficere
1519 446 1645 488 possit,
1670 457 1708 479 ac
1732 445 1841 478 bonas
1866 444 2112 478 inclinationes
2133 445 2215 477 dili—

1239 495 1353 537 gentia
1371 495 1524 535 adiuvet,
1548 507 1670 537 pravas
1689 495 1867 538 reprimat,
1895 495 1982 528 sicut
1999 493 2217 528 Ptolemaeus

1239 545 1428 589 praecipit,
1458 545 1635 588 inquiens:
1671 545 1818 588 Sapiens
1841 545 1958 577 anima
1983 545 2125 578 adiuvat
2145 545 2217 577 vim

1213 622 1215 639 a
1240 595 1441 632 coelestem,
1475 595 1563 627 sicut
1593 596 1707 628 bonus
1737 595 1887 638 agricola
1924 595 2059 628 cultura
2090 601 2217 628 terram

1241 645 1391 678 adiuvat.

1342 701 1475 735 Natura
1500 702 1538 735 fit
1561 703 1774 748 plerunque,
1804 710 1843 737 ut
1866 710 2059 746 congruant
2086 710 2219 747 tempe-

1242 759 1415 793 ramenta,
1442 752 1689 786 inclinationes
1716 759 1749 786 et
1765 760 1917 786 eventus.
1967 753 2106 787 Bonum
2127 761 2218 787 tem-

1242 809 1483 847 peramentum
1511 804 1667 847 corporis
1695 804 1805 846 gignit
1823 810 1939 836 motus
1969 805 2219 838 moderatiores

1243 860 1275 886 et
1298 853 1406 896 magis
1430 854 1616 895 regulares.
1667 853 1804 886 Malum
1827 861 2140 897 temperamentum
2162 866 2218 887 ra-

1244 903 1345 947 pidos
1367 909 1483 937 motus
1507 904 1591 942 ciet,
1620 905 1674 936 vel
1697 905 1740 936 ad
1764 905 1871 943 iram,
1896 903 1952 936 vel
1975 905 2016 936 ad
2042 904 2219 937 libidines:

1244 960 1283 986 ut
1305 953 1377 987 nati
1401 954 1438 985 in
1466 955 1713 987 coniunctione
1737 953 1846 995 Solis,
1880 953 2002 986 Lunae
2027 961 2059 987 et
2081 953 2219 991 Martis,

1245 1010 1303 1036 aut
1319 1010 1409 1037 certe
1423 1004 1452 1036 si
1462 1003 1578 1037 Solem
1599 1011 1630 1037 et
1640 1004 1777 1037 Lunam
1796 1005 1832 1036 in
1846 1004 2103 1045 coniunctione,
2123 1003 2221 1037 Mars

1245 1054 1388 1086 aliunde
1410 1054 1562 1087 infausto
1584 1061 1722 1098 aspectu
1743 1055 1883 1098 aspicit,
1918 1060 2061 1098 propter
2082 1055 2220 1097 sangui-

1218 1116 1220 1153 3
1246 1115 1324 1136 nem
1341 1104 1442 1136 valde
1457 1111 1585 1144 ustum,
1613 1111 1645 1137 et
1664 1105 1806 1148 spiritus
1822 1105 1975 1137 fumosos
1994 1111 2027 1137 et
2042 1106 2221 1137 mordaces

1246 1160 1500 1193 exaestuantes,
1528 1166 1591 1186 nec
1611 1155 1723 1187 crasin
1742 1155 1870 1187 bonam
1888 1151 2040 1193 habent,
2065 1166 2129 1186 nec
2145 1166 2223 1185 mo·-

1246 1215 1298 1236 res
1318 1204 1490 1247 placidos,
1516 1213 1666 1249 suntque
1683 1204 1888 1248 praecipites
1902 1204 1939 1236 in
1957 1203 2055 1237 iram.
2106 1201 2153 1238 Et
2167 1204 2224 1237 in-

1219 1286 1220 1290 ,
1246 1255 1383 1288 terdnm
1406 1254 1483 1287 irati
1503 1261 1611 1287 ruunt
1628 1254 1664 1286 in
1690 1254 1806 1288 tristes
1829 1260 1861 1287 et
1884 1253 2032 1296 tragicos
2049 1265 2155 1290 casus.

1349 1319 1452 1352 Tales
1470 1327 1625 1360 naturae,
1653 1320 1715 1353 etsi
1732 1326 1814 1353 sunt
1830 1319 2021 1358 infoelices,
2047 1318 2134 1352 aliae
2150 1330 2225 1353 ma-

1247 1369 1315 1411 gis,
1342 1370 1430 1402 aliae
1448 1370 1582 1409 minus,
1609 1376 1724 1402 tamen
1751 1370 1778 1401 si
1800 1369 1978 1402 stellarum
2001 1369 2116 1412 positu
2141 1381 2225 1401 con-

1248 1419 1418 1459 siderato,
1447 1419 1599 1462 pericula
1620 1419 1872 1462 prospexerint,
1898 1425 1932 1452 et
1946 1419 2083 1451 frenare
2102 1429 2137 1451 se
2153 1419 2225 1452 dis-

1247 1469 1376 1512 ciplina
1396 1470 1618 1509 annitantur,
1641 1470 1750 1503 multa
1770 1481 1869 1501 saeva
1886 1469 1976 1501 mala
1997 1468 2106 1502 vitare
2127 1476 2226 1512 pote-

1248 1525 1349 1558 runt,
1383 1519 1463 1563 qnia
1492 1525 1610 1552 manet
1635 1519 1673 1551 in
1704 1526 1827 1552 natura
1856 1517 2040 1552 hominum
2071 1519 2226 1558 libertas,

1248 1581 1337 1612 qnae
1363 1580 1486 1612 pravas
1511 1569 1758 1602 inclinationes
1774 1567 1956 1601 cohercere
1978 1575 2101 1613 potest.
2154 1568 2227 1602 Nec

1220 1629 1222 1646 ι
1247 1618 1341 1652 Deus
1372 1620 1499 1652 frustra
1531 1619 1753 1662 disciplinam
1785 1619 1946 1652 instituit.
1999 1616 2045 1652 Et
2071 1619 2224 1653 multum

1220 1703 1221 1707 Ἰ
1250 1669 1366 1702 valent
1398 1669 1434 1701 in
1459 1669 1619 1711 regendis
1647 1670 1825 1709 moribus,
1855 1669 2040 1709 sobrietas,
2075 1669 2224 1703 circum-

1220 1730 1222 1743 ·
1249 1720 1397 1763 spectio,
1431 1719 1642 1752 adsuefactio
1661 1720 1703 1752 ad
1729 1719 1963 1752 contationem
1992 1726 2025 1753 et
2047 1720 2090 1752 ad
2114 1720 2225 1763 repri-

1220 1769 1222 1807 ἱ
1247 1770 1392 1802 mendos
1406 1770 1540 1802 subitos
1556 1770 1716 1813 impetus.
1750 1767 1797 1802 Et
1813 1767 1897 1802 baec
1913 1769 2095 1812 diligentia
2113 1770 2224 1803 multo

1220 1831 1222 1835 ¹
1249 1826 1299 1853 est
1316 1819 1494 1863 foelicior,
1524 1832 1601 1852 cum
1620 1820 1751 1853 accedit
1767 1820 1892 1853 ardens
1910 1820 2084 1853 invocatio
2099 1817 2178 1854 Dei.

1220 1884 1223 1916 ἰ
1349 1878 1497 1912 Prodest
1520 1879 1627 1921 igitur
1646 1879 1888 1923 aliquo'modo
1912 1878 2115 1921 praevidere
2131 1879 2226 1922 peri-

1250 1930 1346 1967 cula,
1373 1936 1412 1962 ut
1435 1929 1588 1961 remedia
1611 1935 1729 1961 contra
1756 1940 1794 1960 ea
1815 1927 2018 1970 diligentius
2042 1940 2226 1972 opponan-

1248 1986 1317 2014 tur.
1370 1978 1422 2011 De
1445 1991 1511 2023 qua
1531 1978 1680 2012 utilitate
1704 1979 1830 2010 addam
1851 1984 1882 2010 et
1904 1975 1994 2011 hanc
2012 1978 2225 2012 admonitio-

1248 2042 1327 2063 nem
1344 2029 1493 2063 tertiam.

1350 2087 1490 2120 Tertio:
1527 2085 1609 2119 ldeo
1632 2087 1734 2119 etiam
1759 2087 1899 2128 prodest
1919 2097 2020 2120 nosse
2045 2087 2224 2120 stellarum

1249 2138 1517 2181 significationes
1539 2138 1648 2170 bonas
1670 2143 1703 2170 et
1725 2137 1853 2177 malas,
1879 2143 1918 2170 ut
1935 2137 2009 2181 ipsa
2030 2148 2094 2170 nos
2110 2138 2225 2170 consi-

1249 2188 1383 2221 deratio
1399 2194 1544 2221 naturae
1560 2186 1713 2227 erudiat,
1739 2198 1778 2219 ac
1794 2188 1974 2226 ostendat,
2001 2187 2062 2231 qui
2081 2193 2224 2221 eventus

1249 2251 1266 2271 a
1284 2236 1436 2283 physicis
1453 2237 1563 2270 causis
1579 2248 1640 2270 seu
1662 2237 1770 2270 stellis
1798 2237 1938 2280 proprie
1966 2238 2136 2277 oriantur,
2162 2237 2222 2281 qui

1248 2288 1388 2332 proprie
1405 2288 1566 2321 oriantur
1581 2299 1599 2320 a
1617 2286 1711 2327 Deo,
1738 2287 1798 2331 qui
1817 2299 1835 2320 a
1851 2286 2024 2323 Diabolis.
2075 2286 2223 2330 Propter

1248 2337 1313 2371 hoc
1337 2338 1526 2371 discrimen
1552 2337 1669 2371 sobria
1693 2337 1924 2371 consideratio
1949 2337 2129 2371 stellarum
2150 2337 2222 2370 uti-

1247 2389 1291 2421 lis
1310 2394 1370 2422 est.

1349 2443 1465 2477 Multa
1494 2451 1575 2478 sunt
1598 2444 1763 2478 beneficia
1796 2446 1915 2479 divina
1938 2445 2161 2490 quotidiana,
2188 2454 2221 2479 et

1248 2495 1376 2528 multae
1391 2494 1634 2535 liberationes,
1661 2507 1749 2540 quae
1765 2507 1836 2529 non
1858 2501 2003 2539 possunt
2018 2496 2160 2539 proprie
2175 2497 2219 2529 ad

1247 2545 1361 2578 stellas
1378 2545 1518 2584 referri,
1545 2552 1584 2578 ut
1610 2545 1832 2579 incolumitas
1848 2543 2006 2579 Danielis
2030 2545 2123 2579 inter
2145 2546 2219 2578 leo-

1246 2606 1318 2629 nes,
1377 2592 1529 2628 Econtra
1551 2595 1652 2628 valde
1675 2596 1867 2630 multorum
1892 2606 2006 2628 mores
2030 2595 2218 2629 deteriores

1247 2651 1346 2685 sunt,
1374 2651 1406 2678 et
1423 2645 1534 2679 exitus
1551 2646 1742 2689 tristiores,
1767 2656 1871 2691 quam
1887 2646 2006 2690 quales
2021 2645 2220 2689 significan—
