2379 2948
169 112 263 147 1143

166 198 223 230 Sic
245 195 348 229 etiam
364 193 478 227 David
504 192 564 224 etsi
584 202 720 223 8311511111
739 186 844 221 habet
860 187 984 221 iustam
999 214 1007 226 ‚
1035 193 1151 219 tamen

167 247 296 280 multos
329 245 476 278 viciosos
511 242 653 274 allectus
688 240 775 272 alios
800 237 922 271 habet:

167 298 356 331 dilectione
386 294 451 327 Dei
491 299 661 337 quantum
698 291 818 327 debet,
869 287 975 322 habet
1006 287 1152 320 viciosas

167 349 325 382 flammas
350 344 583 388 cupiditatum
607 342 752 379 multas,
781 340 859 373 ideo
884 340 1013 373 fatetur
1028 350 1061 370 se
1081 348 1153 369 non

170 411 240 432 esse
258 398 387 430 iustum
403 406 518 428 coram
535 392 630 434 Deo,
660 398 802 436 propter
817 403 913 424 suam
932 388 1154 427 munditiem,

169 451 226 483 sed
253 459 313 491 per
338 444 613 479 misericordiam
635 449 776 487 propter
790 441 1040 474 Mediatorem.
1097 437 1154 471 Sic

170 501 205 533 fit
232 509 379 543 persona
407 497 504 529 iusta.
559 493 637 528 Huc
656 494 806 537 pertinet
824 493 972 526 dictum:
1002 488 1109 522 Non
1100 500 1154 520 111-

170 558 239 584 tres
264 550 299 581 in
326 547 498 581 iudicium
525 558 601 578 cum
627 557 727 578 serso
753 551 833 584 tuo,
860 543 940 587 qnia
965 552 1038 574 non
1055 539 1156 573 iusti-

170 600 331 634 ficabitur
355 599 390 631 in
415 603 603 641 conspectu
626 603 686 629 tuo
710 595 824 628 omnis
849 607 905 625 xix
910 605 987 633 ens
1026 590 1157 624 scilieet

172 652 265 696 quod
283 651 326 682 ad
345 649 517 682 iusticiam
536 658 705 691 personae
722 646 856 679 attinet.

272 699 415 734 Certum
442 705 493 732 851
517 705 632 731 autem
657 697 829 730 iusticiam
848 696 960 728 bonae
977 693 1158 726 conscien-

172 753 239 786 tiae
273 751 440 784 omnibus
473 749 702 782 necessariam
731 759 823 785 esse,
858 753 889 778 et
913 745 949 777 in
975 744 1098 788 primis
1122 743 1159 774 in

173 801 421 836 controversiis
447 800 644 839 doctrinae,
673 805 705 831 et
730 798 766 830 in
784 796 1001 829 confessione
1020 805 1158 827 necesse

173 860 223 887 est
246 865 310 886 1105
329 851 538 885 certissimos
555 862 644 890 esse,
673 849 768 893 quod
786 847 945 880 doctrina
965 858 1069 891 quam
1086 855 1159 877 am-

171 904 376 949 plectimur,
409 913 489 934 vera
522 907 555 934 et
581 899 773 933 necessaria
798 898 862 937 sit,
899 897 980 942 quia
1005 894 1159 929 Ecclesia

173 967 245 988 non
268 960 317 987 cst
341 952 515 986 turbanda
538 951 633 984 falsis
655 948 902 994 opinionibus,
931 954 990 980 aut
1006 958 1079 980 non
1098 958 1159 978 ne-

174 1005 330 1039 cessariis
347 1003 440 1037 rixis.

274 1055 342 1088 Hic
366 1060 504 1098 oportet
527 1064 591 1085 1105
607 1063 728 1085 01111185
747 1049 841 1084 hunc
858 1049 1022 1083 ordinem
1041 1049 1160 1082 obser-

176 1119 271 1140 vare:
307 1105 469 1138 Primum
501 1114 729 1147 agnoscamus
761 1113 878 1135 coram
902 1100 976 1134 Deo
1003 1100 1090 1140 fide,
1125 1099 1159 1131 id

175 1165 243 1198 est,
268 1155 507 1189 misericordia
531 1154 595 1188 Dei
625 1159 768 1198 propter
794 1151 1029 1185 Mediatorem
1053 1149 1160 1193 recipi

175 1219 371 1253 personam.
444 1205 567 1239 Postea
601 1206 750 1237 sciamus
783 1202 857 1236 Deo
893 1203 996 1236 etiam
1028 1201 1163 1245 placere

176 1257 414 1293 obedientiam
439 1257 476 1289 in
496 1257 566 1289 bon
572 1267 609 1287 118
629 1267 750 1288 causae
770 1253 972 1287 defensione
989 1252 1082 1284 iuxta
1101 1263 1162 1283 xo-

177 1310 369 1348 83110118111,
395 1314 426 1341 81
442 1307 491 1340 1111
507 1314 545 1340 111
562 1306 672 1350 possis
689 1306 853 1337 invocare
868 1303 982 1336 Deum
999 1309 1030 1335 et
1047 1308 1162 1346 petere

177 1360 345 1395 auxilium
363 1359 404 1391 ad
423 1358 678 1391 defendendam
695 1367 846 1392 cansam,
875 1354 976 1386 etiam
986 1353 1061 1387 Deo
1079 1365 1163 1396 pro—

178 1411 281 1456 ponis
296 1409 470 1442 iusticiam
489 1419 622 1447 causae,
647 1407 728 1450 quia
750 1417 823 1438 non
842 1411 891 1437 est
908 1405 1109 1447 petendum,
1126 1410 1163 1435 ut

179 1472 298 1495 causas
323 1459 472 1492 iniustas
488 1457 584 1491 Deus
609 1457 767 1497 adiuvet,
795 1462 826 1488 et
851 1456 923 1498 ipse
948 1453 1107 1497 promisit
1130 1464 1164 1485 58

178 1512 280 1546 1115115
303 1510 434 1549 8311515,
469 1516 501 1542 81
525 1508 728 1552 praesertim
751 1518 831 1539 suae
857 1505 1055 1545 doctrinae,
1088 1503 1164 1547 opi-

179 1563 373 1597 tulaturum
403 1570 493 1599 esse,
527 1570 615 1603 quae
644 1570 722 1590 cum
746 1556 887 1589 iudiciis
911 1553 1087 1588 humanae
1111 1565 1164 1586 53-

179 1613 330 1658 pientiae
355 1611 594 1654 improbetur,
622 1620 695 1640 non
722 1613 833 1650 potest
859 1606 934 1638 51118
959 1605 1091 1638 auxilio
1111 1604 1165 1636 di-

179 1666 262 1697 vino
285 1663 435 1695 vincere.
491 1659 589 1692 Talis
613 1658 775 1701 gloriatio
802 1658 915 1690 bonae
932 1655 1135 1688 conscientia
1138 1666 1166 1686 18

180 1717 218 1747 111
249 1711 483 1747 reconciliatis
506 1710 609 1743 etiam
635 1708 710 1742 Deo
736 1708 857 1751 placet.
928 1705 1010 1738 ldeo
1035 1705 1167 1738 Paulus

181 1765 313 1810 inquit:
350 1762 446 1796 Haec
475 1767 526 1794 est
553 1759 715 1803 gloriatio
748 1765 887 1798 nostra,
923 1756 1166 1790 testimonium

181 1814 413 1850 conscientiae
429 1819 576 1847 nostrae.

281 1865 420 1899 Deinde
437 1864 604 1897 adversus
619 1859 780 1896 homines
796 1859 988 1893 necessaria
1006 1865 1056 1892 est
1072 1870 1166 1891 com-

181 1916 390 1951 memoratio
415 1916 529 1947 bonae
551 1913 803 1951 conscientiae,
831 1911 912 1956 quia
929 1917 979 1943 est
995 1909 1167 1943 confessio

181 1971 219 2001 in
242 1979 342 2001 causa
368 1977 447 1999 vera
474 1972 505 1998 et
532 1964 639 2004 iusta,
672 1970 705 1996 81
730 1962 913 1995 confirmat
937 1961 1024 2005 pios.
1084 1959 1168 1992 Ideo

182 2025 273 2052 recte
304 2017 416 2051 utitur
440 2015 557 2048 David
590 2012 925 2047 commemoratione
949 2013 1059 2044 bonae
1084 2022 1167 2044 con-

184 2069 348 2103 scientiae
365 2078 481 2101 coram
500 2064 595 2103 Deo,
621 2070 652 2097 et
671 2064 836 2096 adversus
854 2060 1026 2095 homines.

282 2118 394 2152 Primi
420 2118 490 2150 duo
515 2127 634 2148 sersus
660 2120 740 2147 sunt
766 2113 981 2157 propositio,
1006 2123 1094 2157 quae
1119 2118 1169 2145 est

183 2170 354 2216 precatio:
382 2166 518 2213 Eripe,
544 2169 689 2212 prolege
708 2168 737 2197 et
754 2175 856 2197 ser-sa
874 2173 940 2198 me.

284 2220 427 2254 Tertius
448 2228 568 2251 versus
589 2215 744 2249 narratio
770 2222 819 2248 est
845 2213 1013 2258 periculi,
1041 2213 1169 2256 ampli-

182 2274 279 2307 ficata
304 2268 639 2304 commemoratione
663 2267 777 2300 bonae
791 2264 1042 2304 conscientiae,
1070 2276 1170 2308 quae,

183 2331 222 2358 ut
243 2322 412 2361 diximus,
441 2321 478 2353 in
498 2330 598 2353 causa
616 2330 719 2363 quam
737 2316 959 2350 defendimus
978 2315 1167 2347 necessaria

184 2382 233 2408 est
254 2385 370 2407 coram
386 2371 462 2406 Deo
487 2377 520 2404 et
542 2367 762 2402 hominibus.
815 2367 904 2401 Nam
923 2378 940 2399 3
956 2364 1031 2399 Deo
1047 2372 1169 2409 peten-

183 2427 266 2458 dum
291 2435 364 2457 non
389 2429 457 2460 est,
485 2428 524 2455 ut
546 2421 688 2454 adiuvet
710 2429 830 2452 causas
854 2417 1020 2457 iniustas,
1049 2423 1084 2450 et
1107 2417 1169 2448 de—

182 2475 377 2508 fensionem
407 2484 566 2507 errorum
597 2478 630 2505 et
655 2469 940 2507 mendaciorum,
977 2468 1035 2501 sed
1061 2467 1168 2500 simus

185 2526 268 2559 certi
287 2537 349 2557 nos
364 2525 454 2558 tueri
471 2534 607 2557 causam
625 2522 764 2560 iustam,
792 2527 824 2553 et
842 2530 1034 2564 propagare
1049 2529 1166 2551 veram

185 2583 216 2610 et
231 2575 458 2609 necessariam
477 2574 686 2608 doctrinam.

282 2625 378 2659 Haec
395 2637 471 2657 cum
487 2626 523 2657 in
539 2623 751 2657 conscientia
769 2629 862 2656 certo
876 2621 1063 2655 constituta
1075 2625 1166 2659 sunt,

182 2678 383 2711 accedamus
400 2676 443 2708 ad
452 2674 563 2708 Deum
575 2702 584 2715 ,
610 2682 642 2708 et
659 2675 701 2708 ab
718 2674 792 2718 ipso
809 2681 985 2718 petamus,
1011 2678 1049 2705 ut
1065 2670 1165 2704 iusti—

758 102 881 136 PHlL.
909 100 1023 136 MEL.
1054 98 1261 134 SCRIPTA
1290 94 1589 132 EXEGETICA.

959 250 1031 270 non
1055 236 1153 268 ardet
1178 231 1180 274 [

1191 2673 1194 2710 ἱ
1220 2669 1306 2709 11115,

2090 94 2185 129 1144

1204 184 1276 216 ciae
1301 190 1333 216 et
1354 182 1491 216 veritati
1511 194 1613 226 opem
1631 182 1730 215 ferat.
1785 180 1833 215 Ut
1850 180 1886 213 in
1901 181 2013 224 prima
2029 178 2190 225 Epistola

1206 234 1349 267 Ioannis
1374 245 1448 277 cap.
1474 233 1537 267 ult.
1562 232 1706 265 dicitnr:
1742 231 1837 264 Ilaec
1860 238 1911 264 est
1936 230 2062 264 fiducia
2085 243 2189 276 quam

1205 283 1375 318 habemus
1399 285 1442 317 ad
1462 282 1594 322 Deum,
1623 283 1716 328 quod
1744 283 1771 314 si
1797 282 1880 326 quid
1901 281 2050 326 petimus
2068 293 2191 315 secun-

1207 336 1289 369 dum
1310 335 1528 369 voluntatem
1548 334 1640 374 eius,
1667 334 1765 367 audit
1780 344 1856 368 1105.

1309 393 1447 428 Deinde
1478 401 1510 427 et
1538 405 1655 426 coram
1686 390 1892 426 hominibus
1919 391 2112 424 necessaria
2145 399 2193 424 est

1208 446 1414 479 asseveratio
1436 446 1547 477 bonae
1564 444 1815 483 conscientiae,
1840 450 1879 476 ut
1896 442 2005 475 sciant
2023 439 2195 482 homines,

1209 508 1273 529 nos
1307 508 1422 529 veram
1456 503 1488 529 81
1519 495 1747 528 necessariam
1779 493 1975 528 doctrinam
2000 493 2195 525 defendere.

1210 546 1292 580 Ideo
1311 544 1368 579 hic
1387 547 1489 579 dicit:
1516 543 1604 580 Non
1622 550 1671 578 est
1688 543 1932 590 transgressio
1948 555 2046 581 mea,
2074 547 2104 575 et
2123 554 2195 575 non

1211 601 1259 630 est
1284 600 1465 643 peccalum
1487 608 1621 635 meum,
1650 597 1685 628 id
1713 603 1782 635 est,
1811 594 1916 628 huius
1941 595 2081 627 sceleris
2101 594 2195 639 quod

1211 646 1299 681 mihi
1323 647 1485 681 tribuunt
1509 645 1626 680 hostes
1648 659 1719 679 non
1739 659 1814 680 sum
1831 657 1930 685 reus,
1958 657 2030 678 non
2048 657 2124 678 sum
2143 656 2197 677 se-

1212 700 1379 739 ditiosus,
1407 710 1478 731 non
1504 704 1628 741 appeto
1652 709 1808 740 regnum.
1862 696 1907 730 Et
1926 693 2087 729 Christus
2105 695 2198 728 eius-

1213 763 1279 795 que
1301 749 1465 793 Apostoli
1500 749 1678 781 dicebant:
1721 747 1802 781 Non
1838 758 1957 780 sumus
1989 744 2198 790 blasphemi,

1212 813 1285 834 non
1303 800 1498 844 spargimus
1517 810 1667 840 errores,
1695 799 1753 832 sed
1771 810 1887 831 veram
1904 797 2098 831 doctrinam
2116 808 2199 841 pro-

1214 863 1390 896 pagamus.

1316 903 1357 935 In
1382 902 1504 946 quinto
1531 901 1630 934 addit
1654 901 1939 945 imprecationem
1964 898 2198 932 tristissimam

1215 960 1334 986 contra
1359 950 1493 985 hostes:
1521 949 1609 986 sVon
1634 950 1840 984 miserearis
1865 948 2120 983 contumaciter
2140 946 2199 981 de-

1216 1002 1475 1051 linquentium:
1505 1000 1714 1036 discurrant
1736 1006 1771 1035 ut
1792 1000 1971 1034 latrantes
1989 1011 2106 1035 canes.

1316 1062 1384 1096 Hic
1408 1063 1564 1107 quaestio
1593 1069 1660 1102 est,
1695 1074 1772 1095 cum
1799 1062 1966 1105 scriptum
1991 1060 2050 1094 sit:
2084 1060 2200 1093 Β8118-

1216 1114 1319 1148 dicite
1340 1114 1649 1151 maledicentibus,
1679 1125 1723 1145 311
1740 1113 1841 1145 liceat
1857 1111 2063 1144 maledicere
2080 1111 2201 1143 inimi-

1216 1166 1263 1198 cis
1276 1193 1283 1205 ‚
1310 1172 1347 1198 ut
1366 1176 1466 1208 saepe
1484 1165 1520 1197 fit
1536 1165 1573 1196 in
1593 1164 1739 1196 Psalmis
1752 1191 1760 1203 ,
1788 1170 1819 1196 81
1837 1169 1930 1196 101115
1947 1161 2107 1195 Ρ531111115
2122 1160 2202 1194 109.

1215 1217 1294 1250 13115
1327 1216 1531 1259 imprecatio
1564 1221 1629 1248 est:
1664 1214 1791 1247 Perdat
1815 1215 1858 1246 de
1880 1220 1971 1247 terra
1997 1212 2202 1246 memoriam

1217 1279 1356 1307 eorum,
1383 1272 1446 1301 etc.

1319 1324 1546 1369 Respondeo:
1569 1323 1825 1357 Universaliter
1837 1321 1919 1356 haec
1932 1330 2083 1367 quatuor
2093 1335 2202 1356 mem—

1217 1378 1278 1409 bra
1304 1387 1384 1408 vera
1407 1382 1500 1410 sunt.
1570 1374 1729 1407 Primum
1753 1386 1852 1406 causa
1877 1385 1981 1418 quam
2007 1370 2203 1418 blasphemi

1217 1433 1381 1466 tuentur,
1409 1426 1625 1458 severissime
1644 1425 1845 1457 damnanda
1864 1431 1923 1459 est.

1321 1483 1502 1525 Secundo,
1530 1484 1597 1527 ipsi
1617 1483 1724 1519 >etiam
1750 1480 2050 1525 blasphemiarum
2075 1494 2204 1527 propa-

1218 1541 1353 1578 gatores
1384 1534 1574 1567 damnandi
1606 1540 1707 1573 sunt,
1742 1545 1821 1565 811111
1853 1539 1995 1576 peccent
2027 1539 2204 1575 peccatum

1219 1586 1260 1617 ad
1286 1593 1453 1628 mortem,
1490 1582 1556 1617 hoc
1582 1591 1648 1625 851,
1676 1583 1899 1627 pertinaciter
1923 1590 2143 1627 perseverent
2167 1585 2203 1617 in

1219 1636 1358 1669 scelere.

1324 1686 1465 1727 Tertio,
1496 1698 1573 1719 cum
1597 1685 1671 1718 sine
1689 1685 1820 1718 auxilio
1839 1683 1905 1718 Dei
1924 1685 2063 1718 vincere
2079 1685 2206 1719 veritas

1220 1750 1293 1770 non
1318 1737 1444 1780 possit,
1472 1748 1608 1770 necesse
1631 1743 1681 1770 cst
1705 1748 1723 1769 a
1741 1734 1816 1770 Deo
1841 1743 1975 1781 petere,
2001 1742 2040 1770 ut
2058 1736 2131 1780 ipse
2149 1748 2204 1769 re-

1221 1789 1349 1833 primat
1367 1799 1518 1828 errores,
1545 1793 1576 1820 et
1592 1799 1751 1820 errorum
1767 1793 2057 1832 propugnatores,
2111 1785 2206 1821 Haec

1221 1839 1355 1884 precari
1379 1846 1429 1872 est
1452 1838 1658 1872 maledicere
1681 1838 1817 1882 impiis,
1843 1845 1876 1872 et
1894 1844 2012 1871 tamen
2029 1838 2130 1871 valde
2147 1837 2205 1882 pia

1222 1897 1255 1924 et
1273 1890 1466 1923 necessaria
1486 1889 1638 1933 precatio
1655 1895 1714 1922 est.

1324 1948 1479 1992 Quarto,
1507 1949 1592 1981 tales
1613 1947 1874 1980 maledictiones
1899 1946 1934 1979 in
1954 1945 2139 1991 Prophetis
2155 1949 2205 1982 le-

1221 2007 1348 2044 gantur
1364 2012 1436 2033 non
1450 2005 1586 2033 tantum
1603 2006 1641 2032 ut
1656 1996 1829 2031 humanae
1845 1997 2117 2041 indignationes,
2145 2000 2203 2032 sed

1222 2051 1339 2096 potius
1367 2058 1405 2084 ut
1437 2062 1503 2083 vox
1527 2049 1681 2093 Spiritus
1712 2049 1838 2088 sancti,
1870 2049 2014 2081 ferentis
2041 2049 2203 2082 ultimam

1221 2102 1431 2135 sententiam
1456 2102 1498 2134 de
1522 2098 1753 2144 blasphemis,
1788 2106 1819 2132 et
1845 2099 2059 2133 consolantis
2082 2098 2205 2134 Eccle-

1221 2153 1327 2193 siam,
1354 2159 1391 2186 ut
1417 2151 1502 2185 sciat
1525 2151 1706 2184 veritatem
1730 2150 1905 2183 victricem
1923 2151 2015 2190 fore,
2043 2157 2074 2183 81
2090 2150 2204 2184 Deum

1221 2215 1461 2247 repressurum
1487 2209 1519 2235 et
1543 2202 1796 2245 extirpaturum
1821 2213 1892 2234 esse
1916 2201 2022 2245 impia
2042 2202 2204 2244 dogmata

1222 2261 1254 2288 et
1277 2252 1500 2298 blasphemos
1522 2264 1642 2285 eorum
1667 2259 1956 2296 propugnatores,
2008 2251 2104 2285 Haec
2121 2265 2206 2285 con-

1221 2305 1346 2338 solatio
1370 2317 1447 2338 cum
1468 2302 1658 2336 necessaria
1683 2303 1727 2335 sit
1752 2301 1946 2341 Ecclesiae,
1980 2314 2081 2346 saepe
2105 2315 2203 2347 repe-

1221 2357 1303 2390 titae
1332 2362 1414 2389 sunt
1447 2353 1730 2397 maledictiones,
1767 2366 1855 2398 quae
1886 2354 2029 2399 quidem
2058 2354 2203 2396 scriptae

1221 2414 1303 2440 sunt
1327 2407 1435 2449 magis
1461 2406 1503 2438 ad
1529 2405 1764 2437 consolandos
1787 2411 1819 2438 et
1840 2405 2097 2438 confirmandos
2115 2403 2202 2447 pios,

1221 2470 1325 2503 quam
1344 2459 1386 2490 ad
1406 2457 1579 2490 sanandos
1596 2456 1742 2500 impios,
1770 2456 1831 2500 qui
1849 2467 1905 2488 eas
1921 2467 1992 2488 non
2010 2455 2141 2497 legunt.

1322 2515 1512 2560 Postquam
1543 2522 1659 2548 31118111
1691 2515 1823 2548 dictum
1850 2521 1901 2548 est
1925 2520 2016 2547 recte
2040 2513 2203 2547 maledici

1221 2564 1451 2610 blasphemis,
1487 2567 1552 2598 iam
1587 2573 1618 2599 et
1652 2566 1694 2598 de
1720 2566 1829 2599 altero
1853 2565 1945 2597 dicto
1967 2564 2202 2607 respondebo:

1219 2617 1421 2651 Benedicite
1450 2617 1756 2656 irnaledicentibiis,
1790 2616 1919 2648 scilicet
1944 2626 2015 2647 non
2042 2612 2202 2658 blasphe-

1341 2670 1399 2702 sed
1424 2668 1649 2702 sanabilibus,
1712 2667 1857 2709 Semper
1880 2665 1972 2698 enim
1998 2665 2035 2697 in
2057 2676 2202 2709 corpore
