2379 2948
135 106 184 142 25
866 107 913 144 11.

965 106 1112 143 LIBER
1141 106 1207 141 DE
1236 108 1408 148 AMMA.

2102 121 2148 154 26

135 190 245 237 ἧᾶηὸ
264 193 332 226 τοῦ
349 194 410 237 τῆς
424 193 600 240 p‘aorf‘pog
621 190 818 236 στόματος,
847 190 866 226 ὃ
889 189 935 237 δὴ
951 190 1012 227 καὶ
1033 189 1117 226 στό-
1169 191 1300 225 tionem
1324 196 1438 237 addit,
1463 197 1612 240 Manus,
1640 200 1675 233 id
1699 206 1765 241 est,
1797 201 2063 246 experientiam,
2092 216 2146 237 sa-

134 255 256 287 μαχον
274 240 429 276 εἰώθασι
445 245 570 278 καλεῖν
587 242 621 277 οἱ
636 240 767 288 ἰατροὶ.

235 302 386 340 Collum,
402 299 592 346 τράχηλος,
611 301 793 334 conditum
805 307 866 343 est,
881 308 920 335 ut
930 302 1113 345 peripsum

132 354 332 396 porrigatur
363 349 498 385 trachea
530 352 675 392 arteria,
715 364 819 396 quam
852 353 1007 395 oportuit
1041 364 1113 385 esse

130 403 403 445 longiusculam,
441 402 484 433 ad
515 402 767 435 modulandam
797 415 931 437 vocem.
991 403 1113 448 ltaque

130 454 267 487 nullum
284 451 431 491 animal,
459 451 515 483 cui
534 452 629 485 deest
646 453 793 490 collum,
822 464 940 486 vocem
960 454 1042 487 edit.

230 502 373 542 Cervix,
400 499 536 546 αὐχὴν,
570 503 632 536 etsi
649 501 833 537 Aristoteli
851 510 962 537 totum
980 504 1110 537 collum

130 561 179 588 est
200 550 331 596 αὐχὴν.

225 602 378 642 Cavum,
406 603 499 646 quod
524 602 616 636 inter
633 603 771 646 iugulos
793 611 863 644 est,
893 602 1031 650 σφαγὴ.

228 652 345 695 Iuguli
369 653 439 685 duo
467 664 542 685 ossa
559 665 576 685 a
603 654 692 687 collo
714 656 756 688 ad
777 652 941 687 humeros
959 661 1107 695 extensa,

125 710 297 737 vocantur
314 709 347 736 et
363 703 521 736 surculae
535 701 688 744 κλεῖδες,
724 717 872 750 quarum
892 705 1105 737 mentionem

121 755 204 788 facit
227 750 500 794 Demosthenes,
534 754 715 798 inquiens,
743 753 947 798 Philippum
964 755 1105 797 fregisse

120 805 293 848 iugulum.
345 802 483 836 Plinius
509 804 640 848 inquit:
669 804 745 839 Soli
770 803 906 838 homini
929 811 1010 839 sunt
1033 806 1104 838 duo

123 855 256 898 iuguli,
284 855 404 887 dexter
419 861 452 887 et
470 854 622 888 sinister.

220 912 390 954 Humeri,
416 909 521 957 ὦμοι.

219 970 368 1006 Humeri
387 984 564 1013 cacumen,
592 969 794 1018 ἀκρώμιον.

220 1033 253 1064 Α
285 1031 418 1064 cervice
451 1032 522 1064 duo
556 1032 624 1065 lata
650 1043 725 1065 ossa
750 1033 916 1077 utrinque
941 1034 1101 1073 tendunt,

117 1095 206 1129 quae
218 1082 344 1115 Graeci
361 1079 728 1126 vocamojicontdwg,
760 1082 878 1117 Latini
891 1084 1050 1127 scapulas
1069 1091 1100 1117 et

115 1133 270 1178 scoptula
289 1139 426 1176 operta,
453 1138 486 1165 et
502 1133 605 1175 vulgo
625 1133 777 1176 spatulas
790 1139 927 1169 vocant.
980 1133 1099 1167 Celsus

114 1185 162 1218 ita
188 1184 362 1228 loquitur,
386 1182 486 1227 quasi
511 1195 678 1216 cacumen
705 1183 749 1216 sit
773 1184 932 1227 scapula,
960 1191 992 1218 et
1014 1185 1098 1217 reli-

115 1246 223 1278 quum
242 1233 408 1275 scoptula.
463 1231 531 1266 Sed
550 1232 675 1266 Graeci
692 1246 763 1266 uno
781 1235 925 1267 nomine
941 1235 1097 1268 contenti

114 1290 196 1317 sunt
217 1278 452 1325 (Jllttofll'aestlal,
490 1290 523 1312 et
543 1282 662 1316 Latini
685 1285 912 1329 plaerumque
940 1285 1096 1319 contenti

112 1339 195 1367 suut
213 1330 356 1365 nomine
374 1329 607 1373 scapularum.

212 1388 445 1424 Interstitium
468 1388 560 1420 iuter
584 1388 741 1432 scapulas
764 1400 874 1434 usque
898 1390 939 1422 ad
960 1390 1093 1423 duode-

112 1443 236 1476 cimam
262 1440 456 1472 vertebram
486 1435 659 1479 thoracis,
694 1439 754 1471 ubi
786 1440 973 1473 ventriculi
997 1441 1092 1473 orifi—

111 1494 201 1526 cium
219 1491 384 1533 alligatur
398 1489 578 1527 vertebris,
605 1489 809 1523 nominatur
823 1486 1067 1536 ,amlqpezsov.

208 1547 411 1586 Brachium,
426 1544 606 1592 βραχίων.
640 1547 709 1581 Sed
728 1548 776 1581 sic
788 1547 933 1582 Graecis
951 1551 1092 1595 proprie

108 1602 313 1635 nominatur
330 1610 409 1642 pars
433 1596 569 1630 brachii
592 1598 635 1630 ab
662 1596 818 1632 humeris
834 1612 944 1645 usque
967 1602 1009 1634 ad
1028 1614 1090 1635 cu-

106 1654 233 1686 bitum.
284 1649 405 1683 Celsus
424 1646 610 1682 humerum
631 1649 801 1683 nominat.

208 1701 358 1735 Cubitus
378 1701 448 1732 duo
473 1710 549 1732 ossa
574 1710 592 1732 a
622 1699 714 1733 flexu
739 1697 875 1733 brachii
911 1712 1021 1746 usque
1045 1703 1087 1735 ad

104 1750 257 1799 καρπὸν.

206 1802 333 1836 Flexus
365 1799 494 1840 cubiti,
533 1799 660 1848 ὄγκων
690 1806 722 1834 et
752 1798 957 1846 ὠλεκρανὸς
993 1804 1084 1848 apud

106 1855 293 1889 Galeuum.

207 1904 317 1942 Ulna,
340 1900 452 1934 maius
469 1913 506 1934 os
523 1901 560 1934 in
577 1901 696 1935 cubito
708 1929 716 1941 ‚
741 1904 876 1946 πῆχυς,
904 1909 936 1935 et
953 1901 1085 1943 ctiam-rog

103 1967 136 1993 et
152 1953 286 1998 ὠλένη,
315 1952 409 1985 uude
425 1964 552 1985 nomen
571 1952 675 1985 ulnae
690 1951 826 1986 Latinis
843 1954 971 1985 factum
992 1961 1049 1989 est.

202 2004 357 2043 Radius,
384 2002 421 2035 in
438 2002 555 2036 cubito
573 2014 610 2036 os
632 2003 793 2044 brevius,
823 2001 942 2049 κερκῖς
964 2010 995 2038 et
1012 2017 1082 2039 ,w-

103 2055 290 2105 ραπήχιον.

201 2108 365 2141 iunctura
390 2115 532 2141 mamm,
566 2104 627 2137 ubi
653 2104 767 2147 palma
790 2104 950 2146 iungitur
970 2106 1080 2147 radio,

100 2156 238 2205 καρπὸς
264 2157 404 2190 dicitur.
466 2154 553 2188 Inde
579 2153 710 2188 Medici
744 2156 912 2189 dicuntur
941 2157 1078 2189 mittere

97 2218 242 2244 manum
269 2208 306 2240 in
331 2203 494 2254 καρπὸν,
537 2217 615 2240 cum
643 2206 826 2250 explorant
853 2206 993 2249 pulsum
1021 2219 1077 2240 ar-

96 2261 216 2297 teriae.

197 2309 338 2349 Manus,
358 2305 450 2354 χείρ,
477 2307 647 2350 egregiam
665 2307 804 2340 laudem
824 2304 939 2342 hahet.
991 2305 1075 2341 Ari-

96 2362 236 2399 stoteles
252 2359 410 2393 nominat
428 2370 502 2392 eam
520 2370 692 2401 organum
708 2369 931 2400 organorum.
984 2357 1072 2392 Nam

95 2422 127 2449 et
146 2414 245 2459 plura
265 2416 297 2444 et
315 2409 425 2452 magis
448 2409 542 2441 varia
567 2421 670 2451 opera
688 2408 812 2450 efficit,
838 2420 942 2453 quam
959 2409 1071 2442 ullum

95 2474 281 2507 organum,
309 2467 342 2494 et
359 2460 503 2493 fabricat
524 2466 654 2493 caetera
679 2460 911 2493 instrumenta
927 2461 1071 2493 Anaxa—

92 2515 193 2561 goras
222 2512 348 2558 inquit.
411 2510 558 2544 Manum
587 2510 775 2553 sapientiae
810 2520 947 2543 causam
981 2522 1069 2552 esse,

92 2567 162 2602 nisi
195 2563 288 2598 enim
317 2563 445 2605 figuras
473 2565 506 2592 et
531 2558 646 2593 literas
669 2561 847 2604 pingeret,
877 2567 910 2594 et
941 2561 1067 2596 faceret

88 2615 290 2657 machinas,
324 2624 437 2657 neque
461 2609 579 2643 doceri
608 2621 721 2654 neque
745 2611 831 2645 disci
853 2611 945 2645 ullae
975 2618 1066 2646 artes

85 2673 238 2714 possent.
291 2663 360 2699 Sed
383 2657 592 2697 Plutarchus
616 2660 837 2706 allegoricam
853 2661 1063 2707 interpreta-

1169 242 1319 285 pientiae
1337 257 1473 279 causam
1496 261 1578 285 esse.

1270 292 1453 329 Caeterum
1473 297 1647 340 impressit
1662 308 1785 334 natura
1803 303 1908 335 miras
1918 304 2144 346 significatio-

1166 354 1228 375 nes
1252 348 1517 387 temperamenti
1541 349 1575 381 in
1602 351 1692 393 ipsas
1717 352 1826 385 lineas
1843 365 2030 394 manuum,
2057 367 2143 399 qua-

1165 405 1243 449 rum
1275 395 1472 429 observatio
1504 401 1638 441 peperit
1664 401 1965 448 χειρολιιαντείαιν,
2001 404 2038 437 in
2075 417 2144 449 qua

1165 450 1245 484 etsi,
1272 451 1311 477 ut
1333 445 1370 477 in
1395 447 1540 491 reliquis
1565 449 1857 491 divinationibus,
1893 455 2002 489 multa
2027 456 2143 499 inepta

1163 500 1196 526 et
1220 494 1369 528 ridicula
1394 499 1601 539 traduntur,
1638 507 1753 533 tamen
1780 510 1812 535 et
1840 503 2044 538 Aristoteles
2069 518 2142 538 nou

1163 555 1304 586 prorsus
1329 548 1607 581 commenticiam
1643 562 1713 583 esse
1741 549 1830 585 hanc
1863 555 2141 589 observationem

1163 594 1382 629 existimavit.
1435 596 1523 631 Nam
1541 600 1576 631 in
1597 602 1822 643 problematis
1838 605 1972 647 quaerit
1989 607 2029 638 de
2048 606 2141 639 linea

1161 644 1251 677 vitae
1269 658 1373 690 quam
1394 647 1441 681 sic
1460 658 1596 682 vocant.
1652 651 1770 693 Quare
1789 653 1946 695 longaevi
1964 655 2031 687 sint
2044 682 2052 695 ,
2080 657 2141 701 qui

1161 691 1291 729 habent
1308 697 1477 740 integram
1496 700 1624 734 lineam
1643 702 1777 735 mediae
1797 715 1932 736 manus.

1261 752 1412 789 Extensa
1430 769 1554 791 manus
1569 771 1679 805 usque
1695 762 1737 794 ad
1752 762 1879 805 digitos
1889 760 2139 809 μετακάρπιον

1158 804 1364 848 adpellatur.
1418 806 1456 840 Id
1482 811 1623 852 proprie
1647 812 1807 846 nominat
1836 812 1955 847 Celsus
1975 815 2138 857 palmam,

1159 853 1285 888 Graeci
1303 855 1467 901 κτέιίον,
1496 859 1678 895 Avicenna
1693 863 1867 906 pectinem
1885 875 2020 897 manus.

1257 913 1350 948 Hinc
1368 917 1506 959 palmus
1528 931 1690 954 mensura
1717 929 1786 962 est,
1813 929 1847 955 et
1867 923 1985 955 minor
2001 923 2137 965 palmus

1156 962 1285 997 dicitur
1308 966 1464 1008 spacium
1502 976 1654 1013 quatuor
1680 972 1891 1014 digitorum,
1924 985 2042 1013 graece
2067 987 2137 1007 ,Ἴα-

1154 1011 1282 1059 λαίσῖη
1317 1023 1349 1049 et
1387 1014 1527 1063 δοχμι),
1576 1027 1607 1054 et
1639 1018 1763 1067 δῶρον
1802 1026 1892 1066 apud
1929 1023 2134 1057 Hesiodum.

1154 1064 1222 1096 Sed
1240 1065 1353 1098 maior
1369 1068 1506 1110 palmus
1522 1077 1572 1104 est
1587 1071 1777 1114 digitorum
1793 1073 1988 1114 duodecim,
2016 1086 2136 1117 graece

1153 1113 1343 1160 σπιθημὴ,
1374 1117 1422 1151 citt
1447 1118 1569 1162 spana,
1597 1128 1630 1155 et
1648 1119 1881 1168 ὀρθόδωρον.
1934 1124 2050 1158 Latini
2070 1126 2134 1158 do-

1152 1165 1311 1198 drantem
1336 1168 1435 1210 pedis
1459 1171 1661 1213 nominant,
1688 1173 1769 1218 quia
1788 1186 1915 1206 novem
1933 1175 2055 1208 uncias
2073 1187 2133 1218 pe-

1151 1215 1204 1247 dis
1221 1217 1386 1250 continet.
1437 1217 1488 1252 lta
1504 1232 1605 1266 saepe
1625 1223 1742 1268 inquit
1758 1223 1896 1258 Plinius
1908 1251 1917 1266 ‚
1944 1226 2052 1258 caulis
2068 1227 2132 1258 do-

1150 1265 1302 1300 drantali
1321 1267 1555 1310 longitudine.

1252 1315 1361 1358 Vola,
1394 1317 1529 1364 θέναρ,
1557 1332 1698 1353 carnosa
1717 1325 1884 1364 planicies
1902 1326 1937 1357 in
1961 1338 2080 1361 manu.

1249 1366 1390 1398 Can-itas
1408 1370 1444 1398 in
1461 1371 1521 1401 illa
1541 1370 1690 1413 planicie
1706 1369 1852 1417 κοτύλη.

1246 1412 1368 1457 Digiti,
1386 1413 1571 1459 δάκτυλοι,
1591 1428 1750 1455 constant
1767 1424 1879 1456 tribus
1896 1425 2029 1458 ossibus
2041 1437 2129 1469 quae

1147 1463 1378 1499 nominantur
1422 1468 1636 1509 σκυταλίδες
1673 1479 1704 1506 et
1738 1470 1935 1522 φάλαγγες.
2002 1475 2128 1510 Latine

1146 1514 1357 1552 internodia.

1246 1573 1399 1609 Articuli
1419 1578 1610 1622 digitorum
1627 1581 1830 1624 eminentes,
1853 1581 2038 1629 κόνδυλοι,
2058 1598 2126 1619 un-

1143 1624 1186 1657 de
1203 1631 1235 1658 et
1257 1622 1430 1664 κόνδυλοι
1456 1642 1591 1673 pugnos
1615 1633 1828 1676 significant,
1857 1636 1906 1670 ein
1932 1635 2024 1680 faust.
2079 1634 2126 1669 Et

1143 1676 1288 1709 verbum
1319 1677 1550 1722 κονδυλίζειν
1581 1695 1700 1728 pugno
1730 1686 1934 1725 verberare,
1973 1688 2032 1721 mit
2057 1685 2123 1730 feu:

1141 1724 1203 1768 sten
1220 1726 1371 1772 [cbtcttycn.

1240 1785 1383 1829 Pollex,
1407 1787 1587 1837 ἄντίχειρ,
1614 1793 1713 1838 quasi
1727 1794 1855 1828 vicaria
1873 1806 2010 1836 manu8,
2038 1797 2120 1841 quia

1139 1835 1175 1868 in
1201 1835 1475 1879 praehendendo
1498 1849 1633 1877 tantum
1654 1851 1824 1888 praestat,
1851 1853 2022 1891 quantum
2049 1855 2119 1881 tota

1140 1887 1274 1932 reliqua
1301 1901 1437 1927 manus,

1235 1937 1364 1980 Index,
1385 1940 1553 1986 λιχανὸς,
1579 1945 1752 1982 salutaris.

1236 1988 1378 2024 Medius
1396 1993 1542 2035 digitus,
1562 1994 1683 2038 μέσος.

1236 2038 1398 2075 Medicus
1413 2043 1554 2086 digitus,
1571 2043 1793 2092 παράμεσος,
1812 2049 1992 2093 proximus
2007 2049 2114 2082 mini-

1133 2101 1190 2122 mo
1203 2116 1212 2130 ‚
1240 2091 1300 2135 qui
1317 2099 1350 2125 et
1368 2095 1548 2129 annularis
1568 2098 1783 2133 nominatur.

1131 2191 1165 2223 d·
1190 2190 1198 2198 .
1234 2139 1408 2178 Minimus
1433 2145 1579 2189 digitus,
1606 2147 1756 2196 μικρὸς,
1778 2149 1839 2195 qui
1856 2155 1888 2183 et
1904 2149 2111 2183 auricularis

1157 2197 1269 2224 1c1tur.

1233 2249 1377 2287 Thorax
1403 2256 1560 2291 anterior
1582 2271 1663 2303 pars
1685 2271 1703 2293 a
1728 2260 1818 2293 collo
1843 2260 1885 2292 ad
1909 2260 1967 2293 ilia
1985 2272 2107 2305 usque.

1129 2299 1197 2334 Sed
1214 2301 1422 2339 Aristotel-es
1446 2304 1510 2341 hac
1533 2310 1768 2353 adpellatione
1793 2311 2036 2354 complectitur
2053 2318 2109 2345 to-

1127 2359 1200 2385 tum
1224 2359 1388 2388 truncum
1413 2368 1432 2390 a
1457 2359 1547 2392 collo
1575 2372 1684 2406 usque
1714 2362 1757 2394 ad
1783 2362 1966 2406 pudenda,
2001 2373 2106 2406 quem

1126 2408 1291 2437 truncum
1309 2412 1341 2439 et
1357 2405 1473 2452 ὅλμον
1491 2410 1687 2444 nominant.

1225 2462 1369 2508 Pectus,
1393 2467 1547 2511 στῆθος,
1580 2481 1660 2512 pars
1676 2467 1830 2505 thoracis
1853 2483 1871 2504 a
1889 2471 1979 2504 collo
1993 2482 2104 2516 usque

1122 2513 1166 2546 ad
1189 2521 1324 2557 septum
1344 2523 1598 2559 transversum,
1628 2532 1689 2554 seu
1707 2523 1749 2555 ad
1766 2518 2000 2569 διάφραγμα.

1220 2564 1399 2611 Στέρνον,
1425 2579 1505 2610 pars
1522 2570 1637 2604 media
1655 2573 1822 2615 pectoris,
1845 2573 2010 2606 videlicet
2025 2584 2102 2607 ossa

1117 2614 1232 2648 media
1255 2617 1423 2658 pectoris,
1460 2626 1498 2652 ut
1524 2618 1682 2656 Galenus
1711 2623 1759 2658 ait
1785 2624 1822 2656 in
1846 2630 1941 2657 sexto
1966 2624 2009 2655 de
2034 2635 2100 2656 usu

1114 2666 1266 2709 partium
1295 2667 1404 2701 medii
1435 2671 1522 2704 ossis
1553 2671 1590 2704 in
1623 2680 1782 2719 pectore,
1818 2675 1912 2720 quod
1948 2672 2100 2718 στέρνον
