2379 2948
195 119 268 154 403
436 114 644 151 SCRIPTA
672 113 748 147 PH.
779 110 895 147 MEL.
921 110 987 146 AD
1014 111 1140 148 HIST.
1170 111 1315 148 PROF.
1343 112 1408 148 ET
1436 112 1626 148 PHILOS.
1653 113 1972 152 SPECTANTIA.
2143 118 2219 153 404

1233 200 1342 243 magis
1365 211 1508 244 porosas
1532 212 1570 233 ac
1588 199 1697 240 leves,
1724 211 1813 244 quae
1835 201 2008 245 recipiunt
2030 201 2157 246 frigus,
2184 210 2217 236 et

197 260 280 287 runt
297 251 334 286 hi
350 252 456 285 modi.
1232 250 1333 284 facile
1350 254 1488 286 co‘e'unt.
1541 250 1642 284 Mare
1660 250 1815 284 continet
1832 251 1960 284 multas
1978 253 2117 286 adustas
2134 264 2217 297 par-

298 310 343 344 Et
362 311 398 342 in
417 306 611 341 ventriculo
629 305 781 349 primum
799 306 837 340 fit
857 306 1008 345 elixatio,
1037 307 1180 351 quando
1206 334 1208 353 Ι
1233 307 1301 339 ῐθδ,
1335 302 1414 334 ideo
1445 301 1563 335 minus
1599 301 1820 344 congelatur,
1856 313 1961 346 quam
1990 303 2077 336 filiae
2107 315 2217 348 aquae

198 362 295 396 cibus
325 362 361 392 in
386 357 528 403 chylum
558 357 707 390 vertitur
737 368 756 390 a
782 358 895 390 calido
924 355 1084 392 humido.
1140 356 1178 389 ln
1205 354 1209 376 l
1234 352 1421 385 tenuiores·

197 418 294 456 epate
312 411 399 443 fiunt
417 408 558 441 elixatio
577 414 609 440 et
627 407 762 441 assatio.
815 407 904 441 Nam
923 406 1017 453 chyli
1035 419 1181 440 conver-
1335 417 1554 463 Liquefacfio
1573 425 1622 451 est
1640 418 1768 452 solutio
1784 418 2067 462 coagulgstorum,
2094 418 2132 450 in
2148 429 2217 462 qua

196 462 248 494 sio
272 461 309 493 in
334 470 482 492 massam
505 458 732 501 sanguineam
756 464 806 491 est
834 459 994 497 elixafio,
1029 459 1179 514 partin-m
1234 474 1271 501 ut
1296 468 1334 500 in
1362 468 1603 512 superioribus
1632 470 1830 513 Speciebus,
1870 476 2014 512 promer
2044 468 2218 501 diversam

196 518 310 545 autem
337 510 536 554 aliquarum
566 510 604 543 fit
628 509 771 546 assatio,
810 521 897 553 quae
926 515 1111 541 vertuntur
1144 519 1179 539 in
1206 553 1208 566 Δ
1235 530 1421 562 corporum
1438 520 1632 557 materiam,
1659 532 1784 563 magna
1800 520 2050 553 dissimilitudo
2069 524 2120 552 est
2135 517 2218 551 effe,

197 562 321 595 flflvam
342 561 460 595 bilem·
1234 569 1400 601 ctionum.
1452 569 1604 613 Lapides
1621 571 1715 602 enim
1733 583 1805 603 non
1824 571 2031 615 liquescunt.
2071 568 2218 603 Metalla

296 617 343 653 Et
361 619 398 652 fit
418 619 526 651 nimia
543 618 668 651 assatio
689 619 726 650 in
745 624 863 662 epate,
893 617 992 649 cuius
1015 617 1110 649 calor
1132 623 1180 649 est
1205 644 1208 670 Υ
1234 619 1443 663 liquescunt.
1496 619 1583 652 Nam
1600 621 1739 653 metalla
1765 618 1894 654 liabent
1913 621 2063 654 multum
2083 618 2220 659 viscosi,

195 671 466 709 immoderatus,
504 675 536 701 et
560 668 752 701 substantia
777 668 892 700 uritur
923 674 954 700 et
978 667 1103 699 infecta
1131 673 1180 699 est
1205 671 1208 736 ὖ
1234 669 1346 709 aerei,
1375 676 1407 702 et
1425 669 1513 701 bene
1533 670 1728 703 continuati
1752 668 1900 704 humidi.
1956 671 2040 704 Ideo
2057 682 2136 704 cum
2155 680 2219 701 su-

195 720 396 764 putrefactis
432 726 465 752 et
500 718 680 751 venenatis
716 717 1038 761 superfluitatibus,
1086 718 1180 750 unde
1235 720 1285 753 bit
1297 720 1399 753 fortis
1414 720 1514 762 ignis,
1543 720 1602 764 qui
1618 720 1790 763 disgregat
1808 719 2058 764 heterogenea,
2086 719 2219 753 diffluit

194 771 356 814 Scabies,
379 767 569 809 Lichenes,
598 768 731 812 Lepra,
759 775 791 801 et
815 768 947 800 similes
965 767 1081 800 morbi
1108 767 1181 800 ori·
1234 770 1321 803 illud
1340 768 1539 805 humidum.
1595 769 1635 803 In
1659 771 1835 814 lapidibus
1853 784 1977 815 parum
2001 779 2051 805 est
2067 769 2218 804 humidi.

195 828 317 855 untur.
371 820 425 854 Sit
451 820 558 862 igitur
582 819 767 852 mediocris
791 818 1021 862 temperantia
1048 825 1079 851 et
1099 819 1181 851 dili·
1234 821 1317 853 ldeo
1342 833 1419 854 cum
1444 821 1524 863 igne
1552 821 1701 853 nimium
1725 829 1896 861 uruntur,
1922 835 1994 855 non
2018 821 2216 866 liquefiunt,

194 872 328 915 gentia,
355 882 399 903 ne
417 870 524 913 epatis
542 870 736 903 substantia
759 876 835 902 usta
855 869 1034 902 venenatis
1058 881 1180 913 super-
1233 873 1291 904 sed
1318 871 1497 904 dissiliunt
1522 870 1689 905 exhausto
1714 872 1838 914 exiguo
1862 869 2029 910 humido,
2056 878 2090 905 et
2107 878 2216 904 terre-

193 921 389 955 ssuitatibus
413 920 604 961 inficiatur,
632 927 665 954 et
687 921 805 964 gignat
825 931 972 952 massam
999 920 1180 963 sanguinis
1232 929 1318 955 stres
1344 930 1457 965 partes
1489 929 1691 966 superustae
1725 929 1757 955 et
1783 922 1970 967 dissipatae
2002 923 2040 955 in
2065 922 2218 955 cinerem

192 972 434 1016 impuriorem.
1232 973 1451 1016 rediguntur.

1202 2185 1205 2247 ς

1202 2261 1204 2279 Ι

1202 2313 1203 2323 ,

1202 2327 1203 2341 l

1202 2353 1203 2363 1

1202 2374 1203 2384 1

1202 2386 1203 2409 l

197 214 270 236 mas
292 201 365 235 vias
389 201 566 241 recitavit,
598 204 716 244 postea
736 197 773 229 in
794 196 1008 232 animalibus
1032 209 1180 232 concur-

294 1029 357 1063 Est
375 1037 408 1063 et
430 1029 577 1073 assatio,
606 1030 747 1074 quando
773 1028 1030 1061 nutrimentum
1049 1028 1086 1060 in
1103 1040 1178 1061 ossa

192 1081 419 1114 convertitur.

292 1139 427 1173 Usitata
455 1150 536 1171 vero
560 1138 713 1171 cruditas
734 1138 770 1169 in
789 1138 986 1171 ventriculo
1012 1144 1046 1171 et
1070 1144 1179 1181 epate,

191 1191 286 1224 unde
304 1187 460 1235 hydrops
475 1189 609 1231 oritur,
637 1195 687 1221 est
702 1185 879 1232 μόλυνσις
895 1190 1055 1232 opposita
1073 1188 1178 1220 elixa-

192 1240 299 1281 tioni,
327 1252 406 1273 curn
425 1252 497 1272 non
517 1246 628 1282 potest
646 1239 720 1271 fieri
740 1239 874 1281 integra
889 1240 999 1272 coctio
1020 1249 1079 1271 seu
1095 1251 1179 1271 con-

190 1291 304 1325 versio
320 1290 549 1327 nutrimenti,
576 1290 715 1334 qualem
733 1289 807 1322 fieri
826 1289 995 1333 oportuit.

1335 1036 1413 1070 Hoc
1435 1039 1542 1071 modo
1573 1039 1756 1071 observata
1779 1038 1970 1072 mixtorum
1997 1037 2220 1071 dissimilitu-

1232 1088 1314 1121 dine
1342 1100 1463 1121 causae
1488 1095 1666 1133 utcunque
1690 1089 1845 1132 conspici
1876 1095 2039 1132 possunt,
2076 1093 2221 1132 propter

1233 1150 1318 1184 quas
1342 1138 1379 1170 in
1401 1139 1480 1171 aliis
1505 1139 1731 1183 corporibus,
1758 1140 1846 1172 aliae
1870 1140 1959 1172 fiunt
1983 1139 2219 1172 alterationes,

1231 1189 1319 1223 Cera
1343 1189 1478 1233 liquefit
1504 1200 1521 1221 a
1549 1190 1663 1222 calore
1685 1190 1874 1230 mediocri,
1910 1189 2050 1222 metalla
2074 1189 2118 1221 ab
2145 1187 2218 1230 igni

1232 1240 1326 1280 sorti,
1354 1240 1436 1283 quia
1454 1239 1491 1271 in
1509 1251 1585 1273 cera
1603 1246 1781 1273 terrestres
1797 1247 1913 1284 partes
1928 1239 2111 1283 pauciores
2127 1245 2221 1278 sunt,

1232 1297 1265 1324 et
1287 1290 1458 1332 rariores,
1495 1297 1528 1323 et
1560 1290 1691 1323 multae
1722 1297 1804 1324 sunt
1833 1291 1955 1324 ae'reae
1982 1298 2106 1334 partes.
2159 1287 2219 1322 Sal

1231 1352 1295 1373 nec
1309 1340 1515 1373 dissolvitur
1534 1352 1597 1372 nec
1615 1341 1750 1385 liquefit
1767 1341 1804 1372 in
1822 1341 1948 1380 calore,
1975 1341 2034 1373 sed
2054 1338 2219 1373 dissolvi-

1232 1398 1289 1424 tur
1306 1391 1343 1422 in
1361 1388 1527 1430 humido,
1553 1391 1635 1434 quia
1655 1391 1769 1423 calore
1786 1391 1934 1424 duratur
1952 1397 1983 1424 et
2000 1389 2217 1433 coagulatur,

1232 1441 1365 1474 eductis
1382 1440 1541 1484 partibus
1556 1438 1831 1476 humidioribus,
1882 1438 2035 1474 Econtra
2060 1451 2136 1473 cera
2155 1439 2219 1471 fri—

1231 1503 1312 1534 gore
1330 1492 1488 1524 duratur.

327 1418 472 1451 Suntne
496 1416 596 1449 aliae
617 1416 760 1458 species
777 1415 1039 1449 alterationis?

293 1490 393 1524 quta
409 1489 618 1535 qualitatum
636 1488 934 1522 introductionem
950 1490 1128 1522 numerari
1147 1497 1178 1522 et

191 1541 415 1576 alterationes
431 1546 586 1584 possunt,
614 1546 654 1573 ut
672 1539 864 1580 calefactio,
888 1539 1092 1582 frigefactio,
1114 1538 1178 1573 hu-

190 1592 373 1632 mecenio,
423 1590 630 1633 desiccatio,
683 1590 929 1630 condensatio,
983 1591 1178 1628 rarefactio,

191 1643 407 1686 coagulatio,
445 1640 666 1686 liquefactio,
709 1640 911 1680 induratio,
948 1640 1178 1675 mollificatio.

190 1693 266 1727 Hae
280 1693 410 1737 species
426 1699 459 1725 et
473 1691 616 1729 similes,
634 1690 770 1723 naturis
786 1691 1039 1724 elementorum
1056 1691 1176 1734 cogni-

191 1745 250 1784 tis,
275 1751 454 1787 utcunque
472 1741 621 1775 iudicari
637 1747 793 1785 possunt.

1334 1555 1474 1589 Medica
1503 1561 1537 1588 et
1559 1555 1732 1588 metallica
1759 1556 1916 1600 exempla
1944 1555 2095 1589 illustria
2125 1561 2219 1589 sunt.

1233 1606 1273 1640 In
1291 1606 1481 1650 pleuritide
1506 1603 1668 1638 adhiberi
1691 1618 1828 1639 necesse
1853 1613 1903 1639 est
1923 1613 1956 1640 et
1977 1605 2219 1639 mollificantia

1232 1657 1406 1697 remedia,
1441 1663 1473 1689 et
1505 1657 1733 1691 attenuantia.
1786 1656 1874 1690 Nam
1899 1657 1929 1689 si
1960 1664 2097 1691 tantum
2130 1662 2218 1689 atte-

1231 1714 1401 1740 nuaretur
1416 1707 1560 1740 materia
1571 1733 1580 1747 ‚
1608 1704 1675 1739 hoc
1690 1714 1757 1748 est,
1785 1714 1899 1751 partes
1914 1707 2117 1741 subtiliores
2131 1707 2219 1739 edu-

1232 1765 1412 1798 cerentur,
1441 1757 1516 1789 sine
1534 1757 1819 1798 mollificatione,
1848 1765 1960 1802 partes
1980 1764 2159 1791 terrestres
2181 1756 2218 1788 in

1231 1808 1395 1848 materia,
1422 1820 1510 1852 quae
1535 1808 1700 1846 adfinxit,
1735 1810 1898 1849 duratae,
1933 1815 2099 1852 augerent
2121 1818 2217 1840 mor-

1231 1860 1327 1900 bum,
1344 1870 1408 1891 nec
1424 1859 1520 1891 fieret
1538 1858 1734 1892 dissolutio.
1767 1857 1970 1893 Adhibetur
1985 1870 2066 1901 ergo
2077 1855 2217 1896 Ahhea,

1231 1909 1390 1942 Foenum
1408 1920 1583 1951 graecum,
1611 1916 1643 1941 et
1661 1909 1788 1941 similia
1808 1909 2015 1942 mollientia.
2068 1907 2115 1941 Et
2132 1918 2216 1940 usus

1231 1960 1404 1999 ostendit,
1433 1956 1556 1992 harum
1575 1959 1770 2001 vulgarium
1796 1971 1913 1991 rerum
1932 1959 2002 1991 vim
2027 1958 2214 1991 maximam

1231 2022 1322 2051 esse,
1355 2022 1422 2054 qua
1449 2009 1486 2041 in
1512 2009 1794 2043 consideratione
1822 2009 1991 2054 sapientia
2016 2016 2048 2043 et
2076 2008 2217 2042 bonitas

1230 2060 1296 2094 Dei
1326 2060 1535 2093 celebranda
1569 2066 1639 2100 est,
1682 2072 1786 2105 quem
1818 2060 2029 2104 experientia
2062 2058 2217 2092 ostendit

1231 2118 1362 2145 tantam
1382 2111 1583 2144 varietatem
1601 2111 1730 2143 virium
1748 2111 1917 2143 indidisse
1937 2110 2066 2154 plantis
2083 2116 2115 2143 et
2137 2109 2216 2142 aliis

1231 2163 1353 2201 rebus,
1382 2173 1426 2193 ne
1448 2162 1606 2194 deessent
1624 2161 1728 2194 nobis
1753 2161 1905 2194 remedia
1924 2168 2044 2194 contra
2061 2161 2215 2194 morbos.

1229 2211 1274 2245 Et
1291 2210 1376 2245 haec
1392 2212 1464 2255 ipsa
1482 2209 1610 2245 Althea
1636 2210 1817 2244 mirificam
1835 2212 1905 2244 vim
1932 2209 2036 2245 habet
2060 2211 2097 2243 in
2124 2210 2215 2243 mol-

1230 2263 1359 2297 liendis
1383 2263 1600 2302 tumoribus,
1629 2262 1710 2295 item
1733 2263 1768 2294 iu
1787 2274 1976 2295 nervorum
1994 2259 2214 2296 contusioni-

194 2316 448 2358 constringere‚
475 2320 512 2346 ut
528 2313 565 2346 fit
582 2313 618 2345 in
637 2312 745 2355 glacie
772 2318 805 2345 et
834 2312 871 2344 in
894 2313 985 2347 nive.
1040 2312 1177 2348 Gellius
1230 2315 1294 2347 bus
1310 2313 1493 2352 sanandis,
1519 2324 1557 2345 ac
1583 2323 1712 2345 nomen
1730 2313 1761 2345 ei
1779 2313 1932 2346 inditum
1957 2324 2029 2345 esse
2045 2311 2214 2350 scribunt,

195 2367 365 2409 disputat,
390 2365 505 2398 oleum
530 2363 666 2406 saepius
692 2363 888 2406 congelari,
917 2363 1039 2396 vinum
1059 2365 1177 2397 minus
1229 2365 1273 2397 ab
1296 2364 1447 2398 utilitate
1469 2364 1505 2395 in
1531 2364 1784 2398 curationibus.
1829 2363 1918 2396 Nam
1944 2360 2139 2397 ἇλθαίνειν
2163 2368 2213 2394 est

196 2427 315 2459 saepe,
341 2415 516 2448 rarissime
534 2421 649 2447 autem
667 2421 812 2448 acetum.
866 2413 976 2456 Saepe
994 2415 1075 2447 item
1093 2428 1177 2448 con·
1229 2426 1368 2453 curare,
1397 2425 1457 2447 seu
1480 2414 1634 2448 molliter
1660 2415 1798 2454 fovere,
1827 2421 1947 2459 estque
1973 2413 2088 2446 malva
2112 2423 2211 2454 agre-

196 2466 303 2510 gelari
320 2465 486 2504 flumina,
513 2476 608 2497 mare
626 2463 682 2496 vix
699 2476 868 2508 unquam.
923 2465 963 2497 In
982 2472 1078 2498 aceto
1096 2473 1178 2499 sunt
1229 2465 1301 2498 stis.
1362 2464 1410 2498 Et
1435 2477 1513 2498 cum
1545 2464 1703 2497 omnium
1735 2465 1932 2498 malvarum
1959 2463 2142 2507 multiplex
2167 2461 2213 2496 sit

197 2523 310 2560 partes
331 2516 472 2548 adustae
496 2515 590 2548 velut
612 2514 721 2557 cinis,
756 2527 845 2559 quae
869 2527 941 2547 non
965 2516 1066 2548 facile
1090 2517 1176 2548 adfi-
1227 2516 1381 2558 utilitas,
1425 2516 1513 2548 iuste
1554 2515 1729 2558 vituperat
1764 2514 1938 2548 Hesiodus
1971 2513 2147 2546 inscitiam
2178 2519 2211 2546 et

196 2567 337 2600 ciuntur
360 2571 502 2597 externo
524 2565 662 2606 frigore.
718 2564 850 2597 Vinum
878 2566 955 2598 ideo
981 2578 1053 2599 non
1076 2567 1177 2599 facile
1228 2566 1476 2609 negligentiam
1505 2563 1690 2598 liomInum
1717 2566 1779 2610 qui
1808 2576 1924 2598 rerum
1956 2563 2209 2603 communium,

196 2615 450 2657 constringitur
465 2615 554 2657 gelu,
580 2615 660 2659 quia
679 2615 829 2649 multum
849 2613 953 2649 habet
972 2617 1102 2650 interni
1120 2629 1177 2650 ca-
1227 2628 1315 2661 quae
1334 2617 1466 2661 ubique
1490 2618 1532 2649 ad
1556 2628 1700 2648 manum
1724 2622 1824 2655 sunt,
1857 2615 2044 2648 utilitatem
2066 2626 2129 2647 nec
2153 2613 2210 2645 in-

195 2667 293 2701 loris.
345 2664 475 2699 Oleum
494 2676 576 2697 vero
593 2665 710 2698 minus
725 2666 849 2699 caloris
865 2664 985 2708 habet,
1012 2674 1045 2701 et
1062 2674 1175 2712 partes
1198 2691 1201 2702 ι
1231 2667 1396 2712 quirunt,
1418 2679 1481 2701 nec
1496 2667 1566 2700 frui
1584 2664 1638 2699 his
1661 2672 1805 2699 naturae
1830 2665 1934 2699 bonis
1949 2666 2106 2701 discunt,
2133 2675 2211 2697 cum

293 1801 496 1845 Coagulatio
513 1807 579 1838 est,
607 1800 750 1844 quando
769 1811 848 1832 cum
866 1797 1014 1833 humore
1030 1801 1177 1844 conglu-

193 1855 352 1888 tinantur
368 1859 400 1885 et
417 1851 627 1894 copulantur
647 1856 762 1893 partes
780 1850 899 1891 siccae,
928 1853 1021 1895 quod
1039 1852 1075 1885 fit
1094 1852 1178 1884 alias

192 1917 209 1938 a
231 1903 477 1937 circumstante
494 1901 644 1943 frigido,
671 1912 748 1933 cum
766 1901 877 1934 multa
894 1914 1002 1946 aquea
1021 1900 1177 1936 humidi-

193 1963 244 1989 tas
273 1952 536 1996 comprimitur‚
562 1957 602 1983 ut
626 1962 704 1983 cum
734 1951 868 1994 lapides
892 1952 928 1984 in
957 1960 1048 1986 terra
1072 1965 1178 1996 gene—

192 2011 334 2045 rantur,
363 2003 449 2036 alias
467 2014 487 2034 a
503 2001 748 2034 circumstante
767 2001 880 2034 calido
898 2011 1034 2037 assante
1052 2010 1178 2047 partes,

192 2062 231 2090 ut
253 2067 332 2088 curn
355 2053 405 2087 sal
428 2064 468 2085 ex
492 2063 582 2096 aqua
607 2057 825 2093 segregatur,
852 2059 885 2086 et
907 2053 979 2096 igni
1002 2054 1177 2099 coquitur,

192 2118 262 2152 quo
281 2111 395 2149 partes
412 2110 542 2137 assatae
562 2101 802 2144 coagulantur.

296 2163 423 2197 Vicina
449 2169 499 2195 est
524 2160 635 2205 priori
669 2161 775 2193 modo
802 2161 1055 2203 coagulationis
1082 2162 1179 2196 Con-

194 2215 340 2259 gelatio,
367 2225 455 2258 quae
471 2213 527 2252 fit,
554 2223 632 2244 cum
651 2211 780 2253 frigore
797 2218 910 2255 partes
928 2212 1057 2246 fluidae
1080 2226 1176 2246 com—

194 2266 396 2309 primuntur
422 2269 456 2296 et
476 2263 688 2303 durescunt,
717 2262 798 2305 quia
822 2262 963 2304 frigoris
985 2270 1108 2296 natura
1128 2272 1177 2298 est
