2379 2948
115 97 211 136 1065
700 94 764 131 lx.

108 186 152 218 de
169 182 389 217 confessione
410 182 562 227 peccati,
585 183 628 216 de
644 182 848 216 discrimine
870 195 973 216 verae
996 183 1100 219 iusti-

106 235 180 269 ciae
202 234 423 277 arrogantiae
447 231 713 279 hypocritarum
726 260 734 275 ‚
763 235 806 268 de
825 235 937 268 causis
954 235 1099 268 calami-

106 292 218 320 tatum
235 283 490 327 humanarum,
516 286 559 319 de
575 297 656 319 vera
674 285 926 326 consolatione,
955 298 1044 331 quae
1060 287 1098 319 in

105 336 260 370 Ecclesia
276 337 428 371 traditur
448 337 484 370 in
504 336 664 369 doctrina
682 337 725 369 de
744 348 856 370 cruce.
909 335 1005 370 Haec
1025 344 1096 371 tota

105 388 266 422 doctrina
293 394 388 421 extra
411 394 445 421 et
477 399 580 434 supra
601 384 864 431 philosophiam
891 395 924 422 et
949 389 1096 422 rationis

104 436 282 472 humanae
303 438 473 472 iudicium
499 438 611 482 posita
635 445 703 478 est,
731 445 764 471 et
785 438 1018 473 discernenda
1046 447 1096 474 est

104 501 123 523 a
151 490 237 533 lege.
289 488 354 523 Est
380 489 474 522 enim
498 500 564 521 vox
591 486 796 532 Evangelii,
822 490 860 522 in
886 503 956 536 quo
976 490 1095 535 patefit

103 552 231 574 arcana
257 540 419 574 voluntas
441 540 484 572 de
508 539 658 582 gratuita
694 540 915 575 remissione
933 549 1094 588 peccato-

104 603 204 630 rum,
232 598 265 625 et
282 592 325 624 de
343 602 423 624 vera
445 590 686 623 consolatione
704 591 741 624 in
760 603 872 626 cruce.
928 592 1012 626 Ideo
1030 605 1093 627 au-

103 648 174 676 tem
202 640 260 675 hic
282 641 442 675 Psalmus
466 641 572 674 variis
594 642 949 686 interpretationibus
972 652 1094 678 conta-

102 693 258 727 minatus
281 699 352 733 est,
381 692 463 737 quia
489 693 591 736 pauci
615 701 707 727 recte
729 694 933 738 intelligunt
959 696 1093 730 doctri-

101 755 185 777 nam
204 745 246 777 de
267 743 417 786 gratuita
439 744 647 777 remissione
663 752 904 788 peccatorum,
932 753 965 780 et
990 747 1091 781 multi

100 794 271 828 ineruditi
287 794 512 828 confundunt
527 806 653 838 genera
671 797 914 830 doctrinarum
926 824 935 838 ,
961 797 1091 841 Legem

100 852 134 878 et
147 844 395 888 Evangelium.
436 844 578 880 Ordine
596 853 712 880 autem
730 848 989 892 propositiones
1006 861 1090 883 con-

100 895 310 930 siderentur.

200 946 343 980 Primus
361 954 393 980 et
410 948 586 981 secundus
603 960 722 982 versus
739 950 924 984 continent
948 962 1089 995 expres—

98 1009 171 1032 sam
195 1005 229 1032 et
253 998 473 1046 perspicuam
494 1000 772 1043 propositionem
798 1002 840 1034 de
863 1002 1013 1044 gratuita
1034 1013 1091 1035 re-

98 1049 265 1082 missione
296 1056 535 1093 peccatorum:
577 1048 653 1084 Ille
675 1056 725 1084 est
751 1050 879 1085 beatus
904 1056 935 1085 et
961 1052 1090 1093 iustus,

97 1100 158 1134 cui
181 1100 379 1134 remittitur
398 1105 601 1147 peccatum,
636 1103 671 1135 id
697 1110 765 1144 est,
791 1115 895 1148 quem
914 1103 1009 1137 Deus
1032 1116 1089 1137 re-

96 1152 208 1195 cepit,
234 1152 370 1186 etiamsi
387 1152 575 1195 indignum
600 1159 632 1186 et
658 1151 774 1187 adhuc
799 1152 986 1188 habentem
1011 1166 1088 1188 sor-

96 1203 157 1235 des
181 1203 218 1236 in
243 1201 308 1236 hac
331 1204 463 1236 carnali
488 1211 627 1237 natura.
689 1204 769 1237 Non
795 1212 940 1249 propter
961 1206 1085 1239 merita

95 1261 216 1288 nostra
228 1281 237 1295 ,
264 1266 337 1288 non
354 1261 498 1298 propter
513 1255 660 1289 virtutes
677 1263 814 1289 nostras
826 1283 834 1296 ,
862 1258 922 1290 sed
941 1263 1087 1300 propter

95 1304 216 1339 Deum
247 1306 476 1349 recipientem
512 1318 577 1338 nos
610 1318 672 1339 sua
704 1307 969 1347 misericordia,
1005 1309 1086 1341 data

94 1356 352 1400 promissione,
389 1367 511 1389 sumus
546 1357 641 1390 iusti.

93 1470 235 1499 manos,
260 1458 324 1491 ubi
340 1455 468 1491 horum
484 1470 649 1492 versuum
668 1459 911 1493 testimonium
930 1459 1025 1494 citat.

197 1509 392 1554 Sequentes
409 1509 573 1543 versiculi
590 1510 789 1555 loquuntur
805 1511 848 1544 de
863 1511 1083 1544 confessione

93 1561 242 1605 peccati:
270 1558 321 1593 In
350 1558 454 1593 cuius
478 1559 613 1607 spiritu
638 1572 711 1593 non
738 1565 788 1594 est
807 1559 934 1601 dolus,
963 1562 999 1594 id
1024 1568 1085 1602 est,

94 1612 157 1645 ubi
181 1619 232 1646 est
257 1611 390 1655 agnitio
415 1617 448 1644 et
473 1612 645 1645 consessio
663 1612 815 1655 peccati,
844 1613 929 1646 item
950 1613 1084 1656 agnitio
1108 1638 1111 1647 .

93 1663 355 1697 misericordiae
374 1669 406 1696 et
424 1663 616 1706 promissae
634 1663 806 1705 gratuitae
824 1663 1083 1697 reconciliatio-

92 1714 149 1747 nis
165 1714 232 1748 fide
247 1711 516 1759 apprehendens
531 1714 775 1747 remissionem
787 1741 795 1755 ,
812 1714 849 1746 in
864 1715 925 1748 tali
943 1721 1085 1762 pectore

93 1777 167 1799 non
183 1773 233 1800 est
250 1763 447 1813 hypocrisis
458 1791 466 1805 ,
493 1776 663 1809 arrogans
679 1765 747 1798 sibi
763 1765 950 1801 iusticiam.

195 1812 291 1851 Cum
316 1820 488 1860 tacerem,
517 1827 601 1849 ossa
621 1827 700 1848 mea
720 1814 963 1864 languefacta
986 1820 1084 1855 sunt,

93 1868 130 1901 id
147 1875 216 1907 est,
243 1869 280 1901 in
298 1879 427 1912 pavore
443 1874 476 1901 et
496 1868 608 1909 lucta,
637 1868 843 1913 priusquam
865 1867 1085 1901 consessione

93 1919 263 1963 gratuitae
276 1918 496 1952 remissionis
515 1919 678 1963 erigerer,
698 1931 786 1963 pene
805 1919 977 1952 extinctus
995 1930 1084 1953 sum.

92 1969 182 2004 Cum
199 1969 294 2004 Deus
309 1970 464 2004 ostendit
487 1970 591 2003 nobis
613 1977 793 2014 peccatum
812 1970 1084 2014 expavescimus,

93 2026 133 2054 ut
147 2020 450 2066 inquitIeremias:
476 2020 666 2067 Postquam
682 2021 868 2055 ostendisti
887 2018 988 2062 mihi,
1004 2032 1085 2065 per-

93 2071 185 2105 cussi
200 2073 315 2106 femur
330 2084 448 2105 meum
467 2079 531 2108 etc.

197 2121 366 2167 Sequitur
390 2123 554 2167 repetitio
573 2129 605 2156 et
621 2123 811 2157 declaratio
828 2122 1083 2168 propositionis

93 2173 317 2219 principalis:
354 2174 402 2208 sic
436 2174 666 2220 consequitur
697 2171 803 2208 homo
838 2174 1081 2207 remissionem

94 2237 174 2259 cum
197 2225 385 2258 confitetur
409 2232 609 2268 peccatum,
643 2232 676 2260 et
698 2226 784 2270 petit
811 2225 918 2269 gratis
949 2225 1081 2258 remitti

93 2283 238 2321 propter
259 2275 527 2320 promissionem
547 2276 717 2310 divinam.
776 2276 872 2310 Haec
894 2283 945 2310 est
967 2276 1081 2310 dulcis

93 2334 127 2361 et
141 2327 240 2360 firma
257 2326 451 2360 consolatio
464 2353 473 2367 ‚
499 2339 580 2361 vere
609 2327 754 2361 incoans
772 2328 880 2362 vitam
905 2334 1080 2361 aeternam

93 2378 133 2412 in
151 2379 273 2419 corde,
300 2379 395 2424 quod
414 2378 575 2411 adfirmat
599 2390 665 2412 nos
682 2386 777 2413 certo
802 2379 930 2413 donari
957 2378 1081 2412 remis-

94 2429 211 2472 sione,
245 2428 383 2463 etiamsi
408 2440 481 2462 non
506 2429 696 2463 adferimus
720 2431 861 2471 merita,
898 2431 958 2463 sed
986 2427 1082 2463 hunc

93 2480 209 2525 ipsum
232 2481 402 2525 gemitum
427 2486 669 2523 agnoscentem
694 2489 875 2525 peccatum
901 2488 934 2515 et
958 2487 1082 2525 peten-

94 2538 165 2566 tem
182 2532 442 2566 remissionem.

196 2583 358 2618 Secunda
374 2581 570 2627 propositio
581 2608 591 2622 ,
616 2581 820 2615 discernens
832 2580 1034 2627 hypocritas
1050 2589 1084 2616 et

96 2633 204 2669 iustos
234 2635 311 2668 fide.
364 2632 483 2668 Etiam
508 2633 547 2666 in
571 2631 710 2667 Sanctis
739 2640 857 2667 manet
889 2640 1084 2677 peccatum,

97 2688 157 2721 sed
179 2686 372 2721 remittitur
394 2685 612 2733 petentibus:
644 2680 720 2717 Pro
743 2679 810 2717 lzoc
834 2682 956 2718 orabit
979 2681 1034 2717 ad
1053 2688 1085 2716 te

815 93 1180 131 COMMENTARII
1206 93 1259 128 IN·
1282 91 1525 132 PSALMOS.

705 1356 802 1390 Haec
839 1365 889 1392 est
925 1359 1085 1392 doctrina
1110 1377 1112 1395 ς

93 1419 200 1453 quam
226 1406 358 1440 Paulus
382 1406 524 1450 copiose
545 1415 685 1442 enarrat
707 1408 745 1440 in
770 1407 931 1452 Epistola
950 1410 992 1441 ad
1008 1407 1087 1443 Ro·
1110 1423 1111 1427 ¹

1109 1513 1111 1522 '
1137 1505 1191 1540 ad
1209 1512 1252 1542 te.

2049 99 2146 136 1066

1152 180 1272 215 omnis
1289 178 1462 217 Sanctus.
1505 181 1626 217 Sancti
1645 195 1719 217 non
1739 184 1957 220 satisfaciunt
1976 185 2054 230 legi,
2068 200 2142 223 non

1149 241 1232 267 sunt
1248 232 1332 266 iusti
1350 233 1556 276 impletione
1575 235 1678 278 legis:
1707 237 1766 270 sed
1790 234 1906 271 adhuc
1930 249 2046 271 secum
2072 240 2141 273 cir-

1150 285 1350 318 cumferunt
1391 285 1501 318 multa
1543 286 1627 320 vitia
1662 287 1850 329 interiora,
1891 288 2139 330 dubitationes,

1149 335 1403 376 diffidentiam,
1438 336 1659 371 securitatem
1683 346 1715 373 et
1740 339 1808 373 alia
1826 340 1937 379 mala,
1964 352 2052 385 quae
2077 352 2138 373 ex·

1148 393 1295 420 tenuant
1326 383 1549 430 hypocritae,
1594 389 1653 421 sed
1687 389 1806 424 Sancti
1839 398 2034 434 agnoscunt
2065 402 2137 425 esse

1147 444 1305 481 peccata,
1333 444 1365 470 et
1380 444 1504 481 petunt
1526 440 1820 474 condonationem
1833 469 1842 482 ‚
1860 449 1891 475 et
1910 443 2138 487 acquiescunt

1147 489 1184 521 in
1207 488 1367 522 doctrina
1394 485 1500 522 huius
1518 488 1665 531 Psalmi,
1693 492 1808 527 sciunt
1823 490 1986 526 homiues
2009 494 2055 527 ita
2080 493 2136 527 iu-

1145 546 1215 573 stos
1234 551 1322 579 esse,
1348 539 1431 583 quia
1448 547 1626 582 peccatum
1644 542 1774 585 tegitur
1790 550 1821 576 et
1837 555 1910 575 non
1928 544 2134 588 imputatur.

1245 587 1403 628 Πάθοςε
1433 588 1540 635 Ergo
1558 592 1596 623 in
1614 591 1851 626 tribulatione
1875 591 1929 626 ad
1953 598 1984 627 te
2004 594 2135 641 confa-

1141 640 1260 687 giam.
1315 641 1388 684 Qui
1406 641 1573 684 ignorant
1592 640 1683 676 lianc
1700 645 1897 677 doctrinam
1916 646 1958 677 de
1981 646 2134 688 gratuita

1144 692 1372 732 remissione,
1401 693 1438 725 in
1461 693 1720 727 calamitatibus
1748 695 1904 728 iudicant
1928 707 1963 728 se
1989 703 2135 739 propter

1143 751 1281 788 peccata
1299 756 1317 776 a
1340 742 1416 776 Deo
1447 743 1575 787 abiici,
1602 751 1641 778 ut
1665 745 1782 790 inquit
1801 745 1906 780 Cain:
1942 745 2060 779 Maius
2085 754 2135 779 est

1143 802 1322 839 peccatum
1340 806 1477 835 meum,
1504 807 1608 840 quam
1625 802 1662 829 ut
1681 797 1813 830 remitti
1829 796 1949 840 possit.
1984 795 2032 830 At
2050 794 2134 829 haec

1143 846 1305 879 doctrina
1322 852 1461 879 revocat
1479 846 1637 879 animum
1657 860 1696 880 ex
1715 848 1855 888 inferis,
1882 859 1960 880 cum
1977 848 2132 881 ostendit

1142 904 1235 931 certo
1261 896 1368 940 gratis
1395 897 1527 930 remitti
1546 906 1704 941 peccata,
1732 907 1763 932 et
1782 897 1897 932 Deum
1924 899 2134 942 praecipere,

1142 955 1180 981 ut
1198 948 1265 981 fide
1283 954 1440 991 petamus
1459 948 1713 982 remissionem.

1244 998 1418 1032 Inseritur
1441 999 1652 1042 promissio,
1688 1000 1725 1032 in
1749 1012 1817 1045 qua
1840 999 1935 1034 Deus
1959 1000 2134 1044 promittit

1141 1061 1175 1082 se
1204 1050 1295 1083 velle
1319 1047 1410 1082 hanc
1433 1050 1631 1083 doctrinam
1660 1051 1736 1095 pios
1762 1053 1905 1092 docere,
1940 1051 2023 1096 quia
2058 1050 2132 1084 sine

1139 1101 1217 1134 luce
1234 1101 1355 1134 divina
1379 1112 1451 1133 non
1468 1101 1607 1134 tollitur
1625 1099 1831 1147 hypocrisis.

1242 1151 1363 1185 Tertia
1389 1152 1602 1195 propositio,
1631 1152 1843 1197 Principalis
1861 1164 1963 1186 causa
1987 1152 2132 1185 calami-

1138 1209 1250 1236 tatum
1274 1201 1509 1236 humanarum
1536 1210 1607 1244 est,
1644 1216 1736 1244 non,
1769 1211 1808 1238 ut
1834 1201 2040 1248 philosophi
2064 1216 2130 1247 pu-

1138 1260 1233 1294 tant,
1260 1253 1422 1294 materia,
1445 1254 1504 1286 sed
1521 1261 1702 1297 peccatum
1723 1255 1760 1287 in
1788 1261 1915 1288 natura
1931 1253 2131 1289 hominum.

1137 1304 1237 1337 Mors
1264 1312 1297 1339 et
1321 1304 1410 1337 aliae
1435 1304 1596 1338 miseriae
1618 1303 1794 1339 humanae
1812 1314 1894 1340 sunt
1922 1317 2038 1339 carcer
2062 1305 2130 1337 im—

1138 1356 1297 1399 piorum,
1328 1355 1388 1400 qui
1412 1355 1563 1389 debebat
1597 1353 1761 1389 homines
1792 1357 1984 1389 admonere
2009 1357 2052 1388 de
2079 1355 2130 1388 ira

1136 1404 1206 1439 Dvi
1226 1407 1286 1438 adx
1297 1417 1393 1438 ersus
1418 1412 1617 1449 peccatum:
1652 1400 1796 1440 Chamo
1815 1411 1845 1439 et
1855 1406 1970 1452 freno
1985 1403 2130 1438 maxil-

1137 1455 1198 1490 las
1222 1467 1344 1489 eorum
1372 1455 1607 1501 constringis,
1631 1469 1708 1491 cum
1729 1469 1802 1491 non
1825 1454 2130 1504 adpropinquant

1316 1507 1499 1550 vagantur
1531 1505 1720 1542 horribiles
1752 1520 1887 1556 poenae
1922 1520 1985 1553 per
2015 1514 2129 1541 totum

1135 1559 1329 1599 mundum,
1363 1557 1539 1599 Sodoma,
1572 1558 1771 1604 Aegyptus,
1799 1559 2032 1605 lerosolyma,
2060 1557 2130 1591 Ba-

1137 1610 1266 1654 bylon,
1293 1608 1409 1643 Roma
1426 1609 1599 1644 delentur.
1653 1609 1719 1643 His
1735 1611 1904 1654 exemplis
1932 1617 1966 1644 et
1993 1611 2129 1642 coercet

1136 1659 1231 1693 Deus
1258 1660 1402 1704 impios,
1437 1666 1471 1692 et
1497 1661 1769 1694 commonefacit
1796 1673 1919 1694 omnes
1950 1658 2128 1697 homines,

1136 1718 1176 1745 ut
1194 1717 1385 1753 agnoscant
1401 1708 1516 1743 Deum
1539 1723 1620 1744 vere
1644 1712 1746 1745 irasci
1763 1712 1931 1756 peccatis,
1958 1718 1990 1745 et
2017 1710 2129 1755 aliqui

1137 1763 1179 1795 ad
1203 1760 1318 1796 Deum
1336 1768 1600 1797 convertantur.

1228 1812 1363 1856 Quarta
1385 1813 1591 1856 propositio,
1611 1811 1763 1858 Utrique
1779 1813 1829 1858 pii
1847 1820 1879 1847 et
1898 1812 1998 1858 impii
2018 1818 2129 1845 morte

1136 1864 1272 1898 onerati
1296 1870 1398 1904 sunt,
1430 1870 1463 1896 et
1497 1861 1685 1897 horrendis
1714 1864 1971 1898 calamitatibus
2005 1875 2128 1896 excru-

1136 1916 1286 1950 ciantur.
1320 1914 1388 1948 Sed
1408 1914 1508 1958 impii
1528 1915 1761 1949 succumbunt
1778 1926 1817 1947 ac
1833 1921 1943 1948 ruunt
1961 1915 1998 1947 in
2017 1920 2128 1947 aeter—

1137 1978 1223 2000 num
1247 1966 1413 2006 exitium,
1448 1965 1530 2010 quia
1569 1965 1699 1999 nolunt
1728 1965 1853 1999 audire
1884 1964 2128 1999 remissionem

1137 2024 1371 2062 peccatorum.
1413 2014 1568 2050 Econtra
1595 2028 1678 2049 vero
1699 2023 1858 2064 petentes
1881 2016 2126 2050 remissionem

1137 2076 1378 2113 peccatorum,
1405 2067 1521 2101 sciunt
1539 2079 1573 2100 se
1592 2074 1737 2111 propter
1755 2074 1934 2112 peccatum
1954 2066 2128 2101 subiectos

1137 2131 1209 2153 esse
1226 2119 1332 2153 morti
1350 2125 1381 2152 et
1400 2118 1479 2151 aliis
1497 2118 1668 2159 miseriis,
1695 2119 1754 2151 sed
1782 2125 1898 2152 tamen
1923 2129 1996 2151 non
2021 2115 2127 2151 abiici

1135 2183 1153 2204 a
1171 2170 1247 2204 Deo
1266 2176 1410 2215 propter
1426 2166 1488 2202 has
1507 2180 1648 2212 poenas.
1698 2168 1883 2203 Sustinent
1900 2168 2008 2212 igitur
2025 2178 2127 2201 aeru-

1137 2233 1236 2255 mnas
1253 2229 1285 2256 et
1301 2227 1426 2266 petunt
1444 2220 1686 2254 remissionem
1700 2247 1708 2261 ,
1736 2227 1769 2253 et
1789 2220 1904 2254 sciunt
1923 2232 1956 2253 se
1972 2230 2052 2252 vere
2069 2229 2127 2250 ex-

1135 2273 1251 2307 audiri
1276 2285 1294 2306 a
1316 2273 1415 2313 Deo,
1443 2278 1476 2305 et
1500 2271 1634 2311 iuvari,
1665 2278 1698 2304 et
1721 2272 1862 2305 tandem
1880 2270 2126 2304 liberationem

1134 2325 1350 2370 propositam
1369 2335 1452 2357 esse.

1237 2373 1502 2420 Epiphonema:
1530 2369 1753 2405 Laetamini
1776 2371 1814 2404 in
1833 2369 2011 2404 Domino.
2054 2370 2127 2404 Has

1136 2427 1397 2461 consolationes
1421 2426 1464 2457 de
1487 2424 1635 2467 gratuita
1654 2423 1876 2464 remissione,
1900 2429 1932 2455 et
1961 2423 2003 2455 de
2024 2422 2125 2456 auxi-

1136 2478 1184 2512 lio
1212 2479 1249 2510 in
1273 2488 1375 2510 cruce
1402 2475 1463 2521 qui
1485 2481 1625 2512 tenent,
1658 2473 1889 2518 experiuntur
1918 2473 1956 2506 in
1987 2473 2125 2516 magnis

1135 2529 1320 2562 doloribus
1342 2538 1461 2560 veram
1486 2525 1725 2566 levationum,
1753 2525 1824 2558 imo
1843 2524 1936 2559 vitae
1963 2531 2124 2558 aeternae

1135 2586 1274 2624 gustum
1306 2585 1338 2612 et
1363 2576 1615 2610 incoationem.
1666 2575 1763 2609 Haec
1789 2582 1861 2610 tota
1884 2576 2061 2617 doctrina,
2087 2581 2126 2608 ut

1134 2643 1239 2675 supra
1265 2629 1358 2670 dixi,
1392 2624 1616 2672 philosophis
1645 2627 1764 2671 ignota
1793 2633 1860 2661 est:
1887 2627 1968 2660 ideo
1984 2627 2126 2660 videtur

1134 2680 1329 2716 obscurior.
1381 2675 1592 2723 Philosophi
1613 2679 1737 2713 iubent
1772 2678 1941 2723 tantisper
1969 2675 2124 2711 humana
