2379 2948
104 87 180 125 965
516 84 562 121 V.

101 173 183 209 Non
200 172 399 216 intelligent
414 183 538 206 omnes
555 172 666 217 impii.
723 170 863 206 Horum
882 169 1015 215 iniquis
1042 169 1098 202 iu-

101 224 203 259 diciis
227 236 301 257 non
327 224 445 258 sinant
471 224 521 268 pii
548 236 583 258 se
607 223 762 264 moveri,
796 229 837 256 ut
859 221 1098 254 assentiantur

100 275 294 317 erroribus,
321 276 440 309 colant
455 274 571 314 idota,
598 282 628 308 et
648 275 819 308 adiuvent
835 272 1002 306 iniustam
1021 284 1096 305 sae-

102 327 237 361 vitiam.

203 385 396 431 Postquam
421 391 537 418 autem
558 383 713 416 indicavi
732 394 858 427 regna,
884 394 974 428 quae
998 394 1093 416 com-

99 437 267 480 plectitur
292 435 481 480 appellatio
506 432 740 475 Antichristi‚
777 435 882 467 verba
915 440 1028 468 textus
1057 434 1094 466 in

98 486 249 522 Daniele
274 488 375 521 facile
399 487 442 519 ad
461 497 499 518 ea
521 485 783 519 accommodari
802 493 960 530 possunt.
1016 484 1094 518 Ad-

98 540 179 572 dam
199 539 305 583 igitur
327 544 459 571 textum
488 543 522 570 et
547 537 773 582 quorundam
811 538 1003 571 verborum
1030 537 1093 570 de-

99 590 338 625 clarationem.

151 695 197 727 Et
229 690 353 737 faciet
380 690 589 725 secundum
616 692 849 726 voluntatem
872 702 985 725 suam
1008 701 1091 734 rem,

150 748 187 779 et
205 742 390 778 exaltabit
405 753 458 785 se,
477 747 513 776 et
527 742 792 791 magnificabit
809 755 925 788 super
942 754 1092 777 omnem

148 797 289 837 Deum,
316 799 352 828 et
369 798 500 828 contra
515 796 638 829 Deum
659 794 812 830 deorum
828 796 1000 840 loquetur
1020 797 1092 828 mi—

147 845 300 888 rabilia,
329 851 367 880 et
391 844 543 880 habebit
562 857 763 881 successus
777 858 991 891 prosperos,
1027 845 1092 879 do-

145 909 214 932 nec
242 899 301 931 ira
329 895 504 944 finietur,
533 900 621 943 quia
643 897 864 945 praefinitio
888 896 996 943 facta
1019 902 1089 932 est.

195 964 396 1009 Descriptio
415 971 464 998 est
482 976 625 1008 prorsus
642 965 824 999 terribilis,
877 964 949 998 Nec
977 971 1091 1008 potest

94 1013 250 1049 humana
272 1028 369 1048 mens
388 1016 564 1057 iudicare,
592 1023 765 1062 quantum
791 1014 856 1048 hoc
881 1016 1013 1048 malum
1035 1016 1090 1055 sit,

94 1068 239 1100 audacia
259 1067 412 1110 fingendi
431 1074 463 1100 et
480 1067 667 1111 spargendi
685 1069 846 1110 dogmata
866 1067 986 1111 impia,
1004 1079 1089 1099 con-

92 1118 279 1151 tumeliosa
305 1125 427 1152 contra
452 1117 576 1153 Deum.
637 1117 738 1152 Hanc
760 1118 942 1151 audaciam
965 1117 1090 1152 tribuit

94 1167 153 1202 hic
169 1167 349 1203 Antiocho
368 1176 401 1203 et
418 1167 660 1210 Antichristo,
688 1167 755 1202 hoc
783 1176 851 1210 est,
878 1166 1087 1202 Mahometo

93 1227 127 1254 et
143 1221 392 1254 defensoribus
411 1221 591 1254 idolorum
609 1221 644 1253 in
663 1219 834 1254 Ecclesia.
888 1219 934 1254 Et
951 1220 1086 1264 magni-

92 1273 179 1305 tudo
212 1269 319 1305 huius
352 1272 436 1305 mali
461 1273 725 1317 aliquantulum
752 1272 858 1316 aspici
892 1278 1024 1314 potest,
1058 1271 1085 1304 si

93 1323 173 1368 quis
201 1323 328 1366 cogitet
358 1324 601 1357 adorationem
635 1330 851 1364 statuarum,
892 1330 953 1356 aut
975 1323 1086 1367 panis,

91 1374 154 1419 qui
172 1374 208 1407 in
227 1374 434 1418 spectaculis
454 1375 711 1409 circumfertur.

195 1424 266 1459 Nec
299 1432 437 1459 tantum
478 1423 536 1459 hic
571 1426 716 1459 audacia
753 1424 983 1465 describitur,
1026 1424 1084 1457 sed

91 1475 198 1510 etiam
214 1476 450 1521 praedicitur,
478 1478 546 1511 late
562 1484 797 1520 grassaturam
818 1488 890 1510 esse
916 1473 1007 1509 hanc
1024 1488 1086 1520 pe-

93 1534 201 1569 stem,
228 1535 261 1561 et
278 1539 424 1570 magnos
446 1529 521 1562 fore
545 1540 722 1562 successus
746 1528 938 1572 impiorum
957 1539 1085 1571 regno—

91 1590 184 1614 rum.
235 1578 273 1613 Id
300 1579 458 1623 potentia
484 1580 582 1623 regni
599 1577 830 1613 Mahometici
856 1586 890 1612 et
912 1579 1082 1621 pontificii

90 1630 173 1663 satis
189 1630 354 1664 ostendit.
395 1628 527 1665 Addita
544 1637 661 1664 tamen
679 1637 729 1664 est
745 1630 960 1668 consolatio,
989 1630 1084 1674 quod

90 1681 135 1715 sit
159 1681 247 1715 facta
275 1681 479 1726 praefinito,
509 1682 543 1715 id
569 1689 635 1720 est,
664 1682 759 1727 quod
789 1681 982 1726 aliquando
1006 1681 1085 1714 finis

90 1732 233 1767 futurus
251 1733 296 1767 sit
313 1730 439 1766 harum
456 1732 683 1767 horribilium
701 1733 880 1767 fraudum.

142 1838 188 1869 Et
205 1834 251 1870 de
266 1837 347 1871 Deo
362 1840 517 1881 patrum
544 1838 662 1880 ipsius
683 1835 813 1879 populi
840 1845 913 1868 non
941 1833 1085 1867 intelli-

140 1891 222 1934 get,
252 1893 290 1921 et
316 1887 363 1922 de
389 1887 578 1921 desiderio
603 1888 831 1928 mulierum,
867 1890 902 1918 et
936 1884 982 1918 de
1011 1885 1084 1918 ullo

143 1940 221 1973 Deo
248 1951 320 1973 non
338 1940 542 1986 intelliget,
571 1940 660 1984 quia
677 1949 792 1983 super
808 1940 986 1972 univer-sa
1002 1947 1084 1970 ma-

139 1988 337 2037 gnificabit
355 2002 408 2025 se.

196 2056 294 2091 Duae
319 2059 474 2103 insignes
498 2065 601 2092 notae
627 2064 708 2091 sunt
730 2054 899 2091 Antiochi
924 2063 957 2089 et
979 2055 1085 2090 Anti-

94 2107 230 2142 christi.
285 2108 364 2142 Non
381 2122 589 2154 agnoscere,
612 2107 678 2143 hoc
702 2116 771 2149 est,
798 2108 943 2141 reiicere
968 2106 1082 2141 Deum

94 2166 235 2204 patrum
260 2158 458 2203 Ecclesiae,
485 2169 519 2195 et
538 2174 610 2195 non
636 2161 831 2204 intelligere
855 2159 1084 2202 desiderium,
1109 2168 1111 2198 ζ

697 2211 785 2246 Nam
810 2212 847 2244 in
866 2218 959 2244 textu
985 2222 1082 2243 more
1108 2231 1110 2241 ι

93 2210 131 2244 id
155 2217 224 2251 est,
252 2209 414 2259 στοργὴν
439 2213 642 2247 mulierum.

93 2260 248 2295 Ebraico
278 2266 320 2295 ad
352 2270 529 2309 utrunque
559 2264 758 2298 membrum
785 2263 1082 2296 accommodanda

94 2320 144 2346 est
161 2314 312 2356 negatio.
365 2313 418 2346 De
439 2315 614 2349 desiderio
641 2316 852 2356 mulierum,
880 2320 913 2347 ct
940 2315 983 2347 de
1007 2312 1082 2346 Deo

93 2376 166 2397 non
184 2364 375 2408 intelliget,
403 2365 437 2398 id
455 2372 523 2405 est,
554 2378 617 2400 nec
641 2367 856 2399 desiderium
881 2365 1084 2402 mulierum,
1109 2380 1111 2414 ἦ

94 2427 158 2449 nec
179 2416 297 2450 Deum
317 2417 467 2450 curabit.
520 2416 630 2462 Saepe
649 2418 743 2451 enim
760 2416 891 2451 Ebraei
916 2415 983 2449 hoc
1007 2428 1083 2449 mo-

94 2468 141 2500 do
167 2479 237 2501 una
264 2468 453 2511 negatione
484 2469 765 2512 complectuntur
790 2469 891 2513 plura
917 2468 1084 2501 membra.

94 2517 187 2552 Sunt
212 2520 320 2563 igitur
344 2516 410 2552 hae
432 2520 522 2552 duae
545 2527 665 2560 notae,
700 2521 884 2554 manifesta
905 2520 1083 2553 idolorum

94 2570 253 2604 adoratio
267 2598 276 2611 ,
301 2579 334 2604 et
356 2571 411 2604 lex
429 2571 639 2604 confirmans
656 2582 758 2612 vagas
774 2571 953 2605 libidines.

197 2621 278 2655 Non
297 2629 347 2656 est
364 2634 453 2666 opus
471 2623 606 2667 prolixe
623 2623 665 2654 de
678 2620 847 2655 Antiochi
866 2620 1011 2656 historia
1031 2622 1085 2655 di-

97 2683 184 2708 cere.
238 2672 384 2708 Constat
409 2686 488 2707 eum
513 2674 700 2707 collocasse
721 2672 858 2706 idolum
880 2673 918 2706 in
941 2674 1085 2719 templo,

617 84 668 121 IN
693 82 951 120 DANIELEM
975 78 1295 119 PROPHETAM
1323 79 1745 117 COMMENTARIUS.

2070 84 2147 122 966

1150 174 1182 201 et
1198 166 1368 201 delevisse
1384 164 1641 212 Prophetarum
1657 167 1785 212 scripta
1796 194 1804 208 ,
1829 174 1863 202 et
1881 180 1999 202 veram
2015 171 2058 204 de
2067 169 2143 205 Deo

1148 218 1346 252 doctrinam
1367 230 1510 262 prorsus
1535 219 1702 254 aboleret.
1755 218 1950 264 Spurcities
1974 223 2079 255 etiam
2104 223 2141 256 in

1149 270 1311 303 moribus
1329 270 1569 303 abominanda
1588 270 1667 303 fuit.

1250 319 1427 354 Horresco
1453 321 1638 353 conferens
1666 321 1854 364 imaginem
1890 322 1933 355 ad
1962 329 2141 366 postrema

1146 383 1264 415 regna,
1320 369 1551 405 M.2hometici
1575 372 1639 405 etsi
1658 373 1760 405 valde
1779 384 1814 406 se
1838 373 2017 414 offerunt,
2045 375 2142 419 quod

1148 435 1259 456 unum
1274 434 1346 456 esse
1357 421 1471 455 Deum
1491 422 1661 463 sentiunt,
1678 429 1796 456 tamen
1812 432 1940 468 negant
1958 422 2051 458 hunc
2071 436 2144 458 esse

1146 472 1259 507 Deum
1281 474 1501 507 conditorem
1519 485 1657 512 rerum,
1685 474 1745 518 qui
1769 482 1819 508 est
1836 482 1934 519 pater
1951 475 2142 510 Liberato-

1146 525 1194 558 ris
1217 525 1330 558 nostri
1355 524 1433 558 lesu
1451 522 1607 565 Christi,
1634 536 1698 556 nec
1724 534 1918 568 agnoscunt
1942 523 2037 560 hunc
2061 539 2142 560 vere

1146 575 1259 609 Deum
1289 588 1382 616 esse,
1417 575 1478 621 qui
1513 587 1548 608 se
1583 587 1645 619 per
1678 572 1743 608 hoc
1779 577 1925 610 verbum
1965 578 2139 620 patefecit,

1145 629 1240 672 quod
1272 627 1417 660 tradidit
1451 623 1638 670 Prophetis
1665 633 1700 659 et
1722 627 1922 670 Apostolis,
1958 640 2020 661 nec
2053 629 2140 662 reti·-

1145 685 1230 712 nent
1247 676 1504 721 Evangelium,
1532 689 1595 710 nec
1619 677 1744 710 fiducia
1771 677 1980 711 Mediatoris
2005 677 2139 713 Christi

1144 731 1186 762 ad
1205 728 1318 762 Deum
1336 730 1526 769 accedunt,
1553 728 1706 773 denique
1730 728 1845 772 ipsum
1863 728 1994 763 Filium
2024 730 2138 762 mani-

1144 782 1228 814 festa
1262 780 1476 814 contumelia
1507 779 1680 812 afficiunt:
1718 791 1800 822 ergo
1826 781 1992 814 reiicinnt
2019 792 2138 813 verum

1142 831 1278 873 Deum,
1307 839 1339 865 et
1362 831 1430 865 sibi
1448 830 1545 863 aliud
1564 841 1697 863 numen
1717 830 1866 873 fingunt.

1244 891 1297 924 De
1316 892 1423 925 altera
1443 897 1546 931 nota,
1573 896 1710 923 constat
1731 890 1807 933 lege
1827 887 2025 923 Mahomcti
2053 903 2137 924 con-

1142 943 1236 983 cedi,
1264 950 1301 976 ut
1318 944 1424 976 ducat
1440 942 1589 987 quisque
1614 947 1700 986 quot
1726 941 1824 982 vult,
1852 947 1885 975 et
1910 941 2053 975 abiiciat
2076 954 2136 976 seu

1143 996 1290 1034 vendat,
1323 1006 1402 1026 cum
1420 994 1515 1034 vult,
1540 992 1615 1025 sine
1633 992 1705 1025 ulla
1721 1004 1823 1025 causa
1852 999 1885 1026 et
1911 992 1986 1025 sine
2014 994 2136 1036 cogni-

1141 1046 1249 1078 tione.
1306 1044 1408 1077 Hanc
1426 1056 1498 1077 esse
1523 1043 1774 1077 contumeliam
1795 1050 1827 1076 et
1845 1043 2022 1075 miseriam
2049 1044 2135 1077 insi-

1141 1108 1243 1139 gnem
1261 1108 1362 1129 sexus
1379 1095 1562 1128 muliebris
1579 1105 1701 1127 omnes
1724 1095 1800 1127 sani
1820 1094 2034 1138 intelligunt.
2089 1093 2135 1128 Et

1142 1154 1269 1191 pugnat
1298 1145 1382 1180 haec
1409 1147 1464 1179 lex
1487 1159 1565 1179 cum
1591 1145 1751 1178 doctrina
1777 1143 1930 1183 Christi,
1971 1145 2032 1190 qui
2060 1146 2137 1180 vult

1140 1198 1344 1241 coniugium
1363 1209 1435 1231 esse
1458 1196 1728 1241 inseparabilem
1748 1196 2034 1229 coniunctionem
2060 1209 2135 1229 ma·-

1141 1250 1197 1282 riti
1216 1257 1248 1282 et
1267 1250 1397 1284 uxoris.
1450 1247 1495 1283 Et
1515 1249 1563 1282 sic
1590 1248 1692 1280 initio
1721 1247 1923 1281 institutum
1950 1259 2023 1280 esse
2049 1260 2134 1280 con-

1110 1917 1112 1928 1
1137 1897 1270 1937 tribus,
1306 1894 1493 1941 Prophetis
1526 1902 1559 1929 et
1587 1893 1781 1939 Apostolis.

1140 1301 1273 1343 iugium
1294 1301 1462 1339 affirmat,
1491 1307 1527 1333 ut
1544 1299 1692 1332 maritus
1711 1305 1744 1332 et
1764 1311 1852 1331 uxor
1868 1298 1937 1331 sint
1955 1310 2024 1331 una
2043 1311 2134 1339 caro,

1139 1352 1173 1384 id
1194 1359 1262 1390 est,
1292 1351 1575 1394 inseparabiliter
1594 1349 1714 1382 iuncti.
1770 1348 1861 1382 Sunt
1887 1356 1918 1382 et
1936 1349 2003 1381 alia
2024 1350 2134 1392 magis

1138 1403 1308 1445 flagitiosa
1328 1402 1484 1443 exempla
1507 1400 1679 1434 Turcicae
1696 1400 1827 1442 gentis,
1855 1412 1944 1444 quae
1963 1400 2058 1433 Deus
2079 1400 2134 1433 iu-

1138 1461 1211 1487 stus
1232 1454 1336 1487 iudex
1352 1460 1385 1487 et
1400 1464 1522 1486 amans
1539 1458 1652 1485 castos
1674 1462 1791 1483 mores
1814 1463 1877 1484 suo
1902 1457 2059 1495 tempore
2077 1463 2132 1484 se-

1140 1517 1220 1538 vere
1239 1506 1374 1550 puniet.

1240 1590 1344 1624 Nunc
1366 1591 1409 1623 de
1433 1601 1542 1632 regno
1568 1588 1751 1633 pontificio
1776 1587 1985 1621 dominante
2009 1587 2045 1620 in
2064 1584 2133 1620 Ec-

1138 1642 1240 1675 clesia
1270 1643 1459 1675 dicendum
1488 1648 1549 1675 est.
1610 1639 1756 1674 Retinet
1783 1639 1817 1671 id
1838 1650 1968 1671 nomen
1987 1637 2052 1671 Dei
2072 1650 2132 1670 ae-

1138 1694 1227 1726 terni
1254 1693 1362 1737 patris
1389 1699 1421 1725 et
1448 1692 1534 1725 Filii
1561 1688 1707 1724 Christi.
1770 1689 1837 1723 Sed
1865 1690 2001 1723 addidit
2028 1689 2134 1730 idola,

1137 1752 1169 1777 et
1187 1744 1346 1788 corrupit
1363 1743 1573 1776 doctrinam.
1627 1740 1711 1774 Dixi
1728 1753 1832 1785 supra
1846 1768 1854 1781 ‚
1882 1752 1970 1785 quae
1995 1751 2133 1783 semper

1140 1796 1223 1828 inde
1239 1808 1349 1840 usque
1366 1796 1410 1828 ab
1426 1793 1540 1827 Adam
1558 1792 1666 1826 suerit
1679 1793 1856 1825 invocatio
1873 1791 1980 1824 unius
1997 1790 2131 1824 aeterni

1139 1845 1224 1886 Dei,
1250 1846 1311 1891 qui
1338 1857 1373 1878 se
1390 1844 1554 1889 patefecit
1571 1844 1607 1876 in
1625 1844 1751 1884 verbo,
1780 1843 1875 1888 quod
1899 1842 2047 1876 tradidit
2065 1840 2133 1875 Pa-

1841 1893 1912 1928 Sed
1935 1893 2023 1926 alios
2048 1894 2132 1926 deos

1139 1955 1345 1993 proponunt
1361 1947 1551 1981 adversarii
1568 1947 1805 1986 invocandos,
1839 1945 1989 1985 scilicet,
2015 1941 2132 1976 homi-

1138 2012 1199 2032 nes
1223 2007 1401 2040 mortuos,
1429 1999 1512 2032 item
1539 2005 1688 2035 statuas,
1723 1998 1765 2029 ad
1793 2007 1879 2041 quas
1902 2001 2132 2035 concurrunt,

1137 2052 1220 2084 item
1246 2051 1339 2083 idola
1359 2050 1561 2083 Missarum.
1613 2045 1812 2081 Obscurata
1838 2052 1887 2079 est
1914 2053 1946 2079 et
1970 2046 2131 2078 doctrina

1137 2103 1179 2135 de
1199 2102 1424 2135 invocatione
1441 2102 1477 2132 in
1495 2099 1581 2139 fide,
1610 2098 1644 2130 id
1665 2104 1732 2139 est,
1760 2097 1887 2131 fiducia
1903 2096 2127 2136 Mediatoris,

1137 2154 1218 2198 quia
1246 2154 1368 2186 iubent
1393 2162 1529 2195 semper
1560 2149 1742 2190 dubitare,
1776 2155 1811 2181 at
1834 2160 1933 2181 mens
1958 2147 2127 2181 dubitans

1136 2205 1224 2248 sugit
1238 2203 1373 2245 Deum,
1397 2214 1469 2236 non
1492 2204 1644 2235 invocat.

1237 2263 1446 2297 Discernere
1464 2261 1512 2306 pii
1530 2272 1626 2293 suam
1644 2258 1906 2292 invocationem
1925 2257 1969 2289 ab
1987 2254 2126 2290 ethnica

1136 2315 1325 2360 dupliciter
1343 2315 1482 2347 debent.
1538 2311 1707 2354 Ignorant
1731 2308 1861 2349 Turci,
1887 2319 1992 2353 quem
2009 2307 2126 2340 Deum

1137 2368 1322 2407 invocent,
1357 2373 1390 2400 et
1418 2365 1467 2398 sic
1496 2363 1681 2401 invocant,
1716 2367 1755 2393 ut
1787 2370 1926 2403 semper
1950 2359 2127 2397 dubitent,

1109 2424 1111 2435 '¹
1135 2431 1180 2452 an
1196 2417 1292 2450 Deus
1308 2417 1351 2451 sit
1368 2417 1417 2449 eis
1433 2414 1624 2459 propicius,
1678 2410 1755 2444 Hae
1780 2409 2022 2444 dubitationes
2047 2420 2128 2453 per-

1110 2474 1111 2502 t
1137 2476 1262 2514 petuae
1281 2481 1355 2501 non
1374 2466 1544 2500 differunt
1568 2465 1612 2497 ab
1633 2460 1785 2497 ethnicis
1810 2460 2054 2505 opinionibus.

1110 2507 1111 2514 ἵ
1240 2519 1308 2554 Sed
1339 2520 1425 2552 fides
1455 2518 1491 2549 in
1520 2515 1623 2548 nobis
1657 2513 1813 2558 primum
1836 2518 2001 2555 agnoscat
2033 2509 2128 2545 hunc

1138 2583 1219 2604 vere
1236 2582 1309 2604 esse
1325 2568 1441 2603 Deum
1459 2574 1638 2601 aeternum
1657 2564 1877 2598 conditorem
1890 2587 1898 2601 ‚
1927 2562 1987 2608 qui
2005 2573 2041 2595 se
2064 2575 2128 2607 pa-

1110 2607 1111 2628 *
1136 2622 1254 2655 tefecit
1272 2633 1333 2665 per
1357 2620 1523 2658 verbnm,
1543 2617 1639 2662 quod
1665 2615 1769 2650 nobis
1792 2613 1959 2654 tradidit,
1993 2614 2052 2659 qui
2078 2620 2128 2647 est

1111 2701 1113 2718 ,
1136 2681 1234 2718 pater
1250 2679 1412 2706 aeternus
1431 2667 1583 2708 Christi,
1610 2679 1713 2713 quem
1740 2678 1804 2711 pro
1828 2665 1932 2699 nobis
1951 2664 2128 2698 victimam

1515 2720 1562 2753 61
1575 2722 1592 2740 ²⁹
