2379 2948
223 123 316 158 1351.

220 219 279 242 ros
308 218 381 240 esse
413 205 584 240 auxilium
615 210 648 236 et
679 201 947 242 liberationem,
980 201 1076 235 iuxta
1105 201 1215 246 ipsius

221 258 431 298 consilium,
455 255 590 290 etiamsi
616 254 779 288 differtur
797 253 977 286 liberatio:
1003 253 1093 287 sicut
1110 251 1215 293 Abel,

220 309 354 350 Esaias,
383 307 546 341 Ieremias
563 305 767 350 etApostoli
783 302 898 337 adhuc
913 310 1097 348 expectant
1114 316 1211 336 suam

220 360 513 404 glorificationem
546 368 663 390 coram
695 356 850 395 mundo,
885 362 918 389 et
943 361 1061 388 tamen
1086 355 1122 387 in
1148 352 1212 387 hac

220 413 292 445 vita
323 410 435 443 sancti
467 409 569 442 multi
601 419 666 452 pro
689 407 800 450 gloria
823 405 892 439 Dei
913 406 1155 439 defenduntur
1179 411 1213 439 et

221 463 441 501 liberantur,
468 461 556 493 sicut
573 458 667 497 Noe',
693 455 897 501 Abraham,
926 456 1050 498 Iacob,
1074 453 1213 500 Ioseph,

221 512 357 551 Moses,
385 511 501 545 David
525 517 558 545 et
581 510 642 543 alii
659 509 940 543 innumerabiles
957 508 1085 542 servati
1101 514 1135 541 et
1150 508 1212 540 de-

220 564 309 597 fensi
329 570 422 598 sunt.

324 621 381 656 Ad
414 619 500 654 haec
526 621 607 653 fidei
632 621 794 655 exercitia
819 618 1139 654 accommodandus
1163 623 1213 650 est

221 682 253 707 et
277 672 335 707 hic
359 673 538 711 psalmus,
573 684 652 706 cum
678 673 744 712 ait,
779 669 946 705 Erectum
970 677 1021 703 est
1044 681 1104 702 cor
1127 668 1213 709 eius,

220 725 385 758 videlicet
417 724 478 757 tali
508 724 596 764 fide,
642 731 682 757 ut
716 724 849 756 dictum
880 728 945 755 est:
989 721 1085 766 quod
1119 719 1213 752 inter

222 777 301 810 illos
339 776 466 809 fluctus
503 786 537 807 se
573 781 743 808 sustentat
775 773 1028 818 promissione,
1072 771 1212 804 invocat

220 826 354 865 Deum,
383 834 414 860 et
434 832 589 870 expectat
605 825 775 858 auxilium
789 851 797 865 ‚
825 836 888 856 nec
907 823 1035 856 deserit
1052 821 1148 855 Deus
1164 821 1212 854 sic

221 878 444 917 invocantes,
486 877 787 920 quemadmodum
819 874 937 919 inquit
968 873 1108 907 Psalmo
1135 871 1211 906 49.:

219 930 350 961 Invoca
381 939 436 960 me
468 927 506 959 in
537 926 594 959 die
623 926 883 966 tribulationis,
923 931 957 959 et
987 925 1136 969 eripiam
1166 930 1210 957 te.

220 980 303 1012 ldeo
330 977 387 1012 hic
409 978 523 1011 addit:
547 976 629 1010 Non
654 976 953 1017 commovebitur,
980 976 1017 1009 id
1042 982 1110 1016 est,
1138 986 1211 1008 non

221 1037 414 1068 exertetur,
440 1041 512 1062 non
530 1028 672 1073 peribit.

269 1130 477 1178 Dispetsit,
523 1128 622 1164 dedit
660 1128 903 1177 pauperibus,
950 1128 1098 1162 iusticia
1135 1127 1211 1162 eius

320 1187 442 1215 manet
460 1194 609 1228 semper.

321 1258 419 1291 Sicut
443 1269 547 1300 supra
574 1256 701 1301 partim
727 1262 910 1300 praecepta
933 1256 1081 1290 tradidit
1105 1257 1148 1289 de
1166 1257 1211 1290 ti-

218 1321 315 1342 more
339 1308 423 1349 Dei,
459 1309 541 1349 fide,
576 1315 609 1342 ct
631 1307 722 1340 veris
746 1307 919 1347 cultibus,
946 1307 1075 1351 partim
1100 1307 1211 1341 inter-

219 1360 328 1395 texuit
355 1360 619 1404 promissiones.
678 1357 728 1391 Ita
754 1355 812 1391 hic
835 1358 963 1401 repetit
985 1364 1210 1402 praeceptum

219 1412 399 1455 pertinens
428 1412 471 1443 ad
501 1411 614 1443 officia
649 1408 850 1442 dilectionis
884 1420 964 1451 erga
999 1410 1211 1452 proximum.

219 1462 270 1496 Ac
303 1461 514 1495 nominatim
546 1461 631 1494 dicit
658 1461 701 1492 de
728 1459 938 1492 liberalitate
963 1471 1023 1492 seu
1045 1458 1211 1493 Eleemo-

220 1514 336 1558 synis,
379 1520 412 1546 et
442 1512 541 1545 addit
573 1510 842 1555 promissionem
874 1511 916 1542 de
948 1511 1152 1543 defensione
1179 1518 1211 1544 et

220 1563 399 1607 praemiis.
454 1563 506 1596 Ac
531 1563 612 1607 qnia
642 1561 717 1594 sine
732 1561 913 1594 mentione
930 1561 1209 1594 ceremoniarum

219 1615 395 1658 praedicat
420 1614 533 1646 officia
557 1612 777 1652 dilectionis,
805 1611 977 1654 significat
1001 1609 1086 1645 haec
1105 1624 1211 1656 opera

218 1678 289 1700 esse
321 1665 454 1705 cultus,
485 1676 572 1709 quos
595 1663 691 1697 Deus
721 1662 890 1708 requirit,
927 1668 960 1695 et
985 1662 1211 1696 anteferenda

218 1729 290 1751 esse
315 1716 538 1750 ceremoniis.
608 1713 655 1748 Et
681 1721 775 1747 taxat
799 1714 922 1746 falsam
949 1713 1211 1758 persuasionem

219 1767 505 1814 hypocritarum,
545 1766 605 1811 qui
628 1764 794 1808 neglectis
817 1763 872 1797 his
898 1764 1064 1808 operibus
1085 1776 1211 1798 cumu-

218 1822 291 1853 lant
325 1818 560 1858 ceremonias,
591 1823 623 1850 et
655 1822 782 1860 putant
807 1827 843 1849 se
868 1815 938 1849 illis
964 1816 1131 1860 operibus
1156 1816 1211 1850 iu-

220 1879 288 1905 stos
308 1881 390 1904 esse.

321 1928 390 1962 Sed
407 1928 495 1962 sicut
512 1940 616 1972 supra
634 1939 735 1970 saepe
751 1926 884 1960 dictum
902 1932 969 1966 est,
995 1926 1032 1958 in
1050 1927 1211 1961 doctrina

220 1991 366 2023 operum
401 1991 537 2023 semper
560 1980 757 2011 addendam
784 1989 856 2010 esse
880 1977 1041 2010 doctrina
1066 1979 1109 2010 de
1132 1978 1210 2022 fide.

221 2031 434 2063 Tenendum
455 2037 505 2063 est
528 2030 641 2070 enim,
668 2030 763 2074 quod
786 2029 840 2061 lex
867 2028 942 2061 sine
967 2026 1110 2062 Christo
1136 2041 1210 2063 non

220 2082 349 2125 prosit,
382 2093 445 2114 nec
470 2081 631 2125 placeant
656 2092 781 2123 opera,
810 2079 878 2111 nisi
901 2079 938 2111 in
960 2076 1036 2119 his,
1060 2080 1119 2124 qui
1143 2081 1211 2114 fide

222 2139 380 2166 statuunt
405 2143 477 2165 sese
504 2139 659 2174 receptos
684 2142 755 2164 esse
782 2141 799 2162 a
824 2129 917 2171 Deo,
942 2137 1086 2174 propter
1104 2129 1212 2165 Chri-

222 2191 327 2219 stum.
383 2181 528 2226 Italiic,
558 2183 761 2227 priusquam
780 2182 822 2213 de
841 2178 908 2214 hoc
925 2192 1049 2224 genere
1064 2194 1210 2226 operum

223 2235 378 2275 dicatur,
411 2235 611 2267 monendus
638 2240 687 2266 est
712 2233 840 2270 lector,
873 2232 969 2276 quod
997 2229 1081 2265 haec
1106 2245 1211 2277 opera

223 2287 373 2318 debeant
397 2285 471 2318 fieri
494 2285 584 2325 fide,
611 2285 716 2330 idque
734 2282 923 2327 dupliciter
942 2283 1211 2326 intelligendum

225 2344 285 2371 est.
334 2336 515 2378 Primum,
545 2343 583 2369 ut
608 2344 799 2369 statuamus
821 2346 885 2367 nos
909 2335 975 2367 fide
1000 2335 1108 2376 gratis
1131 2348 1212 2379 pro-

226 2396 301 2430 pter
318 2386 496 2421 Christum
522 2388 630 2421 iustos
652 2399 742 2423 esse,
772 2385 807 2417 id
831 2392 898 2425 est,
924 2383 1053 2418 babere
1075 2397 1138 2418 nos
1157 2399 1213 2419 re-

226 2438 428 2471 missionem
445 2447 666 2483 peccatorum
684 2445 715 2471 et
731 2436 805 2470 fieri
821 2433 987 2470 haeredes
999 2436 1090 2469 vitae
1102 2444 1213 2470 aeter-

227 2501 308 2527 nae,
342 2502 415 2522 non
443 2497 587 2535 propter
611 2496 766 2523 nostram
792 2487 999 2531 dignitatem
1024 2494 1082 2522 aut
1104 2488 1213 2522 bene-

225 2540 325 2572 facta.

329 2597 418 2631 Nam
442 2612 519 2632 cum
544 2601 579 2633 in
599 2600 764 2645 operibus
781 2598 974 2643 requiritur
991 2599 1093 2640 fides,
1121 2611 1212 2632 sem-

228 2661 289 2692 per
305 2647 370 2681 boc
389 2650 655 2693 intelligendum
674 2658 740 2691 est,
768 2650 905 2683 excludi
922 2657 1078 2684 nostram
1094 2650 1212 2693 digni-

230 2706 331 2732 tatem
344 2727 352 2740 ,
381 2701 461 2745 quia
487 2701 570 2734 fides
590 2709 640 2736 est
657 2700 741 2736 baec
758 2701 831 2746 ipsa
848 2701 993 2740 fiducia,
1023 2713 1110 2747 quae
1126 2701 1211 2735 niti-

818 115 944 153 PHIL.
971 113 1089 153 MEL.
1115 112 1324 151 SCRIPTA
1349 111 1650 150 EXEGETICA.

2159 115 2257 154 1352

1268 208 1326 235 tur
1350 200 1612 242 misericordia,
1641 207 1675 234 et
1700 200 1821 235 statuit
1846 211 1882 234 se
1899 201 2006 245 gratis
2023 202 2179 247 accipere
2198 214 2254 236 re-

1267 252 1470 285 missionem
1500 258 1722 296 peccatorum
1751 258 1895 297 propter
1923 249 2117 286 Christum.
2175 251 2255 287 Etsi

1267 310 1383 337 autem
1407 303 1567 336 remissio
1592 310 1813 347 peccatorum
1830 310 1863 337 et
1880 303 2069 348 acceptatio
2087 304 2131 337 ad
2147 304 2254 338 vitam

1267 360 1444 388 aeternam
1468 354 1575 397 gratis
1597 354 1827 398 contingunt,
1863 354 1938 387 sine
1959 354 2163 388 conditione
2187 366 2254 388 no-

1267 412 1357 438 strae
1381 405 1580 450 dignitatis:
1614 412 1731 439 tamen
1756 405 1938 439 sciendum
1962 412 2033 446 est,
2058 406 2254 439 necessario

1266 456 1366 501 sequi
1395 455 1524 490 debere
1548 469 1676 489 novam
1701 456 1958 496 obedientiam,
1993 463 2026 490 et
2051 468 2255 501 quanquam

1266 507 1328 540 illa
1352 519 1426 540 non
1448 507 1615 541 satisfacit
1638 508 1722 550 legi,
1759 509 1816 541 sed
1842 513 1890 540 est
1914 504 2029 540 adhuc
2051 507 2255 551 imperfecta

1267 565 1300 592 et
1315 558 1513 598 immunda,
1540 564 1656 591 tamen
1672 559 1708 591 in
1726 556 1781 592 his
1798 559 1874 604 (qui
1893 556 2025 592 habent
2041 556 2162 604 fidem)
2180 558 2255 602 pla-

1267 615 1320 642 cet
1345 610 1421 642 Deo
1453 614 1597 654 propter
1618 607 1798 643 Christum
1825 609 2057 644 mediatorem
2082 616 2114 644 et
2136 608 2257 654 ponti·

1266 660 1377 696 ficem.

1371 718 1422 753 Ita
1456 727 1649 765 utrumque
1679 720 1861 764 complecti
1892 719 1956 754 hac
1978 721 2046 754 fide
2070 721 2255 754 debemus:

1266 770 1491 805 Credendum
1520 779 1590 813 est,
1623 772 1719 816 quod
1743 772 1851 805 simus
1876 772 1977 814 iusti,
2003 770 2070 805 hoc
2098 777 2165 812 est,
2190 769 2256 804 ha-

1267 823 1389 856 bentes
1413 822 1657 855 remissionem
1682 828 1903 866 peccatorum
1929 830 1962 856 et
1986 823 2117 867 accepti
2139 822 2182 856 ad
2201 822 2256 854 vi-

1266 881 1337 908 tam
1366 880 1543 907 aeternam
1571 880 1715 917 propter
1737 871 1919 908 Christum
1945 874 2070 917 gratis,
2103 880 2136 908 et
2159 874 2257 918 quod

1266 936 1415 969 sequens
1456 925 1657 959 obedientia
1695 924 1800 958 etiam
1839 925 1974 970 placeat
2004 925 2079 959 Deo
2111 931 2256 969 propter

1265 973 1460 1011 Christum.

1371 1034 1535 1069 Secundo
1559 1037 1722 1070 accedere
1747 1036 1852 1069 debet
1872 1042 1904 1070 et
1919 1034 1986 1069 hoc
1998 1060 2006 1074 ,
2033 1042 2072 1069 ut
2088 1035 2155 1068 fide
2171 1032 2256 1069 haec

1267 1098 1372 1130 opera
1398 1087 1590 1120 referamus
1614 1088 1654 1120 ad
1680 1087 1829 1130 gloriam
1855 1086 1937 1121 Dei:
1965 1087 2116 1120 sciamus
2141 1085 2256 1120 Deum

1266 1138 1355 1170 velle
1376 1134 1430 1170 his
1448 1139 1614 1182 operibus
1632 1138 1699 1171 coli
1711 1165 1718 1179 ,
1745 1145 1778 1172 et
1793 1150 1830 1171 ea
1847 1138 2007 1171 facienda
2023 1149 2095 1171 esse
2113 1144 2257 1182 propter

1265 1187 1380 1222 Deum
1392 1215 1401 1228 ,
1427 1196 1465 1223 ut
1483 1189 1514 1221 ei
1532 1196 1748 1233 praestemus
1765 1189 2002 1222 obedientiam
2019 1195 2083 1223 etc.

1369 1254 1457 1289 Item
1484 1255 1521 1288 in
1545 1253 1599 1288 his
1618 1256 1784 1299 operibus
1801 1255 1887 1289 fides
1904 1256 2008 1290 debet
2024 1255 2153 1290 intueri
2173 1267 2255 1300 pro·

1265 1306 1468 1340 missiones:
1514 1308 1740 1340 statuendum
1770 1313 1840 1347 est,
1884 1308 1979 1352 quod
2013 1307 2122 1341 simus
2154 1318 2256 1340 curae

1265 1355 1360 1398 Deo,
1389 1357 1484 1402 quod
1502 1357 1586 1391 velit
1603 1358 1706 1391 nobis
1722 1358 1945 1398 benefacere,
1971 1369 2037 1391 nos
2055 1358 2194 1395 iuvare,
2222 1363 2255 1390 et

1266 1408 1370 1441 nobis
1400 1409 1484 1440 dare
1511 1409 1682 1451 praemia,
1716 1408 1810 1442 iuxta
1837 1408 2100 1452 promissiones.
2157 1406 2254 1440 Haec

1265 1459 1350 1491 fides
1373 1459 1411 1491 in
1436 1458 1541 1491 bonis
1564 1459 1731 1503 operibus
1753 1459 1869 1492 lucere
1891 1471 1929 1492 ac
1955 1459 2111 1503 conspici
2133 1459 2252 1492 debet:

1265 1510 1314 1542 sic
1346 1516 1560 1553 praestemus
1591 1510 1704 1542 officia
1736 1509 1954 1549 dilectionis,
1996 1516 2036 1543 ut
2062 1516 2256 1543 statuamus

1265 1572 1338 1592 non
1357 1560 1471 1593 solum
1488 1572 1527 1593 ea
1545 1559 1620 1592 Deo
1639 1561 1794 1604 placere,
1823 1562 1882 1593 sed
1900 1560 2003 1593 etiam
2021 1567 2130 1594 totam
2146 1560 2255 1594 vitam

1265 1618 1422 1644 nostram
1442 1611 1473 1643 ei
1491 1622 1594 1644 curae
1613 1623 1704 1652 esse,
1730 1610 1845 1645 Deum
1865 1611 2170 1655 suppeditaturum
2190 1624 2256 1645 no-

1265 1661 1320 1695 bis
1341 1662 1472 1696 victum
1492 1663 1745 1704 necessarium,
1773 1669 1806 1696 et
1824 1662 2083 1701 defensionem,
2110 1663 2200 1697 sicut
2217 1663 2256 1696 in

1265 1712 1373 1746 vidua
1399 1712 1593 1756 Sareptana
1625 1714 1718 1747 lucet
1748 1720 1782 1748 et
1810 1713 1917 1747 exerit
1941 1726 2014 1747 sese
2034 1713 2142 1754 fides,
2174 1726 2255 1747 cum

1266 1763 1435 1808 quicquid
1451 1764 1626 1809 reliquum
1644 1762 1749 1798 hahet
1766 1764 1846 1805 cibi,
1869 1762 2255 1808 datProphetaeEliae‚

1265 1815 1478 1847 defraudans
1503 1827 1576 1848 sese
1598 1827 1636 1848 ac
1661 1815 1793 1856 filium,
1821 1823 1854 1850 et
1878 1816 1989 1849 credit
2011 1816 2104 1855 fore,
2131 1823 2171 1850 ut
2186 1816 2255 1849 sibi

1266 1865 1438 1899 divinitus
1453 1866 1617 1899 alicunde
1632 1867 1887 1911 suppeditetur,
1914 1867 2008 1900 unde
2024 1867 2130 1901 vivat.
2183 1865 2255 1900 Ita-

1266 1929 1334 1961 que
1365 1917 1526 1961 quamvis
1558 1917 1778 1960 periclitatur
1809 1918 1852 1951 de
1884 1917 1995 1951 victu:
2038 1925 2155 1952 tamen
2185 1917 2254 1951 fide

1266 1974 1409 2011 propter
1424 1966 1538 2001 Deum
1557 1975 1708 2011 praestat
1724 1966 1791 2002 hoc
1806 1968 1961 2001 officium
1978 1965 2191 2013 Prophetae,
2220 1975 2254 2002 et

1265 2030 1284 2052 a
1300 2017 1374 2052 Deo
1391 2025 1548 2063 expectat
1567 2019 1698 2053 victum
1716 2026 1750 2054 et
1765 2019 1832 2053 alia
1850 2018 2028 2054 beneficia.

1368 2076 1463 2111 Haec
1486 2079 1557 2111 duo
1576 2078 1612 2111 in
1630 2090 1755 2122 genere
1773 2079 1924 2112 tenenda
1942 2085 2040 2119 sunt,
2068 2090 2146 2112 cum
2165 2078 2254 2113 dici-

1266 2139 1345 2162 mus
1367 2141 1472 2173 opera
1497 2130 1625 2163 debere
1649 2130 1724 2163 fieri
1745 2130 1783 2162 in
1800 2129 1886 2170 fide,
1914 2136 1945 2163 et
1964 2136 2003 2163 ut
2021 2129 2170 2163 sciamus
2187 2141 2253 2164 nos

1265 2192 1284 2214 a
1309 2179 1384 2214 Deo
1414 2179 1523 2224 recipi
1556 2187 1699 2224 propter
1727 2181 1876 2213 eundem
1909 2181 2045 2225 placere
2076 2181 2252 2215 incoatam

1265 2231 1525 2272 obedientiam,
1557 2238 1589 2265 et
1613 2238 1652 2265 ut
1674 2232 1741 2265 fide
1766 2238 1910 2276 propter
1930 2230 2045 2265 Deum
2071 2232 2253 2276 obtempe-

1266 2293 1400 2323 remus,
1427 2294 1466 2315 ac
1487 2282 1664 2316 intuentes
1687 2283 1724 2315 in
1750 2283 2001 2326 promissiones
2024 2282 2175 2316 vicissim
2193 2295 2252 2316 ex-

1267 2340 1442 2377 pectemus
1465 2345 1482 2366 a
1508 2333 1584 2367 Deo
1607 2334 1782 2378 praemia,
1818 2334 1949 2368 victum
1973 2334 2106 2368 scilicet
2131 2340 2165 2367 et
2190 2334 2252 2367 de-

1266 2384 1474 2419 sensionem.

1369 2441 1472 2476 Nunc
1503 2442 1607 2475 venio
1640 2444 1683 2477 ad
1715 2450 1865 2477 textum:
1907 2441 2113 2491 Dispersit,
2152 2439 2251 2475 dedit

1265 2492 1502 2540 paupert'btts.
1557 2492 1655 2527 Sicut
1672 2506 1776 2538 supra
1794 2495 1830 2528 in
1846 2507 1972 2538 genere
1987 2496 2075 2530 dixit
2090 2497 2133 2529 de
2148 2495 2252 2528 bonis

1266 2545 1431 2589 operibus
1457 2545 1612 2588 piorum:
1641 2546 1685 2579 ita
1713 2544 1768 2579 hie
1793 2546 2002 2580 nominatim
2028 2547 2133 2580 tradit
2150 2557 2252 2589 prae-

1267 2603 1404 2641 ceptum
1429 2597 1472 2628 de
1493 2596 1705 2631 liberalitate
1731 2609 1791 2631 seu
1814 2597 2040 2631 beneficentia
2066 2609 2144 2641 erga
2163 2609 2251 2641 pau-

1266 2659 1385 2693 peres,
1413 2644 1448 2681 h.
1467 2659 1497 2680 e.
1520 2649 1562 2680 de
1579 2647 1650 2680 illis
1667 2649 1827 2691 gratuitis
1845 2649 1986 2687 officiis,
2014 2660 2101 2692 quae
2120 2660 2248 2682 vocan-

1266 2708 1324 2735 tur
1338 2696 1607 2744 Eleemosynae.
1659 2697 1790 2744 Estque
1809 2697 1893 2733 baec
1911 2710 1980 2732 una
1998 2710 2036 2732 ex
2054 2699 2249 2744 praecipuis
