<?xml version="1.0" encoding="UTF-8"?>
<!DOCTYPE html PUBLIC "-//W3C//DTD XHTML 1.0 Transitional//EN"
    "http://www.w3.org/TR/xhtml1/DTD/xhtml1-transitional.dtd">
<html xmlns="http://www.w3.org/1999/xhtml" xml:lang="en" lang="en">
 <head>
  <title>
</title>
<meta http-equiv="Content-Type" content="text/html;charset=utf-8" />
  <meta name='ocr-system' content='tesseract 3.04.00' />
  <meta name='ocr-capabilities' content='ocr_page ocr_carea ocr_par ocr_line ocrx_word'/>
</head>
<body>
  <div class='ocr_page' id='page_1' title='image "./operaquaesupersu13melauoft_0433.png"; bbox 0 0 2379 2948; ppageno 0'>
   <div class='ocr_carea' id='block_1_1' title="bbox 108 107 638 228">
    <p class='ocr_par' dir='ltr' id='par_1_1' title="bbox 108 107 638 228">
     <span class='ocr_line' id='line_1_1' title="bbox 108 107 553 145; baseline -0.009 0"><span class='ocrx_word' id='word_1_1' title='bbox 108 111 178 145; x_wconf 75' lang='lat'>841</span> <span class='ocrx_word' id='word_1_2' title='bbox 507 107 553 142; x_wconf 89' lang='lat' dir='ltr'>V.</span> 
     </span>
     <span class='ocr_line' id='line_1_2' title="bbox 554 192 638 228; baseline 0.024 -2"><span class='ocrx_word' id='word_1_3' title='bbox 554 192 638 228; x_wconf 85' lang='lat'><em>1111.</em></span> 
     </span>
    </p>
   </div>
   <div class='ocr_carea' id='block_1_2' title="bbox 96 243 1093 1186">
    <p class='ocr_par' dir='ltr' id='par_1_2' title="bbox 99 243 1093 544">
     <span class='ocr_line' id='line_1_3' title="bbox 203 243 1093 288; baseline -0.002 -11"><span class='ocrx_word' id='word_1_4' title='bbox 203 243 383 288; x_wconf 88' lang='lat' dir='ltr'>Mitigatio</span> <span class='ocrx_word' id='word_1_5' title='bbox 400 256 542 288; x_wconf 86' lang='lat' dir='ltr'>poenae.</span> <span class='ocrx_word' id='word_1_6' title='bbox 593 243 721 278; x_wconf 91' lang='lat' dir='ltr'>Daniel</span> <span class='ocrx_word' id='word_1_7' title='bbox 738 243 834 277; x_wconf 90' lang='lat' dir='ltr'>iubet</span> <span class='ocrx_word' id='word_1_8' title='bbox 859 253 974 284; x_wconf 90' lang='lat' dir='ltr'>regem</span> <span class='ocrx_word' id='word_1_9' title='bbox 992 252 1093 284; x_wconf 88' lang='lat' dir='ltr'>agere</span> 
     </span>
     <span class='ocr_line' id='line_1_4' title="bbox 99 291 1092 340; baseline -0.003 -11"><span class='ocrx_word' id='word_1_10' title='bbox 99 295 367 340; x_wconf 89' lang='lat' dir='ltr'>poenitentiam.</span> <span class='ocrx_word' id='word_1_11' title='bbox 420 294 515 338; x_wconf 75' lang='lat' dir='ltr'>Ergo</span> <span class='ocrx_word' id='word_1_12' title='bbox 530 294 823 328; x_wconf 76' lang='lat' dir='ltr'>comminationes</span> <span class='ocrx_word' id='word_1_13' title='bbox 840 291 995 335; x_wconf 85' lang='lat' dir='ltr'>mitigari</span> <span class='ocrx_word' id='word_1_14' title='bbox 1012 304 1092 336; x_wconf 87' lang='lat' dir='ltr'>pos-</span> 
     </span>
     <span class='ocr_line' id='line_1_5' title="bbox 99 341 1091 389; baseline -0.005 -9"><span class='ocrx_word' id='word_1_15' title='bbox 99 354 202 388; x_wconf 87' lang='lat' dir='ltr'>sunt,</span> <span class='ocrx_word' id='word_1_16' title='bbox 232 353 272 380; x_wconf 89' lang='lat' dir='ltr'>ut</span> <span class='ocrx_word' id='word_1_17' title='bbox 289 353 435 381; x_wconf 85' lang='lat' dir='ltr'>testatur</span> <span class='ocrx_word' id='word_1_18' title='bbox 449 345 647 389; x_wconf 89' lang='lat' dir='ltr'>exemplum</span> <span class='ocrx_word' id='word_1_19' title='bbox 665 343 823 377; x_wconf 88' lang='lat' dir='ltr'>Ninives.</span> <span class='ocrx_word' id='word_1_20' title='bbox 859 341 907 377; x_wconf 91' lang='lat' dir='ltr'>Et</span> <span class='ocrx_word' id='word_1_21' title='bbox 922 343 1091 387; x_wconf 90' lang='lat' dir='ltr'>scriptum</span> 
     </span>
     <span class='ocr_line' id='line_1_6' title="bbox 99 394 1093 441; baseline -0.005 -10"><span class='ocrx_word' id='word_1_22' title='bbox 99 404 167 432; x_wconf 89' lang='lat' dir='ltr'>est:</span> <span class='ocrx_word' id='word_1_23' title='bbox 197 397 288 431; x_wconf 84' lang='lat' dir='ltr'>Vivo</span> <span class='ocrx_word' id='word_1_24' title='bbox 317 409 399 441; x_wconf 86' lang='lat' dir='ltr'>ego,</span> <span class='ocrx_word' id='word_1_25' title='bbox 434 396 518 429; x_wconf 92' lang='lat' dir='ltr'>nolo</span> <span class='ocrx_word' id='word_1_26' title='bbox 550 402 699 428; x_wconf 89' lang='lat' dir='ltr'>mortem</span> <span class='ocrx_word' id='word_1_27' title='bbox 724 394 935 439; x_wconf 87' lang='lat' dir='ltr'>peccatoris,</span> <span class='ocrx_word' id='word_1_28' title='bbox 966 395 1025 427; x_wconf 90' lang='lat' dir='ltr'>sed</span> <span class='ocrx_word' id='word_1_29' title='bbox 1053 401 1093 427; x_wconf 90' lang='lat' dir='ltr'>ut</span> 
     </span>
     <span class='ocr_line' id='line_1_7' title="bbox 100 443 1092 482; baseline -0.004 0"><span class='ocrx_word' id='word_1_30' title='bbox 100 455 326 482; x_wconf 88' lang='lat' dir='ltr'>convertatur</span> <span class='ocrx_word' id='word_1_31' title='bbox 351 455 383 481; x_wconf 90' lang='lat' dir='ltr'>et</span> <span class='ocrx_word' id='word_1_32' title='bbox 413 446 518 480; x_wconf 90' lang='lat' dir='ltr'>vivat.</span> <span class='ocrx_word' id='word_1_33' title='bbox 578 445 651 479; x_wconf 84' lang='lat' dir='ltr'>Nec</span> <span class='ocrx_word' id='word_1_34' title='bbox 681 452 765 479; x_wconf 87' lang='lat' dir='ltr'>sunt</span> <span class='ocrx_word' id='word_1_35' title='bbox 792 443 861 478; x_wconf 88' lang='lat' dir='ltr'>huc</span> <span class='ocrx_word' id='word_1_36' title='bbox 893 445 1092 479; x_wconf 80' lang='lat' dir='ltr'>afferendae</span> 
     </span>
     <span class='ocr_line' id='line_1_8' title="bbox 99 497 642 544; baseline -0.006 -12"><span class='ocrx_word' id='word_1_37' title='bbox 99 499 358 544; x_wconf 79' lang='lat' dir='ltr'>disputationes</span> <span class='ocrx_word' id='word_1_38' title='bbox 375 499 417 531; x_wconf 91' lang='lat' dir='ltr'>de</span> <span class='ocrx_word' id='word_1_39' title='bbox 432 497 543 530; x_wconf 87' lang='lat' dir='ltr'>stoico</span> <span class='ocrx_word' id='word_1_40' title='bbox 559 497 642 530; x_wconf 89' lang='lat' dir='ltr'>fato.</span> 
     </span>
    </p>

    <p class='ocr_par' dir='ltr' id='par_1_3' title="bbox 574 562 619 598">
     <span class='ocr_line' id='line_1_9' title="bbox 574 562 619 598; baseline 0 -3"><span class='ocrx_word' id='word_1_41' title='bbox 574 562 619 598; x_wconf 80' lang='lat' dir='ltr'>V.</span> 
     </span>
    </p>

    <p class='ocr_par' dir='ltr' id='par_1_4' title="bbox 99 614 1092 804">
     <span class='ocr_line' id='line_1_10' title="bbox 202 614 1092 660; baseline -0.003 -9"><span class='ocrx_word' id='word_1_42' title='bbox 202 616 337 651; x_wconf 88' lang='lat' dir='ltr'>Concio</span> <span class='ocrx_word' id='word_1_43' title='bbox 362 616 405 648; x_wconf 91' lang='lat' dir='ltr'>de</span> <span class='ocrx_word' id='word_1_44' title='bbox 430 614 665 658; x_wconf 87' lang='lat' dir='ltr'>poenitentia:</span> <span class='ocrx_word' id='word_1_45' title='bbox 694 614 823 648; x_wconf 87' lang='lat' dir='ltr'>Libera</span> <span class='ocrx_word' id='word_1_46' title='bbox 850 622 883 649; x_wconf 93' lang='lat' dir='ltr'>te</span> <span class='ocrx_word' id='word_1_47' title='bbox 906 627 924 648; x_wconf 89' lang='lat' dir='ltr'>a</span> <span class='ocrx_word' id='word_1_48' title='bbox 943 615 1092 660; x_wconf 88' lang='lat' dir='ltr'>peccatis</span> 
     </span>
     <span class='ocr_line' id='line_1_11' title="bbox 99 665 1091 713; baseline -0.001 -12"><span class='ocrx_word' id='word_1_49' title='bbox 99 680 162 713; x_wconf 90' lang='lat' dir='ltr'>per</span> <span class='ocrx_word' id='word_1_50' title='bbox 180 668 353 702; x_wconf 86' lang='lat' dir='ltr'>iusticiam</span> <span class='ocrx_word' id='word_1_51' title='bbox 372 673 404 699; x_wconf 92' lang='lat' dir='ltr'>et</span> <span class='ocrx_word' id='word_1_52' title='bbox 422 666 589 699; x_wconf 81' lang='lat' dir='ltr'>beneficia</span> <span class='ocrx_word' id='word_1_53' title='bbox 617 678 697 709; x_wconf 90' lang='lat' dir='ltr'>erga</span> <span class='ocrx_word' id='word_1_54' title='bbox 723 678 927 710; x_wconf 90' lang='lat' dir='ltr'>oppressos,</span> <span class='ocrx_word' id='word_1_55' title='bbox 954 665 1000 700; x_wconf 89' lang='lat' dir='ltr'>Et</span> <span class='ocrx_word' id='word_1_56' title='bbox 1025 667 1091 700; x_wconf 85' lang='lat' dir='ltr'>erit</span> 
     </span>
     <span class='ocr_line' id='line_1_12' title="bbox 100 717 1090 763; baseline -0.002 -11"><span class='ocrx_word' id='word_1_57' title='bbox 100 719 350 763; x_wconf 77' lang='lat' dir='ltr'>longanimitas</span> <span class='ocrx_word' id='word_1_58' title='bbox 372 717 415 749; x_wconf 90' lang='lat' dir='ltr'>ad</span> <span class='ocrx_word' id='word_1_59' title='bbox 444 723 541 750; x_wconf 89' lang='lat' dir='ltr'>tuam</span> <span class='ocrx_word' id='word_1_60' title='bbox 573 717 739 758; x_wconf 86' lang='lat' dir='ltr'>salutem,</span> <span class='ocrx_word' id='word_1_61' title='bbox 774 718 830 750; x_wconf 79' lang='lat' dir='ltr'>vel</span> <span class='ocrx_word' id='word_1_62' title='bbox 861 718 927 751; x_wconf 90' lang='lat' dir='ltr'>erit</span> <span class='ocrx_word' id='word_1_63' title='bbox 956 718 1090 750; x_wconf 86' lang='lat' dir='ltr'>sanatio</span> 
     </span>
     <span class='ocr_line' id='line_1_13' title="bbox 99 770 485 804; baseline -0.005 0"><span class='ocrx_word' id='word_1_64' title='bbox 99 770 309 804; x_wconf 84' lang='lat' dir='ltr'>delictorum</span> <span class='ocrx_word' id='word_1_65' title='bbox 329 775 485 802; x_wconf 86' lang='lat' dir='ltr'>tuorum.</span> 
     </span>
    </p>

    <p class='ocr_par' dir='ltr' id='par_1_5' title="bbox 97 817 1092 966">
     <span class='ocr_line' id='line_1_14' title="bbox 198 817 1092 863; baseline -0.002 -11"><span class='ocrx_word' id='word_1_66' title='bbox 198 819 294 853; x_wconf 90' lang='lat' dir='ltr'>Haec</span> <span class='ocrx_word' id='word_1_67' title='bbox 312 819 436 852; x_wconf 90' lang='lat' dir='ltr'>concio</span> <span class='ocrx_word' id='word_1_68' title='bbox 458 824 649 863; x_wconf 82' lang='lat' dir='ltr'>utrumque</span> <span class='ocrx_word' id='word_1_69' title='bbox 668 817 929 862; x_wconf 82' lang='lat' dir='ltr'>complectitur,</span> <span class='ocrx_word' id='word_1_70' title='bbox 958 817 1092 850; x_wconf 89' lang='lat' dir='ltr'>doctri-</span> 
     </span>
     <span class='ocr_line' id='line_1_15' title="bbox 98 869 1091 913; baseline -0.002 -9"><span class='ocrx_word' id='word_1_71' title='bbox 98 882 179 904; x_wconf 91' lang='lat' dir='ltr'>nam</span> <span class='ocrx_word' id='word_1_72' title='bbox 198 870 442 908; x_wconf 78' lang='lat' dir='ltr'>contritionis,</span> <span class='ocrx_word' id='word_1_73' title='bbox 470 870 601 902; x_wconf 88' lang='lat' dir='ltr'>scilicet</span> <span class='ocrx_word' id='word_1_74' title='bbox 619 870 741 912; x_wconf 82' lang='lat' dir='ltr'>legem,</span> <span class='ocrx_word' id='word_1_75' title='bbox 772 881 860 913; x_wconf 89' lang='lat' dir='ltr'>quae</span> <span class='ocrx_word' id='word_1_76' title='bbox 877 869 993 911; x_wconf 87' lang='lat' dir='ltr'>arguit</span> <span class='ocrx_word' id='word_1_77' title='bbox 1013 880 1091 912; x_wconf 85' lang='lat' dir='ltr'>pec-</span> 
     </span>
     <span class='ocr_line' id='line_1_16' title="bbox 97 920 1052 966; baseline -0.003 -11"><span class='ocrx_word' id='word_1_78' title='bbox 97 928 190 963; x_wconf 85' lang='lat' dir='ltr'>cata,</span> <span class='ocrx_word' id='word_1_79' title='bbox 213 928 246 955; x_wconf 87' lang='lat' dir='ltr'>et</span> <span class='ocrx_word' id='word_1_80' title='bbox 265 921 534 966; x_wconf 86' lang='lat' dir='ltr'>promissionem</span> <span class='ocrx_word' id='word_1_81' title='bbox 554 921 685 964; x_wconf 86' lang='lat' dir='ltr'>gratiae</span> <span class='ocrx_word' id='word_1_82' title='bbox 702 933 763 954; x_wconf 88' lang='lat' dir='ltr'>seu</span> <span class='ocrx_word' id='word_1_83' title='bbox 782 920 1052 953; x_wconf 71' lang='lat' dir='ltr'>absolutionem.</span> 
     </span>
    </p>

    <p class='ocr_par' dir='ltr' id='par_1_6' title="bbox 559 986 622 1023">
     <span class='ocr_line' id='line_1_17' title="bbox 559 986 622 1023; baseline 0.048 -4"><span class='ocrx_word' id='word_1_84' title='bbox 559 986 622 1023; x_wconf 75' lang='lat' dir='ltr'>vl.</span> 
     </span>
    </p>

    <p class='ocr_par' dir='ltr' id='par_1_7' title="bbox 96 1037 1091 1186">
     <span class='ocr_line' id='line_1_18' title="bbox 198 1037 1089 1084; baseline -0.002 -12"><span class='ocrx_word' id='word_1_85' title='bbox 198 1039 474 1080; x_wconf 86' lang='lat' dir='ltr'>Testimonium,</span> <span class='ocrx_word' id='word_1_86' title='bbox 497 1041 592 1084; x_wconf 90' lang='lat' dir='ltr'>quod</span> <span class='ocrx_word' id='word_1_87' title='bbox 604 1037 838 1081; x_wconf 86' lang='lat' dir='ltr'>Evangelium</span> <span class='ocrx_word' id='word_1_88' title='bbox 856 1038 1030 1083; x_wconf 76' lang='lat' dir='ltr'>pertineat</span> <span class='ocrx_word' id='word_1_89' title='bbox 1048 1038 1089 1070; x_wconf 86' lang='lat' dir='ltr'>ad</span> 
     </span>
     <span class='ocr_line' id='line_1_19' title="bbox 99 1089 1091 1134; baseline -0.004 -9"><span class='ocrx_word' id='word_1_90' title='bbox 99 1090 243 1125; x_wconf 76' lang='lat' dir='ltr'>Gentes·</span> <span class='ocrx_word' id='word_1_91' title='bbox 293 1090 403 1131; x_wconf 64' lang='lat' dir='ltr'>ltem,</span> <span class='ocrx_word' id='word_1_92' title='bbox 421 1092 465 1123; x_wconf 92' lang='lat' dir='ltr'>de</span> <span class='ocrx_word' id='word_1_93' title='bbox 482 1091 643 1123; x_wconf 88' lang='lat' dir='ltr'>libertate</span> <span class='ocrx_word' id='word_1_94' title='bbox 661 1089 878 1132; x_wconf 86' lang='lat' dir='ltr'>evangelica,</span> <span class='ocrx_word' id='word_1_95' title='bbox 907 1090 1001 1134; x_wconf 89' lang='lat' dir='ltr'>quod</span> <span class='ocrx_word' id='word_1_96' title='bbox 1016 1089 1091 1122; x_wconf 90' lang='lat' dir='ltr'>cul-</span> 
     </span>
     <span class='ocr_line' id='line_1_20' title="bbox 96 1141 949 1186; baseline -0.005 -9"><span class='ocrx_word' id='word_1_97' title='bbox 96 1150 152 1177; x_wconf 89' lang='lat' dir='ltr'>tus</span> <span class='ocrx_word' id='word_1_98' title='bbox 171 1142 256 1186; x_wconf 85' lang='lat' dir='ltr'>legis</span> <span class='ocrx_word' id='word_1_99' title='bbox 276 1154 349 1175; x_wconf 90' lang='lat' dir='ltr'>non</span> <span class='ocrx_word' id='word_1_100' title='bbox 365 1141 499 1175; x_wconf 85' lang='lat' dir='ltr'>fuerint</span> <span class='ocrx_word' id='word_1_101' title='bbox 514 1141 703 1174; x_wconf 87' lang='lat' dir='ltr'>necessarii</span> <span class='ocrx_word' id='word_1_102' title='bbox 723 1142 766 1173; x_wconf 89' lang='lat' dir='ltr'>ad</span> <span class='ocrx_word' id='word_1_103' title='bbox 787 1141 949 1184; x_wconf 88' lang='lat' dir='ltr'>gratiam.</span> 
     </span>
    </p>
   </div>
   <div class='ocr_carea' id='block_1_3' title="bbox 93 1257 1090 1661">
    <p class='ocr_par' dir='ltr' id='par_1_8' title="bbox 93 1257 1090 1449">
     <span class='ocr_line' id='line_1_21' title="bbox 196 1257 1090 1303; baseline -0.003 -9"><span class='ocrx_word' id='word_1_104' title='bbox 196 1259 288 1294; x_wconf 91' lang='lat' dir='ltr'>Cum</span> <span class='ocrx_word' id='word_1_105' title='bbox 313 1258 372 1294; x_wconf 85' lang='lat' dir='ltr'>hic</span> <span class='ocrx_word' id='word_1_106' title='bbox 401 1261 562 1293; x_wconf 85' lang='lat' dir='ltr'>tradatur</span> <span class='ocrx_word' id='word_1_107' title='bbox 592 1259 800 1303; x_wconf 84' lang='lat' dir='ltr'>promissio,</span> <span class='ocrx_word' id='word_1_108' title='bbox 834 1257 914 1292; x_wconf 83' lang='lat' dir='ltr'>Erit</span> <span class='ocrx_word' id='word_1_109' title='bbox 942 1260 1090 1299; x_wconf 86' lang='lat' dir='ltr'>sanatio,</span> 
     </span>
     <span class='ocr_line' id='line_1_22' title="bbox 94 1308 1089 1356; baseline -0.005 -10"><span class='ocrx_word' id='word_1_110' title='bbox 94 1312 293 1346; x_wconf 89' lang='lat' dir='ltr'>necessario</span> <span class='ocrx_word' id='word_1_111' title='bbox 309 1311 469 1356; x_wconf 88' lang='lat' dir='ltr'>sequitur</span> <span class='ocrx_word' id='word_1_112' title='bbox 486 1310 621 1355; x_wconf 86' lang='lat' dir='ltr'>requiri</span> <span class='ocrx_word' id='word_1_113' title='bbox 639 1310 754 1342; x_wconf 88' lang='lat' dir='ltr'>fidem.</span> <span class='ocrx_word' id='word_1_114' title='bbox 804 1308 924 1351; x_wconf 88' lang='lat' dir='ltr'>Quare</span> <span class='ocrx_word' id='word_1_115' title='bbox 941 1322 1013 1342; x_wconf 89' lang='lat' dir='ltr'>non</span> <span class='ocrx_word' id='word_1_116' title='bbox 1032 1310 1089 1342; x_wconf 82' lang='lat' dir='ltr'>in-</span> 
     </span>
     <span class='ocr_line' id='line_1_23' title="bbox 93 1361 1090 1406; baseline -0.002 -10"><span class='ocrx_word' id='word_1_117' title='bbox 93 1363 259 1406; x_wconf 84' lang='lat' dir='ltr'>telligunt</span> <span class='ocrx_word' id='word_1_118' title='bbox 283 1362 352 1395; x_wconf 87' lang='lat' dir='ltr'>hoc</span> <span class='ocrx_word' id='word_1_119' title='bbox 373 1361 529 1400; x_wconf 88' lang='lat' dir='ltr'>dictum,</span> <span class='ocrx_word' id='word_1_120' title='bbox 564 1361 626 1405; x_wconf 90' lang='lat' dir='ltr'>qui</span> <span class='ocrx_word' id='word_1_121' title='bbox 651 1362 865 1405; x_wconf 88' lang='lat' dir='ltr'>detorquent</span> <span class='ocrx_word' id='word_1_122' title='bbox 880 1367 1003 1394; x_wconf 82' lang='lat' dir='ltr'>contra</span> <span class='ocrx_word' id='word_1_123' title='bbox 1023 1363 1090 1394; x_wconf 91' lang='lat' dir='ltr'>do-</span> 
     </span>
     <span class='ocr_line' id='line_1_24' title="bbox 94 1413 405 1449; baseline -0.006 0"><span class='ocrx_word' id='word_1_124' title='bbox 94 1414 243 1449; x_wconf 87' lang='lat' dir='ltr'>ctrinam</span> <span class='ocrx_word' id='word_1_125' title='bbox 263 1413 308 1446; x_wconf 91' lang='lat' dir='ltr'>de</span> <span class='ocrx_word' id='word_1_126' title='bbox 326 1413 405 1447; x_wconf 83' lang='lat' dir='ltr'>fide.</span> 
     </span>
    </p>

    <p class='ocr_par' dir='ltr' id='par_1_9' title="bbox 543 1469 644 1506">
     <span class='ocr_line' id='line_1_25' title="bbox 543 1469 644 1506; baseline 0.04 -4"><span class='ocrx_word' id='word_1_127' title='bbox 543 1469 644 1506; x_wconf 71' lang='lat' dir='ltr'>VIII.</span> 
     </span>
    </p>

    <p class='ocr_par' dir='ltr' id='par_1_10' title="bbox 94 1522 1089 1661">
     <span class='ocr_line' id='line_1_26' title="bbox 196 1522 1087 1565; baseline -0.002 -8"><span class='ocrx_word' id='word_1_128' title='bbox 196 1522 287 1557; x_wconf 90' lang='lat' dir='ltr'>Cum</span> <span class='ocrx_word' id='word_1_129' title='bbox 305 1522 392 1557; x_wconf 88' lang='lat' dir='ltr'>fides</span> <span class='ocrx_word' id='word_1_130' title='bbox 416 1534 490 1555; x_wconf 90' lang='lat' dir='ltr'>non</span> <span class='ocrx_word' id='word_1_131' title='bbox 515 1522 650 1555; x_wconf 90' lang='lat' dir='ltr'>nitatur</span> <span class='ocrx_word' id='word_1_132' title='bbox 672 1528 791 1555; x_wconf 89' lang='lat' dir='ltr'>nostra</span> <span class='ocrx_word' id='word_1_133' title='bbox 810 1522 999 1565; x_wconf 85' lang='lat' dir='ltr'>dignitate,</span> <span class='ocrx_word' id='word_1_134' title='bbox 1028 1523 1087 1555; x_wconf 90' lang='lat' dir='ltr'>sed</span> 
     </span>
     <span class='ocr_line' id='line_1_27' title="bbox 94 1574 1089 1618; baseline -0.002 -9"><span class='ocrx_word' id='word_1_135' title='bbox 94 1575 276 1609; x_wconf 90' lang='lat' dir='ltr'>intueatur</span> <span class='ocrx_word' id='word_1_136' title='bbox 293 1574 578 1618; x_wconf 87' lang='lat' dir='ltr'>promissionem,</span> <span class='ocrx_word' id='word_1_137' title='bbox 604 1584 743 1606; x_wconf 86' lang='lat' dir='ltr'>necesse</span> <span class='ocrx_word' id='word_1_138' title='bbox 759 1580 809 1606; x_wconf 92' lang='lat' dir='ltr'>est</span> <span class='ocrx_word' id='word_1_139' title='bbox 824 1574 988 1617; x_wconf 78' lang='lat' dir='ltr'>intelligi,</span> <span class='ocrx_word' id='word_1_140' title='bbox 1009 1584 1089 1616; x_wconf 82' lang='lat' dir='ltr'>gra-</span> 
     </span>
     <span class='ocr_line' id='line_1_28' title="bbox 95 1624 590 1661; baseline -0.01 -1"><span class='ocrx_word' id='word_1_141' title='bbox 95 1627 221 1661; x_wconf 87' lang='lat' dir='ltr'>tuitam</span> <span class='ocrx_word' id='word_1_142' title='bbox 238 1637 311 1659; x_wconf 89' lang='lat' dir='ltr'>esse</span> <span class='ocrx_word' id='word_1_143' title='bbox 332 1624 590 1659; x_wconf 76' lang='lat' dir='ltr'>remissionem,</span> 
     </span>
    </p>
   </div>
   <div class='ocr_carea' id='block_1_4' title="bbox 94 1733 1090 2366">
    <p class='ocr_par' dir='ltr' id='par_1_11' title="bbox 94 1733 1090 1936">
     <span class='ocr_line' id='line_1_29' title="bbox 197 1733 1088 1777; baseline -0.001 -7"><span class='ocrx_word' id='word_1_144' title='bbox 197 1736 268 1770; x_wconf 91' lang='lat' dir='ltr'>Nec</span> <span class='ocrx_word' id='word_1_145' title='bbox 293 1735 377 1769; x_wconf 88' lang='lat' dir='ltr'>satis</span> <span class='ocrx_word' id='word_1_146' title='bbox 401 1741 451 1768; x_wconf 91' lang='lat' dir='ltr'>est</span> <span class='ocrx_word' id='word_1_147' title='bbox 478 1734 631 1777; x_wconf 82' lang='lat' dir='ltr'>intelligi</span> <span class='ocrx_word' id='word_1_148' title='bbox 658 1733 792 1766; x_wconf 89' lang='lat' dir='ltr'>dictum</span> <span class='ocrx_word' id='word_1_149' title='bbox 817 1734 861 1766; x_wconf 90' lang='lat' dir='ltr'>de</span> <span class='ocrx_word' id='word_1_150' title='bbox 881 1734 1088 1768; x_wconf 77' lang='lat' dir='ltr'>remissione</span> 
     </span>
     <span class='ocr_line' id='line_1_30' title="bbox 94 1785 1090 1833; baseline -0.003 -11"><span class='ocrx_word' id='word_1_151' title='bbox 94 1800 229 1833; x_wconf 90' lang='lat' dir='ltr'>poenae</span> <span class='ocrx_word' id='word_1_152' title='bbox 255 1786 478 1831; x_wconf 90' lang='lat' dir='ltr'>temporalis,</span> <span class='ocrx_word' id='word_1_153' title='bbox 514 1785 595 1830; x_wconf 88' lang='lat' dir='ltr'>quia</span> <span class='ocrx_word' id='word_1_154' title='bbox 627 1796 760 1828; x_wconf 90' lang='lat' dir='ltr'>poenae</span> <span class='ocrx_word' id='word_1_155' title='bbox 784 1796 856 1817; x_wconf 90' lang='lat' dir='ltr'>non</span> <span class='ocrx_word' id='word_1_156' title='bbox 882 1786 1090 1829; x_wconf 86' lang='lat' dir='ltr'>mitigantur</span> 
     </span>
     <span class='ocr_line' id='line_1_31' title="bbox 95 1836 1088 1881; baseline -0.002 -8"><span class='ocrx_word' id='word_1_157' title='bbox 95 1840 171 1873; x_wconf 91' lang='lat' dir='ltr'>sine</span> <span class='ocrx_word' id='word_1_158' title='bbox 198 1851 278 1871; x_wconf 86' lang='lat' dir='ltr'>vera</span> <span class='ocrx_word' id='word_1_159' title='bbox 301 1837 520 1881; x_wconf 86' lang='lat' dir='ltr'>poenitentia</span> <span class='ocrx_word' id='word_1_160' title='bbox 538 1844 570 1870; x_wconf 89' lang='lat' dir='ltr'>et</span> <span class='ocrx_word' id='word_1_161' title='bbox 596 1836 804 1868; x_wconf 86' lang='lat' dir='ltr'>remissione</span> <span class='ocrx_word' id='word_1_162' title='bbox 821 1836 958 1880; x_wconf 87' lang='lat' dir='ltr'>cnlpae.</span> <span class='ocrx_word' id='word_1_163' title='bbox 1005 1837 1088 1871; x_wconf 84' lang='lat' dir='ltr'>Ideo</span> 
     </span>
     <span class='ocr_line' id='line_1_32' title="bbox 94 1886 835 1936; baseline -0.007 -12"><span class='ocrx_word' id='word_1_164' title='bbox 94 1891 193 1936; x_wconf 89' lang='lat' dir='ltr'>prius</span> <span class='ocrx_word' id='word_1_165' title='bbox 210 1887 267 1923; x_wconf 88' lang='lat' dir='ltr'>hic</span> <span class='ocrx_word' id='word_1_166' title='bbox 285 1888 505 1930; x_wconf 77' lang='lat' dir='ltr'>intelligatur</span> <span class='ocrx_word' id='word_1_167' title='bbox 523 1886 682 1920; x_wconf 88' lang='lat' dir='ltr'>remissio</span> <span class='ocrx_word' id='word_1_168' title='bbox 701 1887 835 1931; x_wconf 88' lang='lat' dir='ltr'>culpae.</span> 
     </span>
    </p>

    <p class='ocr_par' dir='ltr' id='par_1_12' title="bbox 96 2004 1089 2155">
     <span class='ocr_line' id='line_1_33' title="bbox 197 2004 1088 2050; baseline 0 -10"><span class='ocrx_word' id='word_1_169' title='bbox 197 2006 281 2040; x_wconf 89' lang='lat' dir='ltr'>Post</span> <span class='ocrx_word' id='word_1_170' title='bbox 303 2005 511 2039; x_wconf 90' lang='lat' dir='ltr'>concionem</span> <span class='ocrx_word' id='word_1_171' title='bbox 535 2004 743 2038; x_wconf 88' lang='lat' dir='ltr'>conceditur</span> <span class='ocrx_word' id='word_1_172' title='bbox 761 2004 989 2039; x_wconf 83' lang='lat' dir='ltr'>intervallum</span> <span class='ocrx_word' id='word_1_173' title='bbox 1015 2008 1088 2050; x_wconf 87' lang='lat' dir='ltr'>regi</span> 
     </span>
     <span class='ocr_line' id='line_1_34' title="bbox 96 2056 1089 2102; baseline 0 -11"><span class='ocrx_word' id='word_1_174' title='bbox 96 2058 140 2091; x_wconf 86' lang='lat' dir='ltr'>ad</span> <span class='ocrx_word' id='word_1_175' title='bbox 158 2057 411 2102; x_wconf 80' lang='lat' dir='ltr'>poenitentiam</span> <span class='ocrx_word' id='word_1_176' title='bbox 433 2062 529 2090; x_wconf 89' lang='lat' dir='ltr'>totus</span> <span class='ocrx_word' id='word_1_177' title='bbox 546 2067 680 2097; x_wconf 85' lang='lat' dir='ltr'>annus,</span> <span class='ocrx_word' id='word_1_178' title='bbox 707 2056 768 2089; x_wconf 89' lang='lat' dir='ltr'>sed</span> <span class='ocrx_word' id='word_1_179' title='bbox 787 2064 933 2090; x_wconf 86' lang='lat' dir='ltr'>manent</span> <span class='ocrx_word' id='word_1_180' title='bbox 957 2059 1089 2091; x_wconf 81' lang='lat' dir='ltr'>securi—</span> 
     </span>
     <span class='ocr_line' id='line_1_35' title="bbox 98 2107 853 2155; baseline -0.003 -12"><span class='ocrx_word' id='word_1_181' title='bbox 98 2117 151 2144; x_wconf 85' lang='lat' dir='ltr'>tas</span> <span class='ocrx_word' id='word_1_182' title='bbox 169 2115 203 2142; x_wconf 92' lang='lat' dir='ltr'>et</span> <span class='ocrx_word' id='word_1_183' title='bbox 217 2108 391 2155; x_wconf 85' lang='lat' dir='ltr'>superbia.</span> <span class='ocrx_word' id='word_1_184' title='bbox 448 2107 532 2141; x_wconf 90' lang='lat' dir='ltr'>Ideo</span> <span class='ocrx_word' id='word_1_185' title='bbox 550 2108 711 2152; x_wconf 90' lang='lat' dir='ltr'>sequitur</span> <span class='ocrx_word' id='word_1_186' title='bbox 727 2119 853 2151; x_wconf 87' lang='lat' dir='ltr'>poena.</span> 
     </span>
    </p>

    <p class='ocr_par' dir='ltr' id='par_1_13' title="bbox 97 2217 1088 2366">
     <span class='ocr_line' id='line_1_36' title="bbox 198 2217 1088 2262; baseline 0 -10"><span class='ocrx_word' id='word_1_187' title='bbox 198 2218 337 2252; x_wconf 84' lang='lat' dir='ltr'>Poenae</span> <span class='ocrx_word' id='word_1_188' title='bbox 369 2217 601 2262; x_wconf 86' lang='lat' dir='ltr'>infliguntur,</span> <span class='ocrx_word' id='word_1_189' title='bbox 636 2225 675 2252; x_wconf 91' lang='lat' dir='ltr'>ut</span> <span class='ocrx_word' id='word_1_190' title='bbox 706 2218 920 2252; x_wconf 79' lang='lat' dir='ltr'>admoneant</span> <span class='ocrx_word' id='word_1_191' title='bbox 954 2230 1019 2252; x_wconf 89' lang='lat' dir='ltr'>nos</span> <span class='ocrx_word' id='word_1_192' title='bbox 1045 2220 1088 2252; x_wconf 88' lang='lat' dir='ltr'>dc</span> 
     </span>
     <span class='ocr_line' id='line_1_37' title="bbox 97 2268 1087 2316; baseline 0.001 -13"><span class='ocrx_word' id='word_1_193' title='bbox 97 2269 337 2316; x_wconf 84' lang='lat' dir='ltr'>poenitentia,</span> <span class='ocrx_word' id='word_1_194' title='bbox 364 2269 453 2302; x_wconf 90' lang='lat' dir='ltr'>sicut</span> <span class='ocrx_word' id='word_1_195' title='bbox 473 2269 591 2314; x_wconf 89' lang='lat' dir='ltr'>inquit</span> <span class='ocrx_word' id='word_1_196' title='bbox 613 2269 760 2303; x_wconf 88' lang='lat' dir='ltr'>Paulus:</span> <span class='ocrx_word' id='word_1_197' title='bbox 789 2270 821 2302; x_wconf 89' lang='lat' dir='ltr'><strong>A</strong></span> <span class='ocrx_word' id='word_1_198' title='bbox 836 2268 993 2304; x_wconf 91' lang='lat' dir='ltr'>Domino</span> <span class='ocrx_word' id='word_1_199' title='bbox 1011 2283 1087 2304; x_wconf 90' lang='lat' dir='ltr'>cor-</span> 
     </span>
     <span class='ocr_line' id='line_1_38' title="bbox 101 2321 833 2366; baseline 0 -11"><span class='ocrx_word' id='word_1_200' title='bbox 101 2322 273 2366; x_wconf 86' lang='lat' dir='ltr'>ripimur,</span> <span class='ocrx_word' id='word_1_201' title='bbox 301 2332 345 2353; x_wconf 92' lang='lat' dir='ltr'>ne</span> <span class='ocrx_word' id='word_1_202' title='bbox 361 2331 441 2353; x_wconf 92' lang='lat' dir='ltr'>cum</span> <span class='ocrx_word' id='word_1_203' title='bbox 458 2321 593 2353; x_wconf 88' lang='lat' dir='ltr'>mundo</span> <span class='ocrx_word' id='word_1_204' title='bbox 611 2321 833 2356; x_wconf 87' lang='lat' dir='ltr'>damnemur.</span> 
     </span>
    </p>
   </div>
   <div class='ocr_carea' id='block_1_5' title="bbox 555 2385 637 2422">
    <p class='ocr_par' dir='ltr' id='par_1_14' title="bbox 555 2385 637 2422">
     <span class='ocr_line' id='line_1_39' title="bbox 555 2385 637 2422; baseline 0.037 -3"><span class='ocrx_word' id='word_1_205' title='bbox 555 2385 637 2422; x_wconf 87' lang='grc' dir='ltr'>ΧΠ.</span> 
     </span>
    </p>
   </div>
   <div class='ocr_carea' id='block_1_6' title="bbox 96 2434 1088 2737">
    <p class='ocr_par' dir='ltr' id='par_1_15' title="bbox 96 2434 1088 2737">
     <span class='ocr_line' id='line_1_40' title="bbox 198 2434 1088 2482; baseline 0 -11"><span class='ocrx_word' id='word_1_206' title='bbox 198 2437 283 2471; x_wconf 89' lang='lat' dir='ltr'>Post</span> <span class='ocrx_word' id='word_1_207' title='bbox 306 2448 457 2481; x_wconf 88' lang='lat' dir='ltr'>poenam</span> <span class='ocrx_word' id='word_1_208' title='bbox 480 2434 538 2470; x_wconf 87' lang='lat' dir='ltr'>hic</span> <span class='ocrx_word' id='word_1_209' title='bbox 563 2449 622 2470; x_wconf 91' lang='lat' dir='ltr'>rex</span> <span class='ocrx_word' id='word_1_210' title='bbox 646 2445 799 2482; x_wconf 85' lang='lat' dir='ltr'>praestat</span> <span class='ocrx_word' id='word_1_211' title='bbox 816 2451 935 2472; x_wconf 88' lang='lat' dir='ltr'>veram</span> <span class='ocrx_word' id='word_1_212' title='bbox 952 2438 1088 2472; x_wconf 90' lang='lat' dir='ltr'>contri-</span> 
     </span>
     <span class='ocr_line' id='line_1_41' title="bbox 97 2487 1086 2530; baseline 0 -7"><span class='ocrx_word' id='word_1_213' title='bbox 97 2491 250 2530; x_wconf 84' lang='lat' dir='ltr'>tionem,</span> <span class='ocrx_word' id='word_1_214' title='bbox 285 2489 407 2529; x_wconf 87' lang='lat' dir='ltr'>fidem,</span> <span class='ocrx_word' id='word_1_215' title='bbox 448 2487 703 2521; x_wconf 88' lang='lat' dir='ltr'>confessionem</span> <span class='ocrx_word' id='word_1_216' title='bbox 742 2496 777 2523; x_wconf 88' lang='lat' dir='ltr'>et</span> <span class='ocrx_word' id='word_1_217' title='bbox 815 2490 1086 2524; x_wconf 83' lang='lat' dir='ltr'>invocationem.</span> 
     </span>
     <span class='ocr_line' id='line_1_42' title="bbox 96 2537 1087 2585; baseline 0 -12"><span class='ocrx_word' id='word_1_218' title='bbox 96 2540 175 2574; x_wconf 83' lang='lat' dir='ltr'>Vox</span> <span class='ocrx_word' id='word_1_219' title='bbox 199 2547 251 2574; x_wconf 85' lang='lat' dir='ltr'>est</span> <span class='ocrx_word' id='word_1_220' title='bbox 266 2540 508 2580; x_wconf 84' lang='lat' dir='ltr'>contritionis,</span> <span class='ocrx_word' id='word_1_221' title='bbox 537 2537 748 2573; x_wconf 86' lang='lat' dir='ltr'>Gradientes</span> <span class='ocrx_word' id='word_1_222' title='bbox 772 2541 809 2573; x_wconf 93' lang='lat' dir='ltr'>in</span> <span class='ocrx_word' id='word_1_223' title='bbox 831 2541 994 2585; x_wconf 88' lang='lat' dir='ltr'>superbia</span> <span class='ocrx_word' id='word_1_224' title='bbox 1014 2541 1087 2585; x_wconf 88' lang='lat' dir='ltr'>ipse</span> 
     </span>
     <span class='ocr_line' id='line_1_43' title="bbox 97 2589 1087 2632; baseline 0.002 -7"><span class='ocrx_word' id='word_1_225' title='bbox 97 2589 272 2625; x_wconf 84' lang='lat' dir='ltr'>humiliat.</span> <span class='ocrx_word' id='word_1_226' title='bbox 326 2590 447 2632; x_wconf 87' lang='lat' dir='ltr'>Fidei,</span> <span class='ocrx_word' id='word_1_227' title='bbox 474 2589 603 2623; x_wconf 85' lang='lat' dir='ltr'>Levavi</span> <span class='ocrx_word' id='word_1_228' title='bbox 630 2591 750 2623; x_wconf 89' lang='lat' dir='ltr'>oculos</span> <span class='ocrx_word' id='word_1_229' title='bbox 767 2602 863 2624; x_wconf 90' lang='lat' dir='ltr'>meos</span> <span class='ocrx_word' id='word_1_230' title='bbox 876 2593 920 2625; x_wconf 87' lang='lat' dir='ltr'>ad</span> <span class='ocrx_word' id='word_1_231' title='bbox 937 2592 1087 2627; x_wconf 85' lang='lat' dir='ltr'>coelum.</span> 
     </span>
     <span class='ocr_line' id='line_1_44' title="bbox 96 2640 1086 2686; baseline 0.001 -10"><span class='ocrx_word' id='word_1_232' title='bbox 96 2642 336 2677; x_wconf 89' lang='lat' dir='ltr'>Invocationis</span> <span class='ocrx_word' id='word_1_233' title='bbox 368 2649 402 2677; x_wconf 88' lang='lat' dir='ltr'>et</span> <span class='ocrx_word' id='word_1_234' title='bbox 434 2641 684 2682; x_wconf 85' lang='lat' dir='ltr'>confessionis,</span> <span class='ocrx_word' id='word_1_235' title='bbox 726 2640 853 2675; x_wconf 83' lang='lat' dir='ltr'>Laudo</span> <span class='ocrx_word' id='word_1_236' title='bbox 875 2649 908 2676; x_wconf 93' lang='lat' dir='ltr'>et</span> <span class='ocrx_word' id='word_1_237' title='bbox 930 2643 1086 2686; x_wconf 83' lang='lat' dir='ltr'>glorifico</span> 
     </span>
     <span class='ocr_line' id='line_1_45' title="bbox 99 2694 331 2737; baseline 0 -10"><span class='ocrx_word' id='word_1_238' title='bbox 99 2704 214 2737; x_wconf 83' lang='lat' dir='ltr'>regem</span> <span class='ocrx_word' id='word_1_239' title='bbox 232 2694 331 2727; x_wconf 90' lang='lat' dir='ltr'>coeli.</span> 
     </span>
    </p>
   </div>
   <div class='ocr_carea' id='block_1_7' title="bbox 607 100 1737 142">
    <p class='ocr_par' dir='ltr' id='par_1_16' title="bbox 607 100 1737 142">
     <span class='ocr_line' id='line_1_46' title="bbox 607 100 1737 142; baseline -0.006 0"><span class='ocrx_word' id='word_1_240' title='bbox 607 106 657 142; x_wconf 89' lang='lat' dir='ltr'>IN</span> <span class='ocrx_word' id='word_1_241' title='bbox 685 102 947 142; x_wconf 86' lang='lat' dir='ltr'>DANlELEM</span> <span class='ocrx_word' id='word_1_242' title='bbox 975 100 1291 138; x_wconf 87' lang='lat' dir='ltr'>PROPHETAM</span> <span class='ocrx_word' id='word_1_243' title='bbox 1318 101 1737 140; x_wconf 84' lang='lat' dir='ltr'><strong>COMMENTARIUS.</strong></span> 
     </span>
    </p>
   </div>
   <div class='ocr_carea' id='block_1_8' title="bbox 2060 99 2134 136">
    <p class='ocr_par' dir='ltr' id='par_1_17' title="bbox 2060 99 2134 136">
     <span class='ocr_line' id='line_1_47' title="bbox 2060 99 2134 136; baseline 0.014 -1"><span class='ocrx_word' id='word_1_244' title='bbox 2060 99 2134 136; x_wconf 77' lang='lat'>842</span> 
     </span>
    </p>
   </div>
   <div class='ocr_carea' id='block_1_9' title="bbox 1144 183 2132 385">
    <p class='ocr_par' dir='ltr' id='par_1_18' title="bbox 1144 183 2132 385">
     <span class='ocr_line' id='line_1_48' title="bbox 1248 183 2132 234; baseline -0.005 -12"><span class='ocrx_word' id='word_1_245' title='bbox 1248 187 1308 222; x_wconf 90' lang='lat' dir='ltr'>Sic</span> <span class='ocrx_word' id='word_1_246' title='bbox 1333 188 1442 231; x_wconf 87' lang='lat' dir='ltr'>igitur</span> <span class='ocrx_word' id='word_1_247' title='bbox 1464 190 1503 223; x_wconf 92' lang='lat' dir='ltr'>in</span> <span class='ocrx_word' id='word_1_248' title='bbox 1525 190 1648 234; x_wconf 85' lang='lat' dir='ltr'>poenis</span> <span class='ocrx_word' id='word_1_249' title='bbox 1673 187 1892 233; x_wconf 85' lang='lat' dir='ltr'>agnoscenda</span> <span class='ocrx_word' id='word_1_250' title='bbox 1917 193 1968 220; x_wconf 84' lang='lat' dir='ltr'>est</span> <span class='ocrx_word' id='word_1_251' title='bbox 1991 186 2041 219; x_wconf 89' lang='lat' dir='ltr'>ira</span> <span class='ocrx_word' id='word_1_252' title='bbox 2064 183 2132 219; x_wconf 88' lang='lat' dir='ltr'>Dei</span> 
     </span>
     <span class='ocr_line' id='line_1_49' title="bbox 1144 236 2132 283; baseline -0.004 -11"><span class='ocrx_word' id='word_1_253' title='bbox 1144 239 1311 272; x_wconf 90' lang='lat' dir='ltr'>adversus</span> <span class='ocrx_word' id='word_1_254' title='bbox 1328 247 1529 283; x_wconf 88' lang='lat' dir='ltr'>peccatum,</span> <span class='ocrx_word' id='word_1_255' title='bbox 1552 240 1599 275; x_wconf 91' lang='lat' dir='ltr'>Et</span> <span class='ocrx_word' id='word_1_256' title='bbox 1616 253 1737 275; x_wconf 89' lang='lat' dir='ltr'>rursus</span> <span class='ocrx_word' id='word_1_257' title='bbox 1755 238 1974 283; x_wconf 85' lang='lat' dir='ltr'>agnoscenda</span> <span class='ocrx_word' id='word_1_258' title='bbox 1993 236 2132 269; x_wconf 89' lang='lat' dir='ltr'>miseri-</span> 
     </span>
     <span class='ocr_line' id='line_1_50' title="bbox 1144 288 2132 335; baseline -0.004 -12"><span class='ocrx_word' id='word_1_259' title='bbox 1144 290 1280 328; x_wconf 90' lang='lat' dir='ltr'>cordia,</span> <span class='ocrx_word' id='word_1_260' title='bbox 1308 292 1403 335; x_wconf 93' lang='lat' dir='ltr'>quod</span> <span class='ocrx_word' id='word_1_261' title='bbox 1422 291 1545 334; x_wconf 89' lang='lat' dir='ltr'>puniat</span> <span class='ocrx_word' id='word_1_262' title='bbox 1561 290 1675 333; x_wconf 89' lang='lat' dir='ltr'>Deus,</span> <span class='ocrx_word' id='word_1_263' title='bbox 1702 303 1775 325; x_wconf 90' lang='lat' dir='ltr'>non</span> <span class='ocrx_word' id='word_1_264' title='bbox 1788 297 1827 324; x_wconf 87' lang='lat' dir='ltr'>ut</span> <span class='ocrx_word' id='word_1_265' title='bbox 1845 290 1988 334; x_wconf 88' lang='lat' dir='ltr'>perdat,</span> <span class='ocrx_word' id='word_1_266' title='bbox 2016 288 2075 321; x_wconf 89' lang='lat' dir='ltr'>sed</span> <span class='ocrx_word' id='word_1_267' title='bbox 2093 293 2132 320; x_wconf 90' lang='lat' dir='ltr'>ut</span> 
     </span>
     <span class='ocr_line' id='line_1_51' title="bbox 1144 342 1662 385; baseline 0.008 -11"><span class='ocrx_word' id='word_1_268' title='bbox 1144 348 1245 375; x_wconf 83' lang='lat' dir='ltr'>vocet</span> <span class='ocrx_word' id='word_1_269' title='bbox 1259 342 1302 374; x_wconf 88' lang='lat' dir='ltr'>ad</span> <span class='ocrx_word' id='word_1_270' title='bbox 1324 342 1580 385; x_wconf 85' lang='lat' dir='ltr'>poenitentiam</span> <span class='ocrx_word' id='word_1_271' title='bbox 1597 350 1662 378; x_wconf 88' lang='lat' dir='ltr'>etc.</span> 
     </span>
    </p>
   </div>
   <div class='ocr_carea' id='block_1_10' title="bbox 1141 455 2134 1373">
    <p class='ocr_par' dir='ltr' id='par_1_19' title="bbox 1143 455 2133 708">
     <span class='ocr_line' id='line_1_52' title="bbox 1246 455 2130 504; baseline -0.006 -11"><span class='ocrx_word' id='word_1_272' title='bbox 1246 458 1446 504; x_wconf 89' lang='lat' dir='ltr'>Utrumque</span> <span class='ocrx_word' id='word_1_273' title='bbox 1463 460 1705 500; x_wconf 85' lang='lat' dir='ltr'>considerent,</span> <span class='ocrx_word' id='word_1_274' title='bbox 1731 458 1918 503; x_wconf 86' lang='lat' dir='ltr'>praecipue</span> <span class='ocrx_word' id='word_1_275' title='bbox 1941 455 2130 502; x_wconf 89' lang='lat' dir='ltr'>principes,</span> 
     </span>
     <span class='ocr_line' id='line_1_53' title="bbox 1143 507 2132 554; baseline -0.003 -12"><span class='ocrx_word' id='word_1_276' title='bbox 1143 510 1273 544; x_wconf 88' lang='lat' dir='ltr'>deinde</span> <span class='ocrx_word' id='word_1_277' title='bbox 1289 517 1324 545; x_wconf 86' lang='lat' dir='ltr'>et</span> <span class='ocrx_word' id='word_1_278' title='bbox 1337 511 1417 552; x_wconf 86' lang='lat' dir='ltr'>alii,</span> <span class='ocrx_word' id='word_1_279' title='bbox 1442 511 1605 544; x_wconf 89' lang='lat' dir='ltr'>videlicet</span> <span class='ocrx_word' id='word_1_280' title='bbox 1624 521 1753 554; x_wconf 90' lang='lat' dir='ltr'>poenas</span> <span class='ocrx_word' id='word_1_281' title='bbox 1768 510 1972 553; x_wconf 87' lang='lat' dir='ltr'>impendere</span> <span class='ocrx_word' id='word_1_282' title='bbox 1990 507 2132 546; x_wconf 89' lang='lat' dir='ltr'>securis,</span> 
     </span>
     <span class='ocr_line' id='line_1_54' title="bbox 1143 557 2132 606; baseline -0.004 -13"><span class='ocrx_word' id='word_1_283' title='bbox 1143 563 1323 606; x_wconf 87' lang='lat' dir='ltr'>superbis,</span> <span class='ocrx_word' id='word_1_284' title='bbox 1361 568 1393 595; x_wconf 90' lang='lat' dir='ltr'>et</span> <span class='ocrx_word' id='word_1_285' title='bbox 1416 562 1585 606; x_wconf 89' lang='lat' dir='ltr'>praeditis</span> <span class='ocrx_word' id='word_1_286' title='bbox 1609 560 1860 594; x_wconf 86' lang='lat' dir='ltr'>excellentibus</span> <span class='ocrx_word' id='word_1_287' title='bbox 1884 559 2007 599; x_wconf 89' lang='lat' dir='ltr'>donis,</span> <span class='ocrx_word' id='word_1_288' title='bbox 2042 557 2132 590; x_wconf 88' lang='lat' dir='ltr'>sicut</span> 
     </span>
     <span class='ocr_line' id='line_1_55' title="bbox 1144 608 2133 657; baseline -0.004 -13"><span class='ocrx_word' id='word_1_289' title='bbox 1144 612 1259 657; x_wconf 88' lang='lat' dir='ltr'>inquit</span> <span class='ocrx_word' id='word_1_290' title='bbox 1273 611 1452 646; x_wconf 87' lang='lat' dir='ltr'>Christus:</span> <span class='ocrx_word' id='word_1_291' title='bbox 1479 612 1711 646; x_wconf 81' lang='lat' dir='ltr'>Abominatio</span> <span class='ocrx_word' id='word_1_292' title='bbox 1726 619 1776 645; x_wconf 89' lang='lat' dir='ltr'>est</span> <span class='ocrx_word' id='word_1_293' title='bbox 1793 622 1909 644; x_wconf 90' lang='lat' dir='ltr'>coram</span> <span class='ocrx_word' id='word_1_294' title='bbox 1919 608 2005 650; x_wconf 91' lang='lat' dir='ltr'>Deo,</span> <span class='ocrx_word' id='word_1_295' title='bbox 2026 608 2133 653; x_wconf 90' lang='lat' dir='ltr'>quid-</span> 
     </span>
     <span class='ocr_line' id='line_1_56' title="bbox 1144 661 1763 708; baseline 0 -13"><span class='ocrx_word' id='word_1_296' title='bbox 1144 665 1228 708; x_wconf 89' lang='lat' dir='ltr'>quid</span> <span class='ocrx_word' id='word_1_297' title='bbox 1245 671 1295 697; x_wconf 88' lang='lat' dir='ltr'>est</span> <span class='ocrx_word' id='word_1_298' title='bbox 1312 664 1462 697; x_wconf 90' lang='lat' dir='ltr'>sublime</span> <span class='ocrx_word' id='word_1_299' title='bbox 1479 666 1572 708; x_wconf 87' lang='lat' dir='ltr'>apud</span> <span class='ocrx_word' id='word_1_300' title='bbox 1590 661 1763 696; x_wconf 82' lang='lat' dir='ltr'>homines.</span> 
     </span>
    </p>

    <p class='ocr_par' dir='ltr' id='par_1_20' title="bbox 1143 709 2134 1066">
     <span class='ocr_line' id='line_1_57' title="bbox 1245 709 2132 755; baseline -0.009 -7"><span class='ocrx_word' id='word_1_301' title='bbox 1245 714 1385 749; x_wconf 85' lang='lat' dir='ltr'>Rursus</span> <span class='ocrx_word' id='word_1_302' title='bbox 1401 715 1506 748; x_wconf 88' lang='lat' dir='ltr'>etiam</span> <span class='ocrx_word' id='word_1_303' title='bbox 1523 714 1786 748; x_wconf 87' lang='lat' dir='ltr'>misericordiae</span> <span class='ocrx_word' id='word_1_304' title='bbox 1802 710 2001 755; x_wconf 87' lang='lat' dir='ltr'>exemplum</span> <span class='ocrx_word' id='word_1_305' title='bbox 2018 709 2132 742; x_wconf 85' lang='lat' dir='ltr'>consi-</span> 
     </span>
     <span class='ocr_line' id='line_1_58' title="bbox 1144 761 2134 811; baseline -0.007 -13"><span class='ocrx_word' id='word_1_306' title='bbox 1144 766 1303 807; x_wconf 87' lang='lat' dir='ltr'>deretur,</span> <span class='ocrx_word' id='word_1_307' title='bbox 1329 767 1424 811; x_wconf 90' lang='lat' dir='ltr'>quod</span> <span class='ocrx_word' id='word_1_308' title='bbox 1447 773 1565 800; x_wconf 84' lang='lat' dir='ltr'>tantus</span> <span class='ocrx_word' id='word_1_309' title='bbox 1591 766 1762 806; x_wconf 84' lang='lat' dir='ltr'>idolatra,</span> <span class='ocrx_word' id='word_1_310' title='bbox 1785 772 1857 798; x_wconf 90' lang='lat' dir='ltr'>tam</span> <span class='ocrx_word' id='word_1_311' title='bbox 1881 761 2053 806; x_wconf 88' lang='lat' dir='ltr'>superbus</span> <span class='ocrx_word' id='word_1_312' title='bbox 2078 766 2134 804; x_wconf 87' lang='lat' dir='ltr'>ty-</span> 
     </span>
     <span class='ocr_line' id='line_1_59' title="bbox 1143 812 2134 861; baseline -0.006 -12"><span class='ocrx_word' id='word_1_313' title='bbox 1143 829 1276 850; x_wconf 87' lang='lat' dir='ltr'>rannus</span> <span class='ocrx_word' id='word_1_314' title='bbox 1303 817 1473 860; x_wconf 87' lang='lat' dir='ltr'>recipitur</span> <span class='ocrx_word' id='word_1_315' title='bbox 1496 818 1532 850; x_wconf 91' lang='lat' dir='ltr'>in</span> <span class='ocrx_word' id='word_1_316' title='bbox 1555 817 1722 861; x_wconf 78' lang='lat' dir='ltr'>gratiam,</span> <span class='ocrx_word' id='word_1_317' title='bbox 1749 823 1782 850; x_wconf 91' lang='lat' dir='ltr'>et</span> <span class='ocrx_word' id='word_1_318' title='bbox 1800 814 1942 860; x_wconf 91' lang='lat' dir='ltr'>quidem</span> <span class='ocrx_word' id='word_1_319' title='bbox 1962 812 2134 845; x_wconf 86' lang='lat' dir='ltr'>liberatur</span> 
     </span>
     <span class='ocr_line' id='line_1_60' title="bbox 1144 861 2134 912; baseline -0.007 -12"><span class='ocrx_word' id='word_1_320' title='bbox 1144 868 1249 902; x_wconf 90' lang='lat' dir='ltr'>etiam</span> <span class='ocrx_word' id='word_1_321' title='bbox 1275 881 1293 901; x_wconf 91' lang='lat' dir='ltr'>a</span> <span class='ocrx_word' id='word_1_322' title='bbox 1318 869 1561 912; x_wconf 83' lang='lat' dir='ltr'>corporalibus</span> <span class='ocrx_word' id='word_1_323' title='bbox 1584 868 1728 912; x_wconf 91' lang='lat' dir='ltr'>poenis,</span> <span class='ocrx_word' id='word_1_324' title='bbox 1753 865 1800 901; x_wconf 86' lang='lat' dir='ltr'>Et</span> <span class='ocrx_word' id='word_1_325' title='bbox 1825 864 2028 898; x_wconf 87' lang='lat' dir='ltr'>consolatur</span> <span class='ocrx_word' id='word_1_326' title='bbox 2056 861 2134 906; x_wconf 91' lang='lat' dir='ltr'>pios</span> 
     </span>
     <span class='ocr_line' id='line_1_61' title="bbox 1145 913 2133 964; baseline -0.008 -12"><span class='ocrx_word' id='word_1_327' title='bbox 1145 917 1210 952; x_wconf 87' lang='lat' dir='ltr'>hoc</span> <span class='ocrx_word' id='word_1_328' title='bbox 1225 920 1425 964; x_wconf 80' lang='lat' dir='ltr'>exemplum</span> <span class='ocrx_word' id='word_1_329' title='bbox 1444 927 1566 953; x_wconf 86' lang='lat' dir='ltr'>contra</span> <span class='ocrx_word' id='word_1_330' title='bbox 1583 919 1813 952; x_wconf 85' lang='lat' dir='ltr'>tentationem</span> <span class='ocrx_word' id='word_1_331' title='bbox 1833 917 1875 949; x_wconf 89' lang='lat' dir='ltr'>de</span> <span class='ocrx_word' id='word_1_332' title='bbox 1888 913 2133 957; x_wconf 83' lang='lat' dir='ltr'>magnitudine</span> 
     </span>
     <span class='ocr_line' id='line_1_62' title="bbox 1145 970 2134 1013; baseline -0.007 -11"><span class='ocrx_word' id='word_1_333' title='bbox 1145 971 1285 1013; x_wconf 89' lang='lat' dir='ltr'>peccati,</span> <span class='ocrx_word' id='word_1_334' title='bbox 1313 978 1351 1004; x_wconf 91' lang='lat' dir='ltr'>ut</span> <span class='ocrx_word' id='word_1_335' title='bbox 1367 971 1504 1004; x_wconf 75' lang='lat' dir='ltr'>discant</span> <span class='ocrx_word' id='word_1_336' title='bbox 1520 971 1711 1004; x_wconf 79' lang='lat' dir='ltr'>exuberare</span> <span class='ocrx_word' id='word_1_337' title='bbox 1727 970 1874 1013; x_wconf 86' lang='lat' dir='ltr'>gratiam</span> <span class='ocrx_word' id='word_1_338' title='bbox 1891 977 1995 1010; x_wconf 89' lang='lat' dir='ltr'>supra</span> <span class='ocrx_word' id='word_1_339' title='bbox 2012 974 2134 1009; x_wconf 90' lang='lat' dir='ltr'>pecca-</span> 
     </span>
     <span class='ocr_line' id='line_1_63' title="bbox 1144 1020 1598 1066; baseline 0.004 -12"><span class='ocrx_word' id='word_1_340' title='bbox 1144 1029 1217 1055; x_wconf 89' lang='lat' dir='ltr'>tum</span> <span class='ocrx_word' id='word_1_341' title='bbox 1229 1048 1237 1062; x_wconf 92' lang='lat'>,</span> <span class='ocrx_word' id='word_1_342' title='bbox 1265 1028 1304 1054; x_wconf 88' lang='lat' dir='ltr'>nt</span> <span class='ocrx_word' id='word_1_343' title='bbox 1320 1022 1438 1066; x_wconf 86' lang='lat' dir='ltr'>iuquit</span> <span class='ocrx_word' id='word_1_344' title='bbox 1455 1020 1598 1056; x_wconf 87' lang='lat' dir='ltr'>Paulus.</span> 
     </span>
    </p>

    <p class='ocr_par' dir='ltr' id='par_1_21' title="bbox 1141 1065 2133 1373">
     <span class='ocr_line' id='line_1_64' title="bbox 1244 1065 2132 1116; baseline -0.011 -11"><span class='ocrx_word' id='word_1_345' title='bbox 1244 1072 1406 1106; x_wconf 86' lang='lat' dir='ltr'>Breviter</span> <span class='ocrx_word' id='word_1_346' title='bbox 1431 1073 1635 1116; x_wconf 88' lang='lat' dir='ltr'>complexus</span> <span class='ocrx_word' id='word_1_347' title='bbox 1661 1079 1712 1106; x_wconf 89' lang='lat' dir='ltr'>est</span> <span class='ocrx_word' id='word_1_348' title='bbox 1735 1067 1912 1116; x_wconf 86' lang='lat' dir='ltr'>Propheta</span> <span class='ocrx_word' id='word_1_349' title='bbox 1941 1065 2132 1109; x_wconf 88' lang='lat' dir='ltr'>imaginem</span> 
     </span>
     <span class='ocr_line' id='line_1_65' title="bbox 1143 1118 2133 1169; baseline -0.009 -13"><span class='ocrx_word' id='word_1_350' title='bbox 1143 1130 1175 1157; x_wconf 90' lang='lat' dir='ltr'>et</span> <span class='ocrx_word' id='word_1_351' title='bbox 1195 1124 1307 1156; x_wconf 83' lang='lat' dir='ltr'>officia</span> <span class='ocrx_word' id='word_1_352' title='bbox 1325 1124 1375 1168; x_wconf 90' lang='lat' dir='ltr'>pii</span> <span class='ocrx_word' id='word_1_353' title='bbox 1393 1123 1580 1167; x_wconf 88' lang='lat' dir='ltr'>principis,</span> <span class='ocrx_word' id='word_1_354' title='bbox 1608 1124 1758 1169; x_wconf 81' lang='lat' dir='ltr'>requirit</span> <span class='ocrx_word' id='word_1_355' title='bbox 1782 1123 1937 1166; x_wconf 89' lang='lat' dir='ltr'>primum</span> <span class='ocrx_word' id='word_1_356' title='bbox 1956 1118 2133 1162; x_wconf 84' lang='lat' dir='ltr'>pietatem,</span> 
     </span>
     <span class='ocr_line' id='line_1_66' title="bbox 1142 1166 2133 1217; baseline -0.009 -10"><span class='ocrx_word' id='word_1_357' title='bbox 1142 1175 1359 1217; x_wconf 85' lang='lat' dir='ltr'>agnitionem</span> <span class='ocrx_word' id='word_1_358' title='bbox 1377 1174 1466 1215; x_wconf 87' lang='lat' dir='ltr'>Dei,</span> <span class='ocrx_word' id='word_1_359' title='bbox 1494 1182 1526 1207; x_wconf 93' lang='lat' dir='ltr'>et</span> <span class='ocrx_word' id='word_1_360' title='bbox 1543 1175 1659 1210; x_wconf 86' lang='lat' dir='ltr'>fidem.</span> <span class='ocrx_word' id='word_1_361' title='bbox 1712 1173 1851 1208; x_wconf 90' lang='lat' dir='ltr'>Deinde</span> <span class='ocrx_word' id='word_1_362' title='bbox 1867 1166 2133 1205; x_wconf 82' lang='lat' dir='ltr'>beneficentiam</span> 
     </span>
     <span class='ocr_line' id='line_1_67' title="bbox 1142 1218 2132 1270; baseline -0.01 -11"><span class='ocrx_word' id='word_1_363' title='bbox 1142 1238 1222 1269; x_wconf 86' lang='lat' dir='ltr'>erga</span> <span class='ocrx_word' id='word_1_364' title='bbox 1238 1237 1423 1270; x_wconf 87' lang='lat' dir='ltr'>oppressos</span> <span class='ocrx_word' id='word_1_365' title='bbox 1435 1253 1443 1266; x_wconf 91' lang='lat'>‚</span> <span class='ocrx_word' id='word_1_366' title='bbox 1472 1223 1539 1258; x_wconf 85' lang='lat' dir='ltr'>hoc</span> <span class='ocrx_word' id='word_1_367' title='bbox 1557 1233 1626 1263; x_wconf 90' lang='lat' dir='ltr'>est,</span> <span class='ocrx_word' id='word_1_368' title='bbox 1655 1225 1828 1259; x_wconf 85' lang='lat' dir='ltr'>iusticiam</span> <span class='ocrx_word' id='word_1_369' title='bbox 1846 1225 1882 1256; x_wconf 92' lang='lat' dir='ltr'>in</span> <span class='ocrx_word' id='word_1_370' title='bbox 1905 1218 2132 1254; x_wconf 88' lang='lat' dir='ltr'>administra-</span> 
     </span>
     <span class='ocr_line' id='line_1_68' title="bbox 1142 1269 2133 1321; baseline -0.01 -11"><span class='ocrx_word' id='word_1_371' title='bbox 1142 1278 1256 1318; x_wconf 89' lang='lat' dir='ltr'>tione,</span> <span class='ocrx_word' id='word_1_372' title='bbox 1291 1277 1534 1310; x_wconf 88' lang='lat' dir='ltr'>defensionem</span> <span class='ocrx_word' id='word_1_373' title='bbox 1557 1277 1719 1321; x_wconf 83' lang='lat' dir='ltr'>piorum‚</span> <span class='ocrx_word' id='word_1_374' title='bbox 1755 1282 1788 1309; x_wconf 91' lang='lat' dir='ltr'>et</span> <span class='ocrx_word' id='word_1_375' title='bbox 1811 1273 1988 1309; x_wconf 85' lang='lat' dir='ltr'>Ecclesiae</span> <span class='ocrx_word' id='word_1_376' title='bbox 2008 1269 2133 1303; x_wconf 88' lang='lat' dir='ltr'>adver-</span> 
     </span>
     <span class='ocr_line' id='line_1_69' title="bbox 1141 1335 1398 1373; baseline 0.008 -12"><span class='ocrx_word' id='word_1_377' title='bbox 1141 1340 1198 1362; x_wconf 90' lang='lat' dir='ltr'>sus</span> <span class='ocrx_word' id='word_1_378' title='bbox 1217 1335 1398 1373; x_wconf 82' lang='lat' dir='ltr'>tyrannOS.</span> 
     </span>
    </p>
   </div>
   <div class='ocr_carea' id='block_1_11' title="bbox 1510 1402 1760 1436">
    <p class='ocr_par' dir='ltr' id='par_1_22' title="bbox 1510 1402 1760 1436">
     <span class='ocr_line' id='line_1_70' title="bbox 1510 1402 1760 1436; baseline 0 0"><span class='ocrx_word' id='word_1_379' title='bbox 1510 1403 1570 1436; x_wconf 85' lang='lat' dir='ltr'>De</span> <span class='ocrx_word' id='word_1_380' title='bbox 1597 1405 1647 1436; x_wconf 91' lang='lat' dir='ltr'>II.</span> <span class='ocrx_word' id='word_1_381' title='bbox 1675 1402 1760 1436; x_wconf 82' lang='lat' dir='ltr'>loco.</span> 
     </span>
    </p>
   </div>
   <div class='ocr_carea' id='block_1_12' title="bbox 1136 1465 2134 2739">
    <p class='ocr_par' dir='ltr' id='par_1_23' title="bbox 1140 1465 2134 2481">
     <span class='ocr_line' id='line_1_71' title="bbox 1244 1465 2133 1515; baseline -0.007 -11"><span class='ocrx_word' id='word_1_382' title='bbox 1244 1471 1378 1505; x_wconf 84' lang='lat' dir='ltr'>Textus</span> <span class='ocrx_word' id='word_1_383' title='bbox 1402 1471 1556 1504; x_wconf 86' lang='lat' dir='ltr'>ostendit</span> <span class='ocrx_word' id='word_1_384' title='bbox 1582 1477 1720 1515; x_wconf 86' lang='lat' dir='ltr'>peccata</span> <span class='ocrx_word' id='word_1_385' title='bbox 1744 1469 1835 1512; x_wconf 86' lang='lat' dir='ltr'>regis</span> <span class='ocrx_word' id='word_1_386' title='bbox 1851 1467 1976 1507; x_wconf 83' lang='lat' dir='ltr'>fuisse,</span> <span class='ocrx_word' id='word_1_387' title='bbox 2001 1465 2133 1500; x_wconf 90' lang='lat' dir='ltr'>securi-</span> 
     </span>
     <span class='ocr_line' id='line_1_72' title="bbox 1141 1521 2133 1566; baseline -0.008 -9"><span class='ocrx_word' id='word_1_388' title='bbox 1141 1530 1248 1558; x_wconf 91' lang='lat' dir='ltr'>tatem</span> <span class='ocrx_word' id='word_1_389' title='bbox 1274 1530 1308 1556; x_wconf 88' lang='lat' dir='ltr'>et</span> <span class='ocrx_word' id='word_1_390' title='bbox 1329 1522 1551 1565; x_wconf 75' lang='lat' dir='ltr'>superbiam,</span> <span class='ocrx_word' id='word_1_391' title='bbox 1577 1534 1666 1566; x_wconf 88' lang='lat' dir='ltr'>quae</span> <span class='ocrx_word' id='word_1_392' title='bbox 1695 1521 1799 1554; x_wconf 88' lang='lat' dir='ltr'>ambo</span> <span class='ocrx_word' id='word_1_393' title='bbox 1823 1526 1903 1554; x_wconf 90' lang='lat' dir='ltr'>sunt</span> <span class='ocrx_word' id='word_1_394' title='bbox 1928 1529 2072 1558; x_wconf 88' lang='lat' dir='ltr'>arcana,</span> <span class='ocrx_word' id='word_1_395' title='bbox 2100 1523 2133 1550; x_wconf 86' lang='lat' dir='ltr'>ct</span> 
     </span>
     <span class='ocr_line' id='line_1_73' title="bbox 1140 1570 2134 1616; baseline -0.007 -9"><span class='ocrx_word' id='word_1_396' title='bbox 1140 1575 1335 1607; x_wconf 89' lang='lat' dir='ltr'>multorum</span> <span class='ocrx_word' id='word_1_397' title='bbox 1353 1572 1564 1606; x_wconf 85' lang='lat' dir='ltr'>Sanctorum</span> <span class='ocrx_word' id='word_1_398' title='bbox 1586 1579 1735 1616; x_wconf 87' lang='lat' dir='ltr'>peccata,</span> <span class='ocrx_word' id='word_1_399' title='bbox 1752 1579 1785 1605; x_wconf 93' lang='lat' dir='ltr'>et</span> <span class='ocrx_word' id='word_1_400' title='bbox 1802 1571 1939 1604; x_wconf 85' lang='lat' dir='ltr'>facilius</span> <span class='ocrx_word' id='word_1_401' title='bbox 1955 1570 2134 1613; x_wconf 89' lang='lat' dir='ltr'>obrepunt</span> 
     </span>
     <span class='ocr_line' id='line_1_74' title="bbox 1142 1619 2133 1667; baseline -0.006 -9"><span class='ocrx_word' id='word_1_402' title='bbox 1142 1628 1177 1658; x_wconf 93' lang='lat' dir='ltr'>in</span> <span class='ocrx_word' id='word_1_403' title='bbox 1201 1626 1305 1658; x_wconf 87' lang='lat' dir='ltr'>rebus</span> <span class='ocrx_word' id='word_1_404' title='bbox 1329 1624 1511 1663; x_wconf 88' lang='lat' dir='ltr'>secundis,</span> <span class='ocrx_word' id='word_1_405' title='bbox 1539 1636 1576 1656; x_wconf 85' lang='lat' dir='ltr'>ac</span> <span class='ocrx_word' id='word_1_406' title='bbox 1600 1623 1787 1667; x_wconf 86' lang='lat' dir='ltr'>praecipue</span> <span class='ocrx_word' id='word_1_407' title='bbox 1811 1621 2062 1655; x_wconf 85' lang='lat' dir='ltr'>excellentibus</span> <span class='ocrx_word' id='word_1_408' title='bbox 2079 1619 2133 1651; x_wconf 77' lang='lat' dir='ltr'>vi-</span> 
     </span>
     <span class='ocr_line' id='line_1_75' title="bbox 1140 1672 2134 1720; baseline -0.006 -11"><span class='ocrx_word' id='word_1_409' title='bbox 1140 1678 1206 1714; x_wconf 88' lang='lat' dir='ltr'>ris,</span> <span class='ocrx_word' id='word_1_410' title='bbox 1234 1676 1294 1720; x_wconf 88' lang='lat' dir='ltr'>qui</span> <span class='ocrx_word' id='word_1_411' title='bbox 1321 1673 1453 1707; x_wconf 79' lang='lat' dir='ltr'>liabent</span> <span class='ocrx_word' id='word_1_412' title='bbox 1475 1674 1701 1707; x_wconf 83' lang='lat' dir='ltr'>admirabiles</span> <span class='ocrx_word' id='word_1_413' title='bbox 1731 1685 1926 1712; x_wconf 83' lang='lat' dir='ltr'>successus,</span> <span class='ocrx_word' id='word_1_414' title='bbox 1952 1672 2134 1713; x_wconf 84' lang='lat' dir='ltr'>ingentem</span> 
     </span>
     <span class='ocr_line' id='line_1_76' title="bbox 1141 1722 2132 1771; baseline -0.007 -11"><span class='ocrx_word' id='word_1_415' title='bbox 1141 1727 1308 1771; x_wconf 85' lang='lat' dir='ltr'>gloriam,</span> <span class='ocrx_word' id='word_1_416' title='bbox 1342 1737 1467 1768; x_wconf 81' lang='lat' dir='ltr'>magna</span> <span class='ocrx_word' id='word_1_417' title='bbox 1492 1724 1559 1758; x_wconf 89' lang='lat' dir='ltr'>Dei</span> <span class='ocrx_word' id='word_1_418' title='bbox 1586 1726 1689 1758; x_wconf 88' lang='lat' dir='ltr'>dona.</span> <span class='ocrx_word' id='word_1_419' title='bbox 1742 1723 1809 1756; x_wconf 90' lang='lat' dir='ltr'>His</span> <span class='ocrx_word' id='word_1_420' title='bbox 1834 1722 2029 1756; x_wconf 88' lang='lat' dir='ltr'>commodis</span> <span class='ocrx_word' id='word_1_421' title='bbox 2051 1732 2132 1754; x_wconf 89' lang='lat' dir='ltr'>cum</span> 
     </span>
     <span class='ocr_line' id='line_1_77' title="bbox 1141 1772 2133 1817; baseline -0.007 -6"><span class='ocrx_word' id='word_1_422' title='bbox 1141 1779 1336 1811; x_wconf 77' lang='lat' dir='ltr'>delectatur</span> <span class='ocrx_word' id='word_1_423' title='bbox 1360 1777 1519 1816; x_wconf 85' lang='lat' dir='ltr'>animus,</span> <span class='ocrx_word' id='word_1_424' title='bbox 1545 1787 1609 1808; x_wconf 92' lang='lat' dir='ltr'>nec</span> <span class='ocrx_word' id='word_1_425' title='bbox 1632 1775 1739 1808; x_wconf 88' lang='lat' dir='ltr'>sentit</span> <span class='ocrx_word' id='word_1_426' title='bbox 1763 1774 2036 1817; x_wconf 77' lang='lat' dir='ltr'>significationes</span> <span class='ocrx_word' id='word_1_427' title='bbox 2060 1772 2133 1804; x_wconf 90' lang='lat' dir='ltr'>irae</span> 
     </span>
     <span class='ocr_line' id='line_1_78' title="bbox 1140 1822 2133 1872; baseline -0.007 -10"><span class='ocrx_word' id='word_1_428' title='bbox 1140 1829 1228 1867; x_wconf 87' lang='lat' dir='ltr'>Dei,</span> <span class='ocrx_word' id='word_1_429' title='bbox 1265 1828 1434 1872; x_wconf 87' lang='lat' dir='ltr'>paulatim</span> <span class='ocrx_word' id='word_1_430' title='bbox 1462 1826 1679 1869; x_wconf 86' lang='lat' dir='ltr'>extinguitur</span> <span class='ocrx_word' id='word_1_431' title='bbox 1704 1827 1813 1860; x_wconf 88' lang='lat' dir='ltr'>timor</span> <span class='ocrx_word' id='word_1_432' title='bbox 1840 1826 1911 1858; x_wconf 88' lang='lat' dir='ltr'>irae</span> <span class='ocrx_word' id='word_1_433' title='bbox 1940 1831 1974 1857; x_wconf 89' lang='lat' dir='ltr'>et</span> <span class='ocrx_word' id='word_1_434' title='bbox 2004 1822 2133 1857; x_wconf 87' lang='lat' dir='ltr'>iudicii</span> 
     </span>
     <span class='ocr_line' id='line_1_79' title="bbox 1141 1876 2132 1922; baseline -0.007 -9"><span class='ocrx_word' id='word_1_435' title='bbox 1141 1879 1278 1919; x_wconf 84' lang='lat' dir='ltr'>divini,</span> <span class='ocrx_word' id='word_1_436' title='bbox 1302 1878 1427 1922; x_wconf 89' lang='lat' dir='ltr'>incipit</span> <span class='ocrx_word' id='word_1_437' title='bbox 1449 1878 1587 1910; x_wconf 90' lang='lat' dir='ltr'>animus</span> <span class='ocrx_word' id='word_1_438' title='bbox 1614 1877 1802 1910; x_wconf 87' lang='lat' dir='ltr'>immodice</span> <span class='ocrx_word' id='word_1_439' title='bbox 1825 1876 1946 1909; x_wconf 88' lang='lat' dir='ltr'>mirari</span> <span class='ocrx_word' id='word_1_440' title='bbox 1965 1882 1998 1908; x_wconf 92' lang='lat' dir='ltr'>et</span> <span class='ocrx_word' id='word_1_441' title='bbox 2014 1885 2132 1908; x_wconf 87' lang='lat' dir='ltr'>amare</span> 
     </span>
     <span class='ocr_line' id='line_1_80' title="bbox 1141 1926 2132 1970; baseline -0.007 -6"><span class='ocrx_word' id='word_1_442' title='bbox 1141 1929 1226 1964; x_wconf 88' lang='lat' dir='ltr'>baec</span> <span class='ocrx_word' id='word_1_443' title='bbox 1244 1932 1348 1970; x_wconf 89' lang='lat' dir='ltr'>bona,</span> <span class='ocrx_word' id='word_1_444' title='bbox 1374 1935 1406 1962; x_wconf 90' lang='lat' dir='ltr'>et</span> <span class='ocrx_word' id='word_1_445' title='bbox 1424 1928 1648 1962; x_wconf 88' lang='lat' dir='ltr'>obliviscitur</span> <span class='ocrx_word' id='word_1_446' title='bbox 1662 1926 1746 1968; x_wconf 85' lang='lat' dir='ltr'>Dei,</span> <span class='ocrx_word' id='word_1_447' title='bbox 1772 1940 1835 1961; x_wconf 91' lang='lat' dir='ltr'>nec</span> <span class='ocrx_word' id='word_1_448' title='bbox 1853 1926 1980 1970; x_wconf 89' lang='lat' dir='ltr'>cogitat</span> <span class='ocrx_word' id='word_1_449' title='bbox 1996 1936 2132 1958; x_wconf 82' lang='lat' dir='ltr'>succes-</span> 
     </span>
     <span class='ocr_line' id='line_1_81' title="bbox 1142 1976 2131 2020; baseline -0.007 -5"><span class='ocrx_word' id='word_1_450' title='bbox 1142 1993 1199 2015; x_wconf 89' lang='lat' dir='ltr'>sus</span> <span class='ocrx_word' id='word_1_451' title='bbox 1224 1981 1304 2014; x_wconf 87' lang='lat' dir='ltr'>illos</span> <span class='ocrx_word' id='word_1_452' title='bbox 1326 1993 1344 2014; x_wconf 89' lang='lat' dir='ltr'>a</span> <span class='ocrx_word' id='word_1_453' title='bbox 1369 1980 1448 2013; x_wconf 87' lang='lat' dir='ltr'>Deo</span> <span class='ocrx_word' id='word_1_454' title='bbox 1475 1991 1566 2020; x_wconf 88' lang='lat' dir='ltr'>esse,</span> <span class='ocrx_word' id='word_1_455' title='bbox 1603 1980 1661 2012; x_wconf 89' lang='lat' dir='ltr'>sed</span> <span class='ocrx_word' id='word_1_456' title='bbox 1685 1979 1845 2012; x_wconf 87' lang='lat' dir='ltr'>intuetur</span> <span class='ocrx_word' id='word_1_457' title='bbox 1869 1990 1966 2011; x_wconf 89' lang='lat' dir='ltr'>suam</span> <span class='ocrx_word' id='word_1_458' title='bbox 1992 1976 2131 2020; x_wconf 89' lang='lat' dir='ltr'>sapien-</span> 
     </span>
     <span class='ocr_line' id='line_1_82' title="bbox 1141 2029 2131 2074; baseline -0.006 -8"><span class='ocrx_word' id='word_1_459' title='bbox 1141 2034 1244 2073; x_wconf 83' lang='lat' dir='ltr'>tiam,</span> <span class='ocrx_word' id='word_1_460' title='bbox 1271 2044 1350 2065; x_wconf 90' lang='lat' dir='ltr'>suas</span> <span class='ocrx_word' id='word_1_461' title='bbox 1368 2031 1534 2071; x_wconf 83' lang='lat' dir='ltr'>virtutes,</span> <span class='ocrx_word' id='word_1_462' title='bbox 1563 2042 1660 2063; x_wconf 91' lang='lat' dir='ltr'>suam</span> <span class='ocrx_word' id='word_1_463' title='bbox 1683 2030 1898 2074; x_wconf 82' lang='lat' dir='ltr'>potentiam,</span> <span class='ocrx_word' id='word_1_464' title='bbox 1926 2029 2053 2061; x_wconf 89' lang='lat' dir='ltr'>harum</span> <span class='ocrx_word' id='word_1_465' title='bbox 2074 2039 2131 2060; x_wconf 84' lang='lat' dir='ltr'>re-</span> 
     </span>
     <span class='ocr_line' id='line_1_83' title="bbox 1142 2079 2131 2127; baseline -0.006 -10"><span class='ocrx_word' id='word_1_466' title='bbox 1142 2096 1219 2123; x_wconf 87' lang='lat' dir='ltr'>rum</span> <span class='ocrx_word' id='word_1_467' title='bbox 1238 2096 1303 2127; x_wconf 90' lang='lat' dir='ltr'>ope</span> <span class='ocrx_word' id='word_1_468' title='bbox 1318 2082 1450 2115; x_wconf 89' lang='lat' dir='ltr'>iudicat</span> <span class='ocrx_word' id='word_1_469' title='bbox 1465 2094 1499 2114; x_wconf 87' lang='lat' dir='ltr'>se</span> <span class='ocrx_word' id='word_1_470' title='bbox 1517 2088 1631 2115; x_wconf 90' lang='lat' dir='ltr'>tantas</span> <span class='ocrx_word' id='word_1_471' title='bbox 1649 2093 1703 2114; x_wconf 91' lang='lat' dir='ltr'>res</span> <span class='ocrx_word' id='word_1_472' title='bbox 1721 2093 1840 2125; x_wconf 87' lang='lat' dir='ltr'>gerere</span> <span class='ocrx_word' id='word_1_473' title='bbox 1863 2087 1896 2113; x_wconf 90' lang='lat' dir='ltr'>et</span> <span class='ocrx_word' id='word_1_474' title='bbox 1919 2079 2071 2118; x_wconf 83' lang='lat' dir='ltr'>efficere,</span> <span class='ocrx_word' id='word_1_475' title='bbox 2098 2085 2131 2111; x_wconf 90' lang='lat' dir='ltr'>et</span> 
     </span>
     <span class='ocr_line' id='line_1_84' title="bbox 1142 2127 2129 2177; baseline -0.008 -9"><span class='ocrx_word' id='word_1_476' title='bbox 1142 2135 1287 2168; x_wconf 91' lang='lat' dir='ltr'>confidit</span> <span class='ocrx_word' id='word_1_477' title='bbox 1301 2133 1436 2167; x_wconf 87' lang='lat' dir='ltr'>similes</span> <span class='ocrx_word' id='word_1_478' title='bbox 1453 2144 1489 2166; x_wconf 90' lang='lat' dir='ltr'>se</span> <span class='ocrx_word' id='word_1_479' title='bbox 1504 2139 1673 2177; x_wconf 91' lang='lat' dir='ltr'>perpetuo</span> <span class='ocrx_word' id='word_1_480' title='bbox 1698 2139 1876 2176; x_wconf 86' lang='lat' dir='ltr'>gesturum</span> <span class='ocrx_word' id='word_1_481' title='bbox 1897 2141 1980 2165; x_wconf 85' lang='lat' dir='ltr'>esse.</span> <span class='ocrx_word' id='word_1_482' title='bbox 2033 2127 2129 2162; x_wconf 93' lang='lat' dir='ltr'>Con-</span> 
     </span>
     <span class='ocr_line' id='line_1_85' title="bbox 1141 2181 2129 2227; baseline -0.007 -9"><span class='ocrx_word' id='word_1_483' title='bbox 1141 2186 1218 2219; x_wconf 89' lang='lat' dir='ltr'>fidit</span> <span class='ocrx_word' id='word_1_484' title='bbox 1241 2197 1276 2218; x_wconf 91' lang='lat' dir='ltr'>se</span> <span class='ocrx_word' id='word_1_485' title='bbox 1301 2185 1479 2218; x_wconf 90' lang='lat' dir='ltr'>munitum</span> <span class='ocrx_word' id='word_1_486' title='bbox 1501 2195 1573 2216; x_wconf 89' lang='lat' dir='ltr'>esse</span> <span class='ocrx_word' id='word_1_487' title='bbox 1596 2181 1651 2216; x_wconf 85' lang='lat' dir='ltr'>his</span> <span class='ocrx_word' id='word_1_488' title='bbox 1668 2183 1850 2227; x_wconf 86' lang='lat' dir='ltr'>praesidiis</span> <span class='ocrx_word' id='word_1_489' title='bbox 1868 2187 1989 2215; x_wconf 89' lang='lat' dir='ltr'>contra</span> <span class='ocrx_word' id='word_1_490' title='bbox 2007 2190 2129 2213; x_wconf 90' lang='lat' dir='ltr'>omnes</span> 
     </span>
     <span class='ocr_line' id='line_1_86' title="bbox 1142 2230 2128 2278; baseline -0.007 -8"><span class='ocrx_word' id='word_1_491' title='bbox 1142 2237 1305 2270; x_wconf 87' lang='lat' dir='ltr'>fortunae</span> <span class='ocrx_word' id='word_1_492' title='bbox 1322 2247 1439 2275; x_wconf 90' lang='lat' dir='ltr'>casus,</span> <span class='ocrx_word' id='word_1_493' title='bbox 1468 2235 1557 2268; x_wconf 88' lang='lat' dir='ltr'>sicut</span> <span class='ocrx_word' id='word_1_494' title='bbox 1573 2233 1762 2278; x_wconf 90' lang='lat' dir='ltr'>Pompeius</span> <span class='ocrx_word' id='word_1_495' title='bbox 1779 2233 1917 2266; x_wconf 84' lang='lat' dir='ltr'>dicebat</span> <span class='ocrx_word' id='word_1_496' title='bbox 1932 2243 1966 2264; x_wconf 88' lang='lat' dir='ltr'>se</span> <span class='ocrx_word' id='word_1_497' title='bbox 1983 2230 2128 2275; x_wconf 82' lang='lat' dir='ltr'>supplo-</span> 
     </span>
     <span class='ocr_line' id='line_1_87' title="bbox 1141 2285 2128 2331; baseline -0.008 -10"><span class='ocrx_word' id='word_1_498' title='bbox 1141 2288 1239 2321; x_wconf 91' lang='lat' dir='ltr'>sione</span> <span class='ocrx_word' id='word_1_499' title='bbox 1258 2287 1356 2331; x_wconf 89' lang='lat' dir='ltr'>pedis</span> <span class='ocrx_word' id='word_1_500' title='bbox 1373 2286 1511 2320; x_wconf 88' lang='lat' dir='ltr'>Italiam</span> <span class='ocrx_word' id='word_1_501' title='bbox 1530 2291 1638 2318; x_wconf 88' lang='lat' dir='ltr'>totam</span> <span class='ocrx_word' id='word_1_502' title='bbox 1656 2285 1913 2328; x_wconf 89' lang='lat' dir='ltr'>completurum</span> <span class='ocrx_word' id='word_1_503' title='bbox 1937 2294 2010 2315; x_wconf 92' lang='lat' dir='ltr'>esse</span> <span class='ocrx_word' id='word_1_504' title='bbox 2030 2293 2128 2314; x_wconf 83' lang='lat' dir='ltr'>exer-</span> 
     </span>
     <span class='ocr_line' id='line_1_88' title="bbox 1141 2332 2129 2373; baseline -0.008 -1"><span class='ocrx_word' id='word_1_505' title='bbox 1141 2339 1280 2373; x_wconf 84' lang='lat' dir='ltr'>citibus.</span> <span class='ocrx_word' id='word_1_506' title='bbox 1334 2336 1381 2372; x_wconf 86' lang='lat' dir='ltr'>Et</span> <span class='ocrx_word' id='word_1_507' title='bbox 1400 2334 1611 2370; x_wconf 86' lang='lat' dir='ltr'>Timotheus</span> <span class='ocrx_word' id='word_1_508' title='bbox 1636 2336 1707 2369; x_wconf 85' lang='lat' dir='ltr'>dux</span> <span class='ocrx_word' id='word_1_509' title='bbox 1725 2332 1956 2369; x_wconf 88' lang='lat' dir='ltr'>Atheniensis</span> <span class='ocrx_word' id='word_1_510' title='bbox 1979 2333 2016 2365; x_wconf 90' lang='lat' dir='ltr'>in</span> <span class='ocrx_word' id='word_1_511' title='bbox 2040 2344 2129 2365; x_wconf 89' lang='lat' dir='ltr'>con-</span> 
     </span>
     <span class='ocr_line' id='line_1_89' title="bbox 1142 2383 2127 2430; baseline -0.007 -7"><span class='ocrx_word' id='word_1_512' title='bbox 1142 2389 1243 2423; x_wconf 90' lang='lat' dir='ltr'>cione</span> <span class='ocrx_word' id='word_1_513' title='bbox 1260 2389 1365 2423; x_wconf 86' lang='lat' dir='ltr'>dixit:</span> <span class='ocrx_word' id='word_1_514' title='bbox 1393 2387 1471 2421; x_wconf 93' lang='lat' dir='ltr'>Hoc</span> <span class='ocrx_word' id='word_1_515' title='bbox 1488 2398 1549 2430; x_wconf 85' lang='lat' dir='ltr'>ego</span> <span class='ocrx_word' id='word_1_516' title='bbox 1568 2386 1645 2426; x_wconf 90' lang='lat' dir='ltr'>feci,</span> <span class='ocrx_word' id='word_1_517' title='bbox 1672 2398 1745 2419; x_wconf 90' lang='lat' dir='ltr'>non</span> <span class='ocrx_word' id='word_1_518' title='bbox 1763 2387 1916 2420; x_wconf 88' lang='lat' dir='ltr'>fortuna.</span> <span class='ocrx_word' id='word_1_519' title='bbox 1947 2383 2032 2418; x_wconf 87' lang='lat' dir='ltr'>Post</span> <span class='ocrx_word' id='word_1_520' title='bbox 2050 2395 2127 2416; x_wconf 90' lang='lat' dir='ltr'>eam</span> 
     </span>
     <span class='ocr_line' id='line_1_90' title="bbox 1141 2434 1974 2481; baseline -0.008 -6"><span class='ocrx_word' id='word_1_521' title='bbox 1141 2453 1263 2474; x_wconf 78' lang='lat' dir='ltr'>vocem</span> <span class='ocrx_word' id='word_1_522' title='bbox 1283 2441 1443 2473; x_wconf 89' lang='lat' dir='ltr'>scribunt</span> <span class='ocrx_word' id='word_1_523' title='bbox 1461 2439 1492 2471; x_wconf 93' lang='lat' dir='ltr'>ei</span> <span class='ocrx_word' id='word_1_524' title='bbox 1511 2444 1630 2481; x_wconf 87' lang='lat' dir='ltr'>postea</span> <span class='ocrx_word' id='word_1_525' title='bbox 1649 2434 1741 2469; x_wconf 88' lang='lat' dir='ltr'>nihil</span> <span class='ocrx_word' id='word_1_526' title='bbox 1759 2435 1974 2469; x_wconf 87' lang='lat' dir='ltr'>successisse.</span> 
     </span>
    </p>

    <p class='ocr_par' dir='ltr' id='par_1_24' title="bbox 1136 2486 2130 2739">
     <span class='ocr_line' id='line_1_91' title="bbox 1243 2486 2127 2530; baseline -0.008 -5"><span class='ocrx_word' id='word_1_527' title='bbox 1243 2491 1355 2525; x_wconf 92' lang='lat' dir='ltr'>Porro</span> <span class='ocrx_word' id='word_1_528' title='bbox 1381 2491 1492 2523; x_wconf 86' lang='lat' dir='ltr'>elatus</span> <span class='ocrx_word' id='word_1_529' title='bbox 1523 2488 1663 2521; x_wconf 85' lang='lat' dir='ltr'>animus</span> <span class='ocrx_word' id='word_1_530' title='bbox 1690 2487 1751 2520; x_wconf 89' lang='lat' dir='ltr'>illa</span> <span class='ocrx_word' id='word_1_531' title='bbox 1775 2487 1900 2520; x_wconf 87' lang='lat' dir='ltr'>fiducia</span> <span class='ocrx_word' id='word_1_532' title='bbox 1924 2486 1996 2527; x_wconf 92' lang='lat' dir='ltr'>sui,</span> <span class='ocrx_word' id='word_1_533' title='bbox 2031 2486 2127 2530; x_wconf 92' lang='lat' dir='ltr'>quod</span> 
     </span>
     <span class='ocr_line' id='line_1_92' title="bbox 1138 2536 2128 2587; baseline -0.009 -10"><span class='ocrx_word' id='word_1_534' title='bbox 1138 2555 1202 2587; x_wconf 89' lang='lat' dir='ltr'>per</span> <span class='ocrx_word' id='word_1_535' title='bbox 1217 2554 1290 2576; x_wconf 90' lang='lat' dir='ltr'>sese</span> <span class='ocrx_word' id='word_1_536' title='bbox 1305 2554 1358 2575; x_wconf 89' lang='lat' dir='ltr'>res</span> <span class='ocrx_word' id='word_1_537' title='bbox 1379 2550 1520 2583; x_wconf 87' lang='lat' dir='ltr'>magnas</span> <span class='ocrx_word' id='word_1_538' title='bbox 1537 2539 1682 2580; x_wconf 87' lang='lat' dir='ltr'>efficiat,</span> <span class='ocrx_word' id='word_1_539' title='bbox 1711 2549 1799 2583; x_wconf 87' lang='lat' dir='ltr'>quae</span> <span class='ocrx_word' id='word_1_540' title='bbox 1817 2549 1878 2571; x_wconf 90' lang='lat' dir='ltr'>sua</span> <span class='ocrx_word' id='word_1_541' title='bbox 1895 2537 2075 2581; x_wconf 64' lang='lat' dir='ltr'>sapientia‘,</span> <span class='ocrx_word' id='word_1_542' title='bbox 2084 2536 2128 2569; x_wconf 90' lang='lat' dir='ltr'>sit</span> 
     </span>
     <span class='ocr_line' id='line_1_93' title="bbox 1139 2585 2128 2633; baseline -0.007 -6"><span class='ocrx_word' id='word_1_543' title='bbox 1139 2594 1298 2627; x_wconf 91' lang='lat' dir='ltr'>munitus</span> <span class='ocrx_word' id='word_1_544' title='bbox 1321 2593 1488 2625; x_wconf 88' lang='lat' dir='ltr'>adversus</span> <span class='ocrx_word' id='word_1_545' title='bbox 1512 2599 1636 2622; x_wconf 89' lang='lat' dir='ltr'>omnes</span> <span class='ocrx_word' id='word_1_546' title='bbox 1659 2601 1777 2630; x_wconf 88' lang='lat' dir='ltr'>casus,</span> <span class='ocrx_word' id='word_1_547' title='bbox 1804 2589 1930 2633; x_wconf 91' lang='lat' dir='ltr'>incipit</span> <span class='ocrx_word' id='word_1_548' title='bbox 1955 2588 2043 2621; x_wconf 91' lang='lat' dir='ltr'>alios</span> <span class='ocrx_word' id='word_1_549' title='bbox 2062 2585 2128 2620; x_wconf 89' lang='lat' dir='ltr'>ho-</span> 
     </span>
     <span class='ocr_line' id='line_1_94' title="bbox 1137 2637 2129 2682; baseline -0.008 -5"><span class='ocrx_word' id='word_1_550' title='bbox 1137 2645 1252 2677; x_wconf 83' lang='lat' dir='ltr'>mines</span> <span class='ocrx_word' id='word_1_551' title='bbox 1275 2650 1518 2682; x_wconf 88' lang='lat' dir='ltr'>contemnere,</span> <span class='ocrx_word' id='word_1_552' title='bbox 1553 2652 1627 2674; x_wconf 90' lang='lat' dir='ltr'>sese</span> <span class='ocrx_word' id='word_1_553' title='bbox 1649 2648 1743 2675; x_wconf 86' lang='lat' dir='ltr'>amat</span> <span class='ocrx_word' id='word_1_554' title='bbox 1761 2646 1794 2674; x_wconf 89' lang='lat' dir='ltr'>et</span> <span class='ocrx_word' id='word_1_555' title='bbox 1820 2640 2035 2680; x_wconf 87' lang='lat' dir='ltr'>admiratur,</span> <span class='ocrx_word' id='word_1_556' title='bbox 2062 2637 2129 2671; x_wconf 86' lang='lat' dir='ltr'>sibi</span> 
     </span>
     <span class='ocr_line' id='line_1_95' title="bbox 1136 2687 2130 2739; baseline -0.007 -11"><span class='ocrx_word' id='word_1_557' title='bbox 1136 2695 1312 2739; x_wconf 89' lang='lat' dir='ltr'>permittit</span> <span class='ocrx_word' id='word_1_558' title='bbox 1344 2692 1526 2727; x_wconf 88' lang='lat' dir='ltr'>licentiam</span> <span class='ocrx_word' id='word_1_559' title='bbox 1560 2692 1755 2726; x_wconf 90' lang='lat' dir='ltr'>multorum</span> <span class='ocrx_word' id='word_1_560' title='bbox 1791 2691 1975 2727; x_wconf 85' lang='lat' dir='ltr'>scelerum.</span> <span class='ocrx_word' id='word_1_561' title='bbox 2044 2687 2130 2722; x_wconf 81' lang='lat' dir='ltr'>Vult</span> 
     </span>
    </p>
   </div>
  </div>
 </body>
</html>
