2379 2948
249 85 344 122 1279

247 172 331 217 cipit
348 171 494 204 verbum
508 181 526 203 a
539 176 647 214 patre,
674 164 943 202 sicutlobannes
955 167 1087 213 inquit:
1115 167 1228 202 Filius

246 223 306 268 qui
324 229 372 255 est
392 222 426 254 in
445 221 520 254 sinu
541 220 656 263 patris,
684 219 756 262 ipse
773 219 949 252 enarravit
965 219 1078 252 nobis.
1134 218 1231 258 Item,

247 274 319 317 ipse
343 270 445 304 babet
471 271 563 303 solus
582 271 635 302 ius
651 269 867 302 sacrificandi
885 281 948 313 pro
968 270 1065 310 aliis,
1091 270 1164 313 ipse
1182 275 1229 302 est

248 323 402 368 pontifex
427 322 502 353 sine
521 320 716 353 M‹=‹1iatore
734 320 917 360 invocans,
944 318 1079 354 Omnes
1098 321 1158 353 alii
1176 319 1230 352 in-

249 379 372 407 vocant
392 370 503 404 Deum
526 383 585 414 per
600 369 694 403 hunc
713 370 957 406 Mediatorem.

350 441 418 473 His
443 439 558 473 modis
582 438 699 471 differt
717 435 849 471 Christi
876 438 1107 471 sacerdotium
1130 448 1147 469 a
1166 448 1230 469 no-

384 489 442 523 Sic
466 490 559 522 enim
586 489 689 521 nobis
709 489 867 532 impertit
884 486 1054 521 honorem
1071 488 1231 520 sacerdo-

248 543 300 575 tii.
356 540 516 573 Primum
534 540 560 572 si
580 540 691 582 ipsum
709 539 930 579 agnoscimus
946 551 1017 572 esse
1034 538 1231 582 pontificem

250 593 372 631 talem,
401 598 438 624 ut
457 591 587 623 dictum
607 596 667 624 est.
720 588 857 621 Deinde
876 602 938 622 nos
957 589 1023 621 sibi
1042 589 1089 621 sie
1106 588 1231 621 adiun-

251 643 313 685 git,
341 648 379 675 ut
397 641 498 673 nobis
515 652 654 685 quoque
672 639 799 673 tribuat
814 638 1056 682 Evangelium‚
1084 646 1117 672 et
1132 651 1233 671 man-

249 695 369 726 datum
388 691 595 731 confitendi,
624 702 661 723 ac
680 690 829 723 docendi
846 703 907 734 pro
924 690 1117 724 vocatione.
1170 689 1233 723 Se—

250 744 366 776 cundo
395 743 454 775 dat
481 742 584 774 etiam
610 741 664 774 ius
689 741 895 780 invocandi,
922 741 981 772 sed
1007 740 1071 780 ita,
1098 746 1137 773 ut
1158 740 1233 783 ipso

251 793 449 826 Mediatore
480 799 641 830 utamur,
676 798 715 824 ut
746 798 877 823 certum
910 791 954 823 sit
977 801 1041 823 nos
1064 791 1234 831 exaudiri,

250 844 339 876 sicut
365 843 495 886 inquit:
527 841 705 886 Quicquid
727 841 894 885 petieritis
913 848 1046 885 patrem
1063 841 1099 874 in
1119 842 1232 874 nomi-

249 906 294 926 ne
312 905 405 933 meo,
433 892 531 925 dabit
548 892 657 925 vobis.

248 499 330 525 stro.

339 959 475 993 ·Tertio
503 959 624 992 tribuit
648 959 750 992 etiam
779 960 831 992 ius
856 960 1090 999 sacrificandi,
1118 960 1151 992 id
1174 965 1234 999 est,

253 1010 375 1054 recipit
400 1010 634 1042 obedientiam
662 1017 816 1043 nostram
836 1010 871 1042 in
888 1010 1170 1051 adssictionibus,
1197 1010 1233 1042 in

251 1061 486 1098 consessione,
514 1067 545 1093 et
568 1060 644 1092 aliis
665 1061 767 1093 bonis
785 1061 969 1104 operibus,
997 1068 1161 1105 tanquam
1181 1073 1235 1094 sa-

253 1111 400 1153 crificia,
428 1117 459 1143 et
483 1117 584 1143 ornat
610 1123 684 1142 eam
709 1108 844 1144 honore
864 1108 970 1143 huius
987 1111 1102 1150 tituli,
1131 1118 1234 1144 testa-

251 1168 309 1195 tur
325 1172 395 1193 esse
414 1161 597 1200 sacrificia,
624 1161 657 1192 id
679 1169 745 1201 est,
772 1173 876 1201 opera
895 1161 1022 1205 quibus
1040 1161 1107 1194 Dei
1124 1162 1233 1204 gloria

252 1211 289 1244 fit
314 1211 503 1248 illustrior,
531 1218 561 1244 et
580 1223 666 1254 quae
687 1212 823 1255 placent
842 1211 936 1251 Deo,
963 1212 1051 1244 sicut
1070 1213 1112 1244 de
1129 1212 1234 1244 sacri·

252 1262 337 1294 ficiis
359 1262 516 1305 loquitur
534 1260 675 1301 Petrus,
703 1275 780 1295 cum
799 1262 862 1294 ait:
892 1261 1134 1295 Sacerdotium
1154 1274 1235 1295 san-

251 1319 365 1349 ctum,
393 1312 579 1344 offerentes
597 1309 728 1346 hostias
746 1312 963 1356 spirituales,
991 1319 1145 1356 acceptas
1160 1312 1235 1347 Deo

252 1374 313 1405 per
336 1360 446 1394 Iesum
471 1360 663 1394 Christum.
716 1362 784 1396 Hic
807 1363 898 1395 clare
922 1363 1047 1396 tribuit
1069 1364 1235 1397 omnibus

253 1410 464 1444 Christianis
480 1409 622 1446 hostias.

356 1477 424 1512 Sed
442 1476 507 1511 bae
526 1479 614 1511 duae
631 1478 851 1512 differentiae
869 1480 1027 1513 sciendae
1046 1486 1127 1513 sunt
1145 1480 1236 1514 inter

254 1527 389 1562 Christi
413 1529 596 1569 sacrificia,
632 1536 664 1562 et
688 1535 820 1564 nostra.
873 1527 1005 1563 Christi
1028 1531 1234 1564 sacrificium

251 1592 315 1624 pro
342 1579 418 1611 aliis
441 1579 496 1617 fit,
522 1586 640 1611 nostra
666 1591 739 1611 non
764 1580 851 1613 fiunt
872 1592 934 1623 pro
952 1581 1048 1620 aliis,
1076 1582 1133 1613 sed
1155 1587 1236 1614 sunt

254 1630 366 1663 cultus
382 1629 503 1668 debiti,
531 1641 617 1673 quos
634 1629 883 1673 requiritDeus
899 1642 916 1662 a
935 1630 1093 1673 singulis.
1147 1629 1233 1664 Item

253 1686 374 1713 nostro
400 1679 563 1713 sacrificia
589 1691 659 1712 non
684 1680 820 1723 placent
849 1687 990 1724 propter
1012 1681 1141 1724 seipsa,
1175 1682 1233 1714 sed

252 1737 395 1774 propter
413 1730 612 1773 pontificem
630 1727 829 1771 Christum,
857 1731 945 1764 sicut
969 1729 1025 1764 hic
1043 1731 1170 1765 diserte
1187 1732 1236 1765 ait

252 1780 391 1814 Petrus:
439 1779 582 1813 Hostias
619 1787 774 1824 acceptas
804 1792 866 1824 per
898 1780 1012 1814 Iesum
1043 1779 1235 1816 Christum.

253 1830 302 1866 Ut
321 1831 428 1873 igitur
444 1837 562 1863 nostra
579 1831 670 1863 bona
689 1843 793 1875 opera
807 1832 891 1865 fiant
908 1832 1091 1873 sacrificia,
1117 1833 1235 1877 requi-

254 1881 344 1914 ritur
374 1887 413 1913 nt
437 1881 521 1913 fiant
546 1881 581 1913 in
611 1881 696 1921 fide,
732 1879 797 1914 hoc
821 1888 889 1920 est,
923 1889 961 1915 ut
985 1882 1069 1915 fiant
1094 1890 1236 1927 propter

253 1930 387 1970 Deum,
415 1931 455 1962 ad
482 1931 725 1963 declarandam
750 1932 984 1965 obedientiam
1009 1944 1088 1975 erga
1111 1933 1236 1974 Deum,

255 1987 288 2013 et
310 1982 352 2013 ad
381 1981 656 2020 consessionem,
693 1988 724 2014 et
750 1982 953 2015 invitandos
977 1983 1080 2015 alios:
1109 1984 1236 2017 deinde

254 2038 292 2064 ut
314 2031 495 2063 credamus
518 2043 558 2064 ea
582 2031 715 2075 placere
738 2039 879 2075 propter
909 2033 1107 2076 pontificem
1129 2032 1236 2068 Chri-

254 2088 357 2115 stum.
410 2079 486 2113 Hae
511 2082 600 2114 duae
623 2082 902 2116 circumstantiae
927 2095 964 2116 ex
991 2084 1094 2117 bonis
1121 2085 1235 2129 operi-

253 2132 318 2165 bus
335 2131 489 2165 efficiunt
506 2132 683 2165 sacrificia.

355 2214 423 2248 Hic
447 2216 549 2249 etiam
575 2216 661 2250 solet
686 2217 855 2260 disputari
875 2218 917 2249 de
936 2217 1043 2251 Missa
1057 2246 1065 2257 ‚
1092 2216 1158 2252 hoe
1175 2226 1237 2259 est,

255 2267 298 2299 de
315 2278 421 2298 coena
440 2265 607 2307 Domini,
636 2279 679 2299 an
699 2267 741 2301 sit
757 2268 976 2301 sacrificium.
1029 2267 1104 2301 Etsi
1121 2277 1236 2303 autem

254 2315 345 2349 hanc
359 2317 599 2360 quaestionem
618 2329 720 2361 supra
737 2318 852 2361 attigi:
871 2325 986 2352 tamen
1004 2319 1157 2353 breviter
1172 2321 1237 2353 ali-

255 2366 339 2410 quid
360 2368 497 2401 addam.

358 2432 560 2467 Adversarii
580 2433 669 2468 banc
688 2448 824 2468 causam
846 2448 940 2469 nunc
957 2437 1107 2480 pingunt
1125 2438 1235 2472 multo

256 2483 420 2516 subtilius
442 2496 545 2528 quam
572 2486 668 2520 olim.
730 2485 811 2518 Ideo
836 2487 1022 2530 diligenter
1045 2490 1235 2532 quaerendi

255 2539 337 2565 sunt
360 2533 470 2566 sontes
496 2532 600 2568 huius
626 2536 884 2579 disputationis.
938 2535 1036 2570 Olim
1065 2539 1237 2573 docebant

255 2581 401 2615 Missam
430 2595 501 2616 esse
526 2586 592 2619 tale
615 2587 843 2625 sacrificium,
877 2589 970 2631 quod
997 2600 1059 2632 pro
1085 2589 1161 2622 aliis
1184 2590 1235 2622 fa-

254 2638 368 2673 ctum,
409 2642 600 2669 mereretur
631 2637 718 2670 vivis
749 2644 781 2671 et
810 2638 960 2672 mortuis
994 2639 1236 2673 remissionem

830 80 957 119 PHIL.
982 80 1098 117 MEL.
1132 78 1343 116 SCRIPTA
1376 78 1676 115 EXEGETICA.

2161 80 2258 117 1280

1281 174 1522 211 peccatorum,
1547 178 1680 211 poenae
1702 172 1736 200 et
1759 166 1899 210 culpae,
1927 178 1966 199 ex
1988 178 2091 210 opere
2108 174 2261 211 operam,

1281 218 1355 251 sine
1371 218 1464 251 bono
1484 225 1581 251 motu
1599 217 1747 256 utentis,
1775 223 1834 250 aut
1850 217 1965 257 illius,
1989 229 2008 250 a
2024 230 2093 262 quo
2110 219 2158 253 fit.

1382 267 1450 301 Hic
1475 280 1573 302 error
1596 268 1697 301 facile
1719 273 1831 311 potest
1852 267 2015 308 refutari,
2042 268 2122 312 quia
2146 268 2260 301 mani-

1281 318 1365 351 feste
1383 326 1513 363 pugnat
1531 331 1608 351 cum
1627 319 1786 351 doctrina
1805 319 1895 350 fidei.
1948 316 2124 351 Remissio
2143 330 2260 361 pecca-

1282 375 1397 402 torum
1421 370 1592 413 contingit
1616 369 1755 413 propria
1779 369 1947 413 cuiusque
1970 369 2053 401 fide:
2083 380 2163 411 ergo
2189 380 2261 402 non

1282 419 1452 462 contingit
1476 432 1514 452 ex
1531 432 1634 463 opere
1652 426 1814 463 operato,
1842 420 1915 452 sine
1934 419 2027 451 bono
2046 425 2141 451 motu
2159 425 2262 452 uten-

1283 470 1335 504 tis.
1394 469 1652 515 Consequentia
1683 477 1733 504 est
1759 470 1959 509 manifesta,
1995 468 2075 514 quia
2100 469 2185 502 fides
2211 475 2262 503 est

1284 520 1446 564 proprius
1467 522 1633 566 cuiusque
1651 527 1765 554 motus
1780 531 1969 563 agnoscens
1987 519 2262 553 misericordiam

1284 577 1425 614 propter
1435 569 1613 604 Christum
1633 572 1853 614 promissam.
1905 569 1968 604 Est
1987 570 2094 613 igitur
2110 581 2163 603 res
2180 581 2265 603 con-

1283 621 1388 654 traria
1406 621 1503 665 operi
1522 628 1675 665 operato,
1703 628 1734 654 et
1751 622 1780 653 ei
1798 622 1891 666 qnod
1910 622 1945 655 fit
1963 621 2037 653 sine
2054 621 2148 653 bono
2165 626 2265 653 motu

1284 672 1499 716 cuiusquam.
1551 671 1600 705 Ita
1621 672 1824 715 simpliciter
1842 679 1892 706 est
1910 671 2072 705 idolatria
2090 671 2158 704 tale
2175 681 2264 714 opus

1284 722 1361 754 aliis
1385 721 1560 766 applicare
1584 722 1815 765 promissione
1840 729 2078 765 peccatorum,
2113 728 2147 755 et
2172 721 2265 754 delet

1285 773 1479 806 doctrinam
1502 774 1544 805 de
1570 773 1648 807 fide.
1698 771 1816 815 Quare
1840 773 1899 805 illa
1921 772 2108 816 applicatio
2133 771 2264 805 Missae

1285 831 1451 869 tanquam
1475 823 1635 856 idolatria
1659 823 1895 855 abominanda
1911 830 1973 857 est.
2025 822 2095 856 Nec
2112 833 2199 867 opus
2215 828 2266 856 est

1286 874 1388 916 longa
1420 874 1657 917 disputatione
1682 874 1717 905 in
1744 871 1807 906 hac
1829 885 1949 914 causa,
1984 873 2065 918 quia
2091 873 2150 905 illa
2174 872 2265 906 ratio

1286 925 1328 957 de
1355 924 1512 957 doctrina
1540 925 1620 957 fidei
1644 924 1834 957 clarissime
1853 924 1979 958 refutat
1995 923 2266 968 applicationem

1287 974 1426 1008 Missae.

1387 1024 1600 1070 Quanquam
1639 1032 1755 1058 autem
1795 1037 1889 1058 nunc
1920 1024 2084 1058 subtilius
2115 1023 2266 1068 pingunt

1286 1088 1438 1108 errorem
1462 1087 1563 1108 suum
1586 1076 1794 1116 adversarii,
1818 1082 1935 1109 tamen
1957 1087 2011 1108 res
2027 1076 2147 1108 eodem
2164 1075 2267 1108 redit.

1287 1126 1361 1159 Hoc
1380 1127 1502 1159 volunt
1522 1127 1700 1166 obtinere,
1727 1127 1821 1169 quod
1841 1126 1948 1159 Missa
1969 1126 2013 1159 sit
2029 1137 2118 1168 opus
2133 1125 2268 1158 facien-

1286 1178 1370 1210 dum
1405 1184 1437 1210 et
1466 1177 1714 1220 applicandum
1745 1189 1807 1220 pro
1839 1178 1931 1210 aliis:
1963 1183 2099 1209 tantum
2131 1176 2268 1209 addunt

1286 1225 1376 1260 banc
1406 1227 1677 1266 correctionem,
1718 1228 1812 1271 quod
1847 1240 1918 1260 non
1955 1227 2069 1260 valeat
2100 1238 2140 1259 ex
2162 1237 2267 1270 opere

1293 1284 1435 1322 operato
1448 1304 1456 1318 ‚
1482 1277 1556 1310 sine
1575 1278 1668 1310 bono
1685 1284 1780 1311 motu
1799 1279 1949 1316 utentis,
1977 1284 2011 1311 et
2026 1277 2100 1310 eius
2116 1289 2178 1320 pro
2196 1288 2266 1321 quo

1286 1328 1335 1362 fit.
1395 1327 1525 1361 Contra
1559 1326 1647 1360 hanc
1678 1329 1947 1371 applicationem
1978 1328 2083 1361 etiam
2114 1328 2267 1361 tenenda

1286 1385 1367 1412 sunt
1384 1379 1481 1410 firma
1501 1385 1715 1420 argumenta.

1388 1427 1547 1461 Primum
1565 1429 1606 1461 ad
1626 1428 1804 1462 Hebraeos
1821 1428 1932 1472 capite
1948 1428 2083 1461 decimo
2099 1427 2267 1471 scriptum

1286 1486 1350 1512 est:
1396 1477 1475 1512 Una
1514 1479 1693 1511 oblatione
1732 1479 1989 1512 consummavit
2026 1478 2267 1513 sanctificatos.

1287 1530 1399 1572 Igitur
1414 1529 1486 1561 sola
1496 1527 1627 1562 Christi
1647 1540 1740 1562 mors
1756 1537 1805 1563 est
1820 1529 1908 1562 illud
1925 1528 2146 1569 sacrificium,
2172 1529 2269 1573 quod

1287 1592 1349 1624 pro
1381 1579 1458 1612 aliis
1482 1579 1728 1622 applicandum
1754 1587 1822 1619 est,
1853 1586 1884 1613 et
1909 1592 1972 1623 pro
1995 1579 2160 1612 omnibus
2185 1579 2268 1612 satis

1286 1637 1355 1669 est,
1382 1641 1446 1662 nec
1469 1636 1518 1663 est
1542 1630 1601 1662 ille
1628 1627 1741 1664 honos
1764 1631 2026 1664 transferendus
2048 1629 2084 1662 in
2108 1640 2197 1674 opus
2214 1640 2269 1662 sa-

1286 1679 1447 1714 cerdotis.

1388 1729 1548 1763 Secunda
1573 1730 1673 1764 ratio.
1727 1729 1895 1764 Idolatria
1917 1736 1967 1764 est
1990 1730 2094 1764 fidem
2118 1730 2186 1764 niti
2205 1742 2269 1775 ap-

1286 1780 1475 1825 plicatione
1499 1781 1614 1824 operis
1635 1781 1835 1815 sacerdotis.
1900 1780 1973 1814 lam
1999 1781 2027 1814 si
2050 1780 2159 1815 Missa
2184 1787 2271 1815 esset

1287 1843 1375 1874 opus
1406 1831 1654 1875 applicandum
1679 1844 1742 1875 pro
1769 1832 1866 1871 aliis,
1899 1832 1972 1865 sive
1995 1843 2035 1865 ex
2057 1844 2162 1875 opere
2184 1844 2270 1876 ope-

1287 1889 1380 1922 rato,
1409 1882 1480 1914 sive
1507 1882 1625 1922 aliter,
1650 1882 1754 1915 fidem
1780 1889 1956 1926 oporteret
1978 1882 2046 1916 niti
2070 1882 2130 1915 illa
2153 1882 2268 1926 appli-

1260 1969 1262 1976 Ι
1288 1933 1442 1966 catione:
1475 1944 1555 1976 ergo
1579 1933 1658 1966 talis
1680 1933 1869 1978 applicatio
1892 1933 1992 1965 nullo
2014 1933 2120 1966 modo
2143 1944 2268 1966 conce-

1288 1984 1401 2016 denda
1417 1989 1479 2018 est.

1391 2033 1510 2066 Tertia
1536 2032 1637 2066 ratio.
1689 2031 1806 2066 Coena
1823 2031 1969 2066 Domini
1994 2033 2085 2067 valet
2100 2041 2268 2079 tanquam

1290 2083 1572 2118 Sacramentum:
1613 2095 1694 2127 ergo
1731 2083 1947 2127 impossibile
1979 2090 2029 2117 est
2055 2097 2130 2118 eam
2155 2085 2270 2129 appli-

1290 2135 1357 2168 cari
1391 2146 1454 2178 pro
1483 2134 1582 2175 aliis,
1615 2134 1704 2167 sicut
1736 2134 1953 2177 impossibile
1982 2141 2030 2168 est
2056 2135 2270 2180 baptismum

1290 2185 1464 2229 applicare
1486 2196 1549 2228 pro
1571 2184 1668 2223 aliis,
1696 2185 1753 2217 sed
1780 2185 1922 2228 prodest
1940 2185 2064 2219 utenti.
2117 2186 2269 2219 Antece-

1290 2237 1375 2268 dens
1397 2242 1446 2268 est
1469 2235 1691 2268 manifestum
1705 2261 1714 2275 ‚
1741 2235 1821 2279 quia
1839 2235 2031 2269 substantia
2051 2235 2269 2270 sacramenti

1290 2293 1360 2327 est,
1393 2298 1464 2319 esse
1493 2285 1744 2325 ceremoniam,
1778 2286 1814 2318 in
1837 2298 1904 2331 qua
1929 2283 2139 2320 exhibentur
2163 2286 2267 2320 nobis

1291 2337 1550 2380 promissiones.
1611 2335 1709 2369 Talis
1742 2343 1790 2369 est
1817 2348 1922 2370 coena
1952 2335 2108 2371 Domini.
2168 2336 2267 2375 Item,

1291 2386 1347 2420 hic
1369 2386 1528 2421 Christus
1556 2384 1693 2419 exbibet
1718 2387 1820 2420 nobis
1843 2398 1969 2431 corpus
1991 2393 2025 2420 et
2048 2386 2266 2430 sanguinem,

1289 2445 1327 2471 ut
1350 2437 1528 2481 propriam
1550 2437 1652 2469 fidem
1678 2437 1940 2476 confirmemus,
1968 2444 2001 2471 et
2022 2437 2170 2482 applicat
2192 2436 2266 2479 ipse

1289 2488 1391 2520 nobis
1415 2499 1474 2520 sua
1498 2488 1680 2520 beneficia:
1709 2499 1790 2530 ergo
1807 2500 1880 2520 non
1896 2496 1944 2523 est
1962 2499 2049 2532 opus
2064 2487 2142 2527 tale,
2169 2487 2266 2531 quod

1287 2550 1351 2572 nos
1370 2538 1542 2582 possimus
1558 2550 1620 2582 pro
1640 2538 1717 2571 aliis
1733 2539 1920 2582 applicare.

1391 2587 1524 2630 Quarta
1552 2588 1650 2622 ratio.
1706 2588 1870 2623 Idolatria
1894 2587 1993 2622 estin
2010 2585 2181 2627 Ecclesia,
2208 2587 2265 2619 in-

1287 2639 1428 2674 stituere
1450 2639 1582 2673 cultum
1606 2639 1853 2684 applicandum
1876 2650 1939 2684 pro
1964 2637 2059 2678 aliis,
2093 2637 2168 2670 sine
2190 2649 2265 2671 ma-
