2379 2948
864 119 910 156 11.

121 212 190 244 lem
213 209 334 244 multis
359 209 484 244 seculis
507 207 645 243 mansit.
699 206 852 251 Ideoque
869 204 1027 240 Galenus
1044 205 1102 245 ait,

123 269 207 296 tunc
233 273 307 293 non
343 262 490 304 scriptos
519 270 589 292 esse
616 258 726 291 libros
754 257 986 297 anatomicos,
1020 257 1102 301 quia

121 311 313 345 domestica
338 310 507 355 inspectio
531 309 648 343 fuerit.
700 307 823 341 Postea
838 307 1021 351 diligentia
1040 307 1101 340 illa

120 362 229 396 veteri
245 362 391 394 extincta
402 385 412 399 ‚
439 359 576 402 scriptis
591 369 679 403 opus
695 358 774 393 fuit.

120 128 166 161 21

961 117 1111 156 LIBER
1136 116 1206 155 DE
1232 117 1405 159 ANIMA.·

224 420 434 463 Quanquam
459 424 575 451 autem
600 417 781 450 doctrinae
805 414 909 450 huius
934 416 1124 460 amplituffi

121 471 240 504 dinem
265 468 448 512 complecti
471 479 693 513 nequaquam
722 479 927 511 possumus,
961 474 995 501 et
1017 464 1101 499 haec

123 521 265 565 propria
289 519 461 552 artificum
485 519 558 552 eius
578 518 714 561 generis
734 530 814 550 cura
832 529 903 551 esse
921 518 1042 557 debet,
1069 523 1102 549 et

122 577 212 604 extat
227 569 538 613 locupletissimum
555 579 643 613 opus
659 569 727 601 viri
746 568 950 612 peritissimi
968 567 1102 601 WVesa-

122 622 181 662 lii,
207 620 302 653 unde
319 619 409 652 sumi
425 619 583 653 doctrina
602 619 744 652 uberior
758 625 882 663 potest,
909 625 1027 652 tamen
1044 615 1102 650 bic

121 670 222 703 initia
242 671 411 714 quaedam
430 669 663 710 recitabimus,
686 681 775 715 quae
790 670 832 702 ad
853 669 1101 702 discernendas
1122 684 1129 694 v

121 720 294 765 potentias
309 727 341 753 et
358 721 510 753 actiones
526 721 675 753 maxime
693 719 884 752 neccssaria
903 726 994 754 sunt.
1031 717 1101 752 Ne-

121 782 213 804 cesse
234 777 284 804 est
299 771 392 803 enim
418 771 505 804 scire
522 771 626 803 aliam
653 771 768 803 sedem
786 781 857 803 esse
876 769 1101 812 cognitionis,

121 822 226 855 aliam
255 821 524 864 adpetitionum.
577 820 623 855 Et
656 832 744 865 quae
778 820 849 854 sint
882 819 1101 853 differentiae

120 872 379 912 membrorum,
414 883 502 915 quae
528 871 717 905 nutritioni
737 872 905 904 serviunt.
956 869 1101 903 Necesse

121 929 170 955 est
188 920 376 955 humorum
401 922 603 955 discrimina
625 928 751 955 tenere.
804 920 966 965 Denique
987 919 1102 952 mani-

121 973 345 1006 festissimum
370 979 438 1010 est,
467 985 540 1006 non
564 972 647 1006 solis
665 971 835 1013 Medicis,
860 973 918 1004 sed
938 971 1102 1004 omnibus

120 1020 328 1056 hominibus
357 1023 481 1056 utilem
518 1034 591 1056 esse
622 1023 834 1056 mediocrem
865 1021 1102 1065 cognitionem

122 1073 273 1118 partium
301 1073 477 1117 corporis,
519 1085 608 1119 quae
641 1074 685 1106 ad
718 1073 957 1107 valetudinem
1000 1078 1102 1105 tuen-

121 1125 223 1164 dam,
251 1125 293 1157 ad
313 1124 562 1157 medicationes
590 1131 623 1158 et
646 1125 689 1156 ad
713 1124 840 1157 multas
861 1122 1016 1156 eruditas
1031 1122 1103 1155 dis-

122 1174 322 1219 putationes
344 1174 589 1208 diiudicandas
614 1174 789 1208 conducit.

223 1231 327 1265 Prius
359 1239 474 1265 autem
502 1233 587 1266 foris
614 1232 854 1277 aspiciendum
887 1238 937 1265 est
966 1242 1104 1275 corpus.

123 1281 207 1314 Ideo
239 1282 385 1312 nomina
414 1283 566 1322 partium
601 1283 812 1316 exteriorum
841 1282 994 1315 recitabo
1029 1282 1104 1314 sine

124 1329 278 1375 physicis
307 1329 618 1372 descriptionibus,
658 1341 747 1373 quae
777 1333 952 1371 longiores
982 1338 1106 1365 essent.

123 1380 287 1414 Proderit
312 1386 427 1413 autem
444 1376 536 1419 ¹haec
552 1379 624 1423 ipsa
646 1378 898 1424 qualiscunque
916 1379 1106 1411 vocabulo-

125 1443 204 1464 rum
229 1429 470 1474 interpretatio
495 1430 537 1462 ad
559 1429 760 1474 sequentia,
787 1436 820 1463 et
843 1430 886 1463 ad
906 1429 1106 1473 intelligen-

124 1482 204 1514 dam
218 1480 404 1514 lectionem
424 1480 462 1513 in
479 1480 600 1514 multis
617 1480 765 1524 scriptis.

128 1603 311 1639 Vocabula
326 1606 500 1649 partium
517 1606 677 1649 corporis
691 1602 846 1639 humani
864 1605 1106 1638 exteriorum.

226 1677 339 1719 Cutis,
363 1676 491 1724 δέρμα.
526 1678 568 1712 In
583 1676 727 1712 homine
743 1679 787 1712 ab
801 1676 997 1723 Herophilo
1016 1677 1108 1712 dicta

128 1727 334 1774 ἄνθρωπὴ,
362 1731 462 1774 quasi
487 1730 590 1764 vestis
616 1737 665 1763 est
683 1730 858 1773 corporis,
884 1736 1031 1762 naturae
1054 1729 1108 1761 vi-

127 1780 206 1813 cina
231 1785 265 1812 et
293 1780 389 1812 carni
412 1786 445 1813 et
472 1781 608 1821 nervis,
637 1787 670 1814 et
693 1780 791 1825 quasi
815 1791 944 1814 nervus
961 1786 1012 1813 est
1028 1790 1108 1813 san-

127 1829 232 1873 guine
254 1830 442 1873 praeditus.

230 1887 346 1932 Supra
377 1894 491 1922 cutem
531 1888 598 1921 alia
632 1888 775 1922 tenuior
808 1888 1006 1933 superficies
1041 1894 1109 1928 est,

129 1950 235 1985 quam
259 1945 386 1972 vocant
413 1936 648 1984 ἒπιὸερμίδα,
681 1939 809 1973 usitate
835 1939 1022 1973 cuticulam
1047 1951 1110 1971 vo-

129 1996 220 2024 cant.
272 1988 320 2023 Et
340 1996 389 2023 est
414 1989 598 2031 exanguis,
640 2001 679 2023 ac
708 1990 747 2023 in
781 2002 856 2023 eam
886 1989 1110 2024 tenuissimae

128 2040 237 2074 fibrae
253 2051 433 2081 venarum,
451 2041 658 2074 arteriarum
676 2047 709 2074 et
726 2052 915 2074 nervorum
933 2040 1110 2073 desinunt.

232 2106 332 2141 Intus
350 2108 415 2140 sub
442 2115 520 2140 cute
543 2115 593 2142 est
613 2109 817 2141 membrana
841 2119 983 2147 carnea,
1011 2104 1111 2151 ἱῖμην

132 2154 340 2203 σαρκώδης,
374 2158 584 2202 panniculus
616 2159 765 2192 crassior
793 2166 826 2193 et
848 2158 1027 2192 robustior
1051 2169 1112 2201 per

133 2215 244 2242 totum
261 2220 386 2253 corpus
404 2220 562 2252 sparsus,
589 2208 647 2243 cui
669 2207 860 2243 adhaerent
882 2208 1051 2249 musculi,
1079 2214 1113 2241 et

132 2270 195 2303 per
227 2270 329 2303 quem
362 2259 399 2291 in
428 2265 543 2293 cutem
573 2260 862 2294 transmittuntur
889 2259 1112 2293 tenuissimae

132 2309 280 2343 arteriae
305 2315 338 2343 et
358 2321 546 2344 nervorum
569 2311 797 2356 propagines,
823 2311 952 2356 quibus
970 2309 1041 2343 cuti
1061 2309 1112 2343 al-

132 2360 275 2403 ligatur.

235 2417 332 2451 Inter
349 2415 441 2452 hanc
455 2420 696 2454 membranam
713 2427 746 2454 et
763 2427 876 2455 cutem
897 2426 948 2454 est
966 2419 1114 2464 pingue-

135 2471 181 2503 do
204 2469 243 2502 in
268 2466 430 2509 homine,
464 2482 551 2514 quae
582 2471 788 2505 nominatur
809 2472 934 2516 adeps,
970 2468 1113 2515 πιμελὴ.

135 2519 225 2554 Nam
241 2531 281 2553 ex
296 2520 395 2552 venis
413 2526 446 2554 et
461 2521 596 2554 arteriis
612 2523 738 2556 exudat
751 2523 905 2565 sanguis,
928 2522 990 2567 qui
1004 2533 1116 2555 mem—

135 2571 265 2604 branae
290 2570 481 2614 frigiditate
510 2577 542 2604 et
567 2571 691 2605 caloris
712 2573 832 2617 inopia
856 2574 894 2606 in
915 2570 1006 2606 hanc
1032 2572 1115 2617 pin-

138 2621 324 2664 guedinem
347 2621 515 2660 vertitur,
543 2632 631 2666 quae
655 2623 798 2667 quidem
816 2630 848 2659 et
863 2623 1042 2659 moderate
1059 2634 1117 2659 ca-

138 2671 269 2713 lefacit,
296 2678 330 2706 et
344 2679 458 2707 aestus
474 2672 618 2716 mitigat.

1125 591 1129 614 1

1126 664 1128 681 l

2091 122 2139 157 22

1255 202 1483 251 Περιόστεον
1510 206 1713 240 membrana
1744 204 1881 239 ossibus
1912 205 2132 245 circundata,

1154 267 1344 289 nervorum
1388 257 1558 300 implicita
1593 257 1759 297 surculis,
1810 268 1854 289 ne
1889 268 2008 291 sensus
2045 258 2133 291 desit

1154 307 1302 340 ossibus·

1254 356 1380 400 Caput,
1402 353 1554 402 κεφαλὴ.

1257 406 1384 440 vertex
1402 417 1577 439 summum
1594 405 1736 449 capitis,
1761 405 1918 453 κορυφὴ.

1255 456 1437 502 Sinciput‚
1463 457 1559 502 quod
1583 467 1603 489 a
1628 457 1755 490 vertice
1778 458 1815 489 in
1842 458 1992 491 frontem
2010 458 2132 502 vergit,

1153 505 1312 555 (395721ca.

1257 556 1410 601 Occiput
1440 557 1613 602 posterior
1636 567 1716 600 pars
1744 567 1764 589 a
1787 556 1915 589 vertice
1946 557 1991 590 ad
2021 558 2132 592 cervi-

1153 621 1244 651 cem,
1270 606 1376 643 ἰνίον.

1255 659 1415 693 Calvaria
1432 654 1597 703 κράνιον,
1622 669 1640 690 a
1656 652 1791 703 κράνος
1810 656 1917 699 galea.

1254 705 1523 754 ΙΙερικράνιον,
1550 709 1755 741 membrana
1772 707 1960 739 calvariam
1977 714 2106 750 tegens.

1256 757 1418 806 Κόγχος,
1442 759 1589 798 cavitas,
1612 770 1700 803 quae
1720 763 1769 790 est
1786 758 1882 790 sedes
1899 758 2095 792 oculorum.

1255 807 1393 853 Κύτος,
1422 809 1551 843 cavitas
1568 809 1716 843 interior
1733 808 1914 843 calvariae.

1250 857 1427 907 Σκάφιον
1451 860 1559 893 idem.

1255 911 1369 944 Frons
1380 937 1388 953 ,
1406 909 1589 955 μέτωπον.

1256 959 1448 1001 Στολίδες,
1472 961 1585 993 lineae
1603 965 1782 1004 caperatae
1803 958 1941 992 frontis.

1255 1011 1387 1052 Facies,
1413 1007 1623 1057 πρόσωπον.

1255 1061 1347 1096 Bina
1364 1069 1539 1105 tempora,
1563 1057 1755 1105 κροταφοὶ.

1258 1112 1452 1156 Supercilia
1475 1112 1539 1155 pili
1560 1122 1663 1154 supra
1681 1110 1820 1148 oculos,
1850 1109 1995 1155 ὅφρυες.

1259 1161 1489 1196 Intervallum
1507 1163 1598 1194 inter
1618 1161 1822 1203 supercilia,
1847 1158 2075 1207 μεσόφρυον.

1261 1212 1388 1253 OculI‚
1415 1212 1626 1258 ὄφθαλμοι,
1654 1209 1816 1254 Enattara,

1257 1262 1449 1307 Palpebrae
1461 1290 1469 1302 ,
1497 1263 1634 1295 tunicae
1650 1273 1737 1304 quae
1755 1267 1875 1303 tegunt
1891 1260 2028 1301 oculos,
2054 1257 2138 1304 βλέ-

1158 1324 1273 1359 φαρα,
1302 1314 1400 1358 quasi
1417 1310 1535 1360 φάρος
1549 1314 1616 1343 τοῦ
1633 1309 1843 1353 βλέποντος,
1872 1310 1990 1342 tunica
2005 1311 2113 1343 oculi.

1259 1369 1368 1407 Citia,
1393 1369 1641 1411 palpebrarum
1655 1365 1738 1409 pili,
1766 1365 1838 1398 nati
1856 1365 1893 1398 in
1911 1365 2039 1399 tunicis
2058 1367 2140 1408 illis,

1158 1429 1247 1463 quae
1278 1424 1399 1460 tegunt
1425 1417 1563 1457 oculos,
1595 1412 1835 1461 χ’ἆλεφαρίδες,
1870 1428 2019 1460 quarum
2056 1428 2140 1450 usus

1159 1475 1228 1509 est,
1255 1474 1293 1502 ut
1308 1468 1426 1502 radios
1443 1479 1503 1501 seu
1525 1467 1670 1511 spiritus
1685 1466 1814 1499 visivos
1828 1466 1992 1510 dirigant.
2046 1466 2138 1500 Nam

1159 1516 1213 1552 his
1236 1519 1371 1552 amissis
1397 1526 1457 1554 aut
1478 1518 1636 1558 retortis,
1669 1517 1763 1550 ocuti
1786 1528 1860 1550 non
1881 1523 2027 1562 possunt
2046 1524 2138 1551 recte

1159 1570 1367 1614 prospicere.

1260 1627 1421 1672 Pupilla,
1443 1622 1555 1672 κόρη,
1582 1638 1656 1659 non
1672 1632 1722 1659 est
1737 1622 1885 1667 humor,
1911 1637 1981 1671 quo
1997 1625 2141 1669 proprie

1161 1678 1330 1719 videmus,
1356 1679 1416 1712 sed
1433 1678 1589 1711 foramen
1605 1683 1655 1711 est
1669 1688 1777 1711 uveae
1793 1676 1942 1717 tunicae,
1969 1687 2031 1721 per
2045 1678 2142 1721 quod

1161 1735 1340 1774 permeant
1357 1728 1487 1773 species
1501 1727 1668 1761 visibiles.

1263 1786 1330 1821 Iris
1347 1794 1397 1821 est
1419 1786 1571 1820 circulus
1597 1786 1636 1818 in
1659 1796 1766 1826 uvea,
1793 1784 1855 1830 qui
1872 1785 2031 1819 foramen
2050 1785 2141 1819 illud

1161 1839 1290 1880 ambit,
1316 1838 1429 1871 dictus
1447 1849 1465 1870 a
1483 1836 1683 1870 diversitate
1701 1835 1871 1871 colorum.

1263 1897 1425 1940 AlbugO,
1451 1891 1657 1941 σφενδόνη,
1686 1900 1719 1928 et
1734 1891 1874 1928 λευκὸν.

1263 1955 1399 1999 Anguli
1425 1955 1611 1988 oculorum
1643 1965 1764 1987 versus
1795 1965 1920 1987 nasum
1957 1961 1990 1989 et
2021 1966 2140 1988 versus

1163 2015 1336 2051 tempora,
1362 2003 1510 2040 κάνθοι.

1259 2063 1452 2111 Ῥαντῆρες
1475 2071 1509 2099 et
1531 2061 1663 2112 πηγαὶ,
1690 2063 1725 2096 id
1749 2069 1818 2103 est,
1844 2064 2070 2106 scaturigines
2087 2075 2143 2097 ca-

1163 2117 1331 2151 runculae
1348 2116 1387 2148 in
1403 2116 1531 2159 angulo
1548 2115 1642 2149 oculi
1655 2125 1774 2147 versus
1792 2125 1927 2154 nasum,
1953 2114 2014 2148 ubi
2029 2115 2142 2160 lacry-

1163 2180 1239 2202 mae
1256 2173 1465 2211 erumpunt,
1493 2178 1513 2199 a
1526 2166 1635 2200 verbo
1650 2162 1765 2210 ῥαίνω
1780 2175 1936 2208 aspergo·

1266 2217 1394 2258 Auris,
1423 2212 1498 2255 οὖς.

1267 2268 1438 2302 Auricula
1456 2267 1606 2312 orieplin,
1630 2262 1768 2310 λόβιον.

1267 2315 1491 2366 Πτερύγιον,
1515 2317 1713 2352 extremitas
1726 2314 1822 2347 auris
1839 2314 2011 2359 superior,
2037 2326 2142 2360 supra

1166 2366 1305 2417 λόβιον.
1357 2369 1572 2403 Nominatur
1591 2374 1623 2401 et
1637 2361 1858 2409 ἀντιλόβιον.

1268 2419 1408 2455 Cavitas
1433 2421 1472 2453 in
1494 2419 1656 2456 auribus,
1682 2412 1852 2463 κόγχιον,
1881 2427 1941 2450 seu
1959 2412 2110 2463 σκάφος.

1268 2471 1464 2511 Foramm,
1487 2466 1598 2516 πόρος
1617 2464 1842 2505 ἅκουστικός.

1267 2522 1401 2563 Nasus,
1425 2519 1489 2566 ῥίς.

1268 2572 1456 2607 Foramina
1478 2569 1574 2612 nasi,
1598 2570 1798 2615 μυκτῆρες,
1821 2568 1916 2602 unde
1934 2568 2088 2603 verbum*
2097 2575 2147 2602 est

1167 2621 1423 2670 μυκτηρίζειν,
1458 2623 1693 2662 subsannare,
1727 2620 1809 2666 quia
1835 2626 1933 2664 gestu
1954 2619 2092 2654 narium
2109 2618 2147 2653 fit

1169 2674 1408 2710 subsannatio.
1522 2720 1541 2738 ᾖ
