2379 2948
210 121 279 156 187

211 206 291 250 quia
310 216 381 237 non
396 211 477 236 sunt
493 203 642 236 obnoxia
662 199 875 244 generationi
901 205 932 232 et
955 198 1185 242 corruptioni,

213 257 299 289 sicut
325 255 447 293 mixta,
476 255 587 286 dicam
614 254 655 284 de
680 250 912 292 generationv.
966 249 1107 282 Certum
1126 255 1185 285 est,

215 319 286 339 nou
312 305 479 338 confundi
512 302 659 346 species,
694 312 765 332 non
796 300 890 343 gigni
917 302 1042 333 bovem
1067 312 1105 332 ex
1130 310 1186 330 ar-

216 357 319 394 bore,
353 355 413 386 sed
438 353 611 396 quaelibet
637 357 761 384 natura
792 350 925 395 aliquid
957 362 1037 383 suae
1062 348 1187 394 speciei

215 416 403 450 propagare
421 404 517 434 solet.
571 401 705 434 Deinde
723 408 853 434 certum
872 412 942 433 esse
961 410 1187 432 numerorum

215 457 393 491 ordinem⁷
420 459 450 484 et
467 463 586 483 corum
606 451 862 495 progressiones
887 458 918 483 et
944 450 1188 494 proportiones

218 504 436 536 manill-stum
460 509 527 541 est,
561 509 734 544 praeterea
763 502 798 534 in
825 501 1017 533 nutritione
1043 504 1189 535 constat,

217 562 377 587 naturam
403 559 433 584 et
457 563 510 584 res
537 552 730 584 nutrientes
756 558 883 591 certas,
912 558 944 584 et
968 551 1111 583 modum
1134 560 1189 581 re-

218 604 368 648 quirere.
398 601 576 634 Postremo
596 603 629 634 in
648 602 846 640 curatione,
875 602 982 633 multa
1000 607 1089 632 certa
1109 609 1190 637 esse,

217 653 439 686 manifestum
459 659 520 686 est.
562 652 599 684 Si
619 652 758 694 corpori
784 651 1000 683 inflammato
1024 649 1192 687 febribus,

217 704 359 746 insuper
393 703 512 734 vinum
547 702 701 740 dederis,
725 701 833 743 magis
858 702 1032 733 accendes
1095 698 1191 730 Haec

216 764 314 786 causa
334 759 520 795 comparet.
575 751 619 784 Et
636 752 805 794 principia
824 764 902 783 vera
921 752 1120 789 traduntur,
1146 748 1192 780 si-

219 804 314 835 milia
342 802 458 844 augeri
491 802 683 833 accessione
715 802 904 841 similium,
945 808 977 834 et
1007 798 1193 833 contrariis

217 853 389 887 contraria
407 852 559 883 curanda
580 863 661 884 esse.

318 910 427 952 Saepe
449 909 551 941 etiam
571 921 649 942 cum
674 920 794 942 causae
821 921 892 941 non
922 907 1195 952 perspiciuntur,
1221 924 1222 958 ξ

218 969 334 994 tamen
361 966 504 991 eventus
531 959 704 992 manifesti
731 966 810 991 sunt
826 987 833 995 ,
864 965 902 991 ut
926 970 999 991 non
1024 958 1196 996 videmus,
1221 962 1222 966 ’

218 1022 279 1042 cur
304 1009 453 1042 Paeonia
485 1010 592 1052 prosit
622 1011 788 1042 adversus
817 1009 1055 1048 Comitialem,
1089 1013 1123 1040 at
1147 1006 1196 1038 ef-

218 1061 329 1093 fectus
355 1067 469 1092 tamen
494 1066 597 1092 ”Otus
623 1067 689 1099 ⁰⁵¹,
712 1072 749 1092 ὃς
772 1065 990 1102 compertum
1017 1065 1084 1095 ⁸⁵¹³
1120 1068 1194 1088 eam
1249 1064 1649 1109 legissetAnaxagot-am,
1669 1066 1729 1110 qui
1746 1066 1877 1099 dixerat
1896 1073 2004 1099 totum
2023 1064 2087 1099 hoc
2102 1064 2229 1098 mundi

217 1123 336 1143 arcere
362 1110 573 1142 comitialem
608 1110 782 1141 morbum.
844 1108 945 1141 Talia
969 1108 1077 1140 multa
1103 1112 1196 1141 sunt.

219 1160 377 1193 Galenus
395 1166 514 1191 narrat
543 1170 620 1190 casu
645 1159 830 1198 accidisse,
857 1164 893 1190 ut
921 1170 998 1190 cum
1025 1157 1198 1189 bibissent

218 1210 331 1253 aliqui
351 1209 469 1240 vinum
483 1235 490 1245 ,
520 1209 554 1240 in
573 1221 641 1252 quo
670 1206 839 1240 echidnae
857 1215 995 1241 necatae
1011 1214 1127 1247 erant,
1155 1206 1198 1239 li-

219 1259 328 1292 berati
363 1259 431 1292 sint
459 1256 708 1301 elephantiasi,
741 1271 799 1291 seu
823 1259 930 1301 lepra.
983 1256 1070 1290 Eius
1093 1268 1199 1289 even-

219 1317 273 1342 tus
291 1309 457 1351 exempla,
485 1321 564 1340 cum
582 1309 715 1352 aliquot
732 1315 907 1352 comperta
928 1314 1053 1346 essent,
1082 1313 1199 1351 postea

219 1361 252 1391 id
272 1359 463 1391 remedium
482 1371 542 1401 pro
559 1366 655 1391 certo
678 1366 854 1402 receptum
874 1365 935 1392 est.

320 1416 478 1458 Corpora
496 1416 619 1448 mundi
646 1416 692 1448 ita
710 1416 881 1448 divinitus
907 1417 943 1447 in
962 1423 1086 1448 natura
1103 1415 1200 1447 ordi-
1225 1433 1226 1438 =

220 1473 298 1499 nata
317 1473 409 1502 sunt,
439 1471 475 1498 ut
494 1463 714 1505 cohaereant,
733 1477 774 1497 ne
793 1478 860 1509 qua
878 1466 921 1498 sit
940 1465 1105 1499 vacuitas,
1132 1463 1200 1497 Hic

220 1517 306 1549 ordo
339 1523 376 1549 ut
408 1521 582 1554 servetur,
616 1526 719 1558 grave
753 1527 891 1548 sursum
926 1515 1100 1554 ascendit,
1141 1522 1201 1548 aut

220 1566 377 1599 consistit
394 1565 491 1598 nulla
509 1577 545 1597 re
563 1565 709 1598 inferius
733 1572 968 1605 sustentante,
996 1572 1035 1598 ut
1059 1577 1148 1609 aqua
1163 1565 1201 1596 in

221 1617 367 1649 vasculis
390 1615 572 1659 perforatis
590 1616 769 1649 obstructo
788 1627 937 1659 superne
963 1615 1107 1650 orificio.

322 1674 518 1707 Fatendum
537 1681 585 1707 est
602 1674 709 1716 igitur
726 1675 834 1707 multa
855 1686 925 1707 esse
943 1681 1045 1714 certa,
1067 1674 1202 1707 etiamsi
1227 1678 1228 1682 ’

223 1738 292 1758 non
311 1736 433 1757 omnes
452 1731 595 1757 naturae
619 1731 731 1767 partes
747 1725 995 1767 pervestigatae
1025 1731 1117 1759 sunt.

324 1782 373 1816 Ac
387 1794 449 1814 nos
465 1783 660 1815 confirmati
676 1783 885 1815 testimoniis
903 1783 1058 1815 coelestis
1069 1782 1202 1815 doctri-

223 1845 287 1865 nae
313 1833 531 1865 constantius
554 1834 597 1865 de
625 1833 836 1866 certitudine
863 1833 1096 1877 pronunciare
1122 1844 1202 1876 pos-
1227 1845 1228 1850 ¹

404 1882 541 1915 Scimus
564 1882 677 1915 Deum
704 1895 775 1915 esse
801 1890 955 1917 autorem
981 1890 1144 1922 naturae,
1170 1890 1203 1916 et
1226 1895 1228 1911 ε

224 1933 407 1965 tradidisse
432 1933 560 1964 multas
593 1933 853 1972 ordinationes,
888 1946 973 1978 quas
996 1933 1070 1966 vult
1100 1934 1202 1966 nobis
1227 1929 1228 1951 3

223 1894 352 1916 sumus.

225 1990 333 2015 certas
357 1994 445 2017 esse.
482 1990 519 2015 ut
542 1983 797 2024 generationis,
826 1985 1048 2023 nutritionis,
1078 1996 1202 2016 nume-

224 2044 363 2072 rorum,
391 2032 499 2071 vitae,
528 2032 660 2071 mortis,
689 2039 721 2065 et
739 2033 928 2066 multorum
948 2041 1107 2067 motuum
1125 2046 1202 2066 cor·

226 2083 337 2125 poris,
366 2081 492 2125 quibus
517 2079 701 2114 detrahere
729 2083 994 2124 certitudinem,
1021 2090 1070 2117 est
1089 2082 1202 2116 Deum

224 2132 437 2166 contumelia
461 2132 616 2165 adficere.

325 2189 370 2223 Et
388 2191 502 2234 qualis
520 2191 618 2223 furor
634 2198 719 2224 esset
735 2191 848 2223 dicere
876 2204 946 2223 non
970 2203 1041 2224 esse
1058 2200 1203 2230 certum,
1227 2198 1228 2213 ³

225 2253 269 2273 an
287 2239 390 2273 homo
411 2242 535 2280 edens,
562 2241 704 2281 bibens,
732 2242 899 2286 loquens,
928 2248 959 2274 et
983 2243 1100 2275 onmia
1126 2243 1203 2275 osfi-
1227 2257 1229 2265 ¹

226 2291 276 2323 cia
301 2288 456 2323 bominis
480 2291 551 2322 vivi
575 2291 721 2330 faciens,
749 2292 858 2332 vivat,
892 2299 949 2325 aut
976 2304 1020 2324 an
1047 2292 1204 2337 Pompeii
1227 2292 1229 2303 ¹

227 2348 369 2373 truncus
411 2342 564 2384 praeciso
609 2341 720 2384 capite
765 2342 877 2374 iacens
915 2342 949 2374 in
993 2342 1114 2382 litore,
1160 2344 1202 2377 sit

231 2398 400 2425 mortuus.

326 2445 544 2489 Explodatur
570 2460 649 2491 ergo
669 2449 727 2481 illa
748 2448 1028 2494 Pyrrlioniorum
1051 2457 1082 2483 et
1105 2451 1203 2483 simi-

227 2497 312 2529 lium
331 2497 503 2530 dubitatio
516 2523 524 2539 ,
553 2506 585 2531 et
602 2507 826 2542 opponantur
850 2513 927 2534 cum
947 2500 1083 2542 regulae
1102 2501 1203 2533 certi-

227 2596 370 2637 rientia,
410 2604 483 2629 tum
516 2609 595 2630 vero
629 2599 729 2631 etiam
760 2601 997 2635 testimonium
1024 2602 1203 2635 doctrinae

228 2647 384 2680 coelestis
412 2654 445 2680 et
471 2648 629 2681 voluntas
647 2648 722 2682 Dei.

443 115 649 154 SCRIPTA
676 117 750 151 PH.
778 114 892 153 MEL.
918 112 983 148 AD
1010 112 1136 151 HIST.
1163 111 1308 150 PROF.
1334 111 1400 149 ET
1427 111 1617 150 PHILOS.
1644 112 1964 153 SPECTANT1A;

1223 1181 1224 1189 ¹
1252 1166 1339 1200 trice
1368 1166 1417 1198 sic
1451 1165 1677 1198 distributum
1706 1173 1738 1199 et
1767 1167 1948 1200 conditum
1976 1177 2058 1201 esse.

1223 1249 1225 1257 ,
1252 1216 1344 1249 enim
1359 1214 1586 1258 Anaxagorae
1605 1213 1688 1248 haec
1706 1222 1803 1248 sunt:
1833 1219 1918 1253 νοῦς
1943 1216 2039 1249 ἔστιν
2064 1213 2082 1248 ὃ
2106 1212 2232 1248 διακο-

2135 115 2208 151 188

1338 199 1409 232 Noc
1442 200 1501 232 illa
1532 199 1690 232 Platonis·
1734 199 1954 234 cavillatione
1998 212 2212 239 moveamur,

1239 250 1327 293 apud
1354 262 1456 293 quem
1482 249 1641 283 Socrates
1666 250 1799 293 inquit,
1824 261 1859 282 se
1878 263 2015 295 quoque
2032 251 2213 283 ardentem

1239 300 1427 342 cupiditate
1474 300 1691 343 aspiciendae
1736 307 1878 332 naturae
1914 301 2014 332 avide
2047 301 2212 333 didicisse

1240 346 1380 394 physica
1409 350 1602 389 iuniorem,
1640 351 1698 382 sed
1721 362 1759 382 ex
1786 348 1839 382 his
1866 347 1932 382 hoc
1956 361 1990 381 se
2013 350 2214 384 adsecutum

1241 410 1331 439 esse,
1356 405 1394 432 ut
1411 411 1498 444 quae
1514 407 1613 431 antea
1630 401 1755 432 sciehat
1769 427 1778 439 ,
1805 412 1842 432 ac
1860 399 2050 433 certissima
2073 411 2143 435 esse
2162 400 2215 432 iu-

1213 480 1215 488 ,
1242 449 1398 488 dicabat,
1426 455 1541 492 postea
1561 450 1654 481 velut
1679 450 1878 492 effugientia
1898 462 1914 482 e
1933 449 2113 490 manibus,
2140 449 2217 482 ani-

1242 499 1320 531 mad
1327 499 1468 532 verterit
1483 510 1555 531 esse
1582 499 1723 535 incerta.

1344 556 1419 589 Hoc
1431 556 1583 590 Socratis
1602 557 1733 591 dictum
1752 570 1823 590 non
1839 559 2068 590 transferatur
2085 558 2126 590 ad
2143 567 2219 588 om-

1245 606 1315 639 nia.
1371 606 1438 639 Nec
1456 607 1492 638 in
1517 606 1720 639 universum
1741 608 1884 640 tollatur
1908 609 2090 641 certitudo.
2142 604 2220 639 Etsi

1246 657 1337 689 enim
1362 667 1462 699 saepe
1488 656 1632 696 accidit,
1661 664 1698 689 ut
1726 655 1886 690 homines
1911 665 1983 691 tum
2009 657 2120 696 dmti,
2147 663 2222 689 tum

1246 707 1378 739 indocti
1407 706 1647 739 adsentiantur
1679 707 1836 747 incertis,
1875 720 1982 752 eaque
2007 707 2221 751 amplectan-

1247 764 1304 790 tur
1332 763 1498 801 tanquam
1534 763 1644 796 certa,
1679 758 1721 789 de
1745 757 1873 800 quibus
1900 765 2014 801 postea
2043 769 2139 790 error
2161 758 2223 788 de-

1247 805 1496 851 prehenditur,
1523 813 1638 840 tamen
1658 807 1796 840 interim
1821 819 1892 840 non
1914 815 1995 841 sunt
2020 807 2137 840 omnia
2168 806 2223 837 in-

1251 865 1354 891 certa.

1349 913 1395 949 Et
1414 916 1449 947 in
1468 927 1507 948 eo
1527 915 1602 947 loco
1621 915 1779 949 Socrates
1797 916 1878 949 satis
1901 916 2054 958 graviter
2073 913 2225 948 ostendit

1249 967 1333 1011 quid
1361 966 1455 999 velit.
1510 966 1570 999 Ait
1596 978 1630 998 se
1653 966 1863 1010 quaesivisse
1886 978 1958 998 non
1982 972 2118 999 tantum
2145 976 2227 1009 pro-

1250 1017 1397 1060 pinquas
1415 1028 1553 1055 causas,
1580 1017 1638 1048 sed
1666 1016 1813 1059 primam
1832 1023 1865 1049 et
1884 1017 2123 1060 praecipuam,
2149 1026 2228 1047 cum

1252 1123 1285 1149 et
1305 1122 1448 1148 naturae
1465 1116 1642 1159 opificium
1661 1118 1704 1148 ab
1722 1123 1860 1149 aeterna
1883 1123 1998 1149 mente
2022 1113 2229 1149 architecta—

2112 1164 2228 1197 Verba

1254 1268 1359 1310 σμῶν
1380 1278 1416 1298 τε
1442 1263 1503 1299 καὶ
1522 1262 1683 1305 minant
1700 1266 1823 1304 αἴτιος.
1878 1265 1976 1298 Hanc
1995 1276 2131 1298 causam
2150 1263 2231 1308 quia

1252 1329 1324 1349 non
1357 1316 1507 1359 potuerit
1534 1317 1677 1359 propius
1707 1316 1859 1356 aspicere
1884 1323 1915 1347 et
1940 1315 2117 1351 contueri,
2158 1325 2230 1346 non

1253 1366 1406 1410 potuisse
1423 1366 1639 1408 acquiescere
1656 1364 1812 1397 animum
1830 1375 1931 1397 suum
1950 1364 2120 1408 queritur.
2172 1362 2232 1395 In-

1253 1417 1354 1448 terim
1380 1426 1451 1446 non
1485 1420 1585 1456 negat
1611 1415 1653 1446 de
1681 1414 1842 1447 secundis
1871 1414 1982 1447 causis
2007 1413 2135 1447 multas
2161 1424 2232 1445 esse

1226 1492 1227 1495 ,
1254 1471 1364 1498 certas
1386 1464 1653 1507 propositiones.

1358 1521 1426 1555 Sed
1460 1533 1581 1553 verum
1607 1528 1657 1554 est
1682 1521 1883 1555 aviditatem
1910 1519 2085 1554 humanae
2109 1521 2235 1555 mentis

1225 1587 1227 1608 1,
1254 1583 1420 1616 quaerere
1439 1572 1587 1614 primam
1607 1583 1763 1612 causam,
1790 1572 1859 1604 imo
1886 1569 1968 1604 haec
1993 1572 2113 1614 ingens
2130 1577 2234 1604 natu-

1255 1633 1312 1655 rae
1330 1622 1493 1661 varietas,
1523 1621 1600 1654 ideo
1620 1622 1795 1665 proposita
1813 1629 1861 1655 est
1878 1622 2006 1663 oculis,
2033 1629 2072 1655 nt
2088 1628 2232 1654 naturae

1254 1672 1414 1716 opificem
1435 1670 1546 1704 Deum
1568 1684 1785 1716 quaeramus.
1838 1670 1883 1705 Et
1910 1679 1992 1705 tunc
2014 1683 2092 1705 cum
2118 1672 2234 1715 ipsum

1226 1744 1228 1762 ς
1255 1734 1370 1755 coram
1390 1733 1591 1759 cernemus,
1621 1729 1780 1755 naturam
1802 1734 1917 1755 rerum
1942 1723 2073 1765 integre
2099 1722 2233 1755 intelli-

1256 1784 1388 1815 gemus,
1444 1771 1577 1804 Interea
1605 1784 1641 1805 ea
1661 1779 1860 1812 teneamus,
1887 1785 1975 1817 quae
2001 1772 2104 1806 nobis
2130 1772 2234 1805 certis

1255 1822 1465 1855 testimoniis
1492 1823 1534 1854 de
1561 1834 1621 1855 sua
1648 1830 1771 1856 natura
1797 1830 1830 1856 et
1855 1823 2035 1856 voluntate
2054 1821 2148 1855 Deus
2165 1829 2235 1855 tra-

1255 1873 1364 1912 didit,
1393 1884 1542 1917 quorum
1569 1873 1720 1916 cognitio
1742 1880 1774 1906 et
1794 1874 1865 1916 ipsa
1892 1874 2043 1905 multum
2069 1872 2156 1905 lucis
2173 1872 2235 1904 ad—

1256 1925 1314 1957 det
1331 1923 1508 1967 plerisque
1526 1923 1826 1965 disputationibus
1845 1920 2007 1967 physicis.

1357 1980 1464 2014 'Multi
1495 1988 1577 2014 sunt
1607 1981 1800 2014 multorum
1836 1992 1992 2021 errores,
2030 1978 2234 2013 Aristoteles

1227 2070 1229 2079 ‚
1256 2043 1381 2064 nervos
1397 2031 1482 2064 oriri
1499 2043 1516 2064 a
1536 2031 1640 2063 corde
1659 2032 1822 2075 putabat,
1851 2042 1938 2075 quos
1954 2043 1971 2063 a
1990 2031 2132 2065 cerebro
2148 2031 2235 2063 oriri

1255 2082 1317 2115 alii
1338 2079 1656 2125 deprehenderunt.

1357 2140 1456 2173 Plato
1492 2140 1618 2185 inquit,
1643 2147 1711 2172 tres
1737 2138 1918 2179 humores,
1946 2139 2052 2172 bilem
2082 2140 2236 2180 rubram,

1257 2191 1362 2224 bilem
1389 2198 1498 2224 atram
1525 2198 1556 2224 et
1582 2189 1763 2234 phlegma,
1791 2201 1864 2222 non
1890 2191 2085 2223 conducere
2103 2191 2145 2223 ad
2167 2201 2235 2223 nu-

1257 2242 1456 2282 tritionem,
1497 2243 1554 2274 sed
1588 2241 1801 2284 corruptelas
1832 2251 1904 2272 esse
1937 2240 2127 2282 sanguinis.
2188 2237 2235 2273 At

1256 2292 1315 2324 alii
1333 2292 1535 2335 diligentius
1551 2291 1755 2325 discernunt
1773 2290 1876 2324 utiles
1900 2288 2064 2324 humores
2084 2296 2233 2335 quatuor

1228 2378 1229 2383 ¹
1257 2354 1274 2375 a
1294 2342 1438 2378 vitiosis.

1227 2388 1229 2399 Ι

1359 2399 1408 2433 lta
1426 2401 1552 2444 passim
1569 2399 1676 2432 multa
1696 2406 1777 2432 sunt
1802 2399 1993 2431 multorum
2020 2403 2148 2437 errata,
2172 2407 2234 2429 ne-

1227 2477 1228 2483 ,
1257 2463 1324 2496 que
1341 2451 1532 2496 quidquam
1551 2448 1688 2482 homini
1713 2449 1874 2483 usitatius
1901 2456 1949 2482 est
1976 2448 2009 2479 in
2035 2445 2099 2480 hac
2122 2447 2233 2480 imbe-

1227 2539 1229 2544 .
1257 2502 1418 2541 cillitate,
1446 2512 1548 2545 quam
1565 2500 1657 2540 labi,
1685 2499 1810 2543 decipi,
1838 2497 2059 2543 hallucinari.

228 2546 377 2587 tudinis,
406 2558 489 2591 quas
505 2548 595 2587 dixi,
625 2550 796 2592 principia
822 2557 854 2583 et
872 2551 1080 2584 universalis
1102 2563 1203 2595 expe-
1226 2545 1229 2555 ⁴

2113 2495 2234 2530 Manet

1257 2558 1370 2584 tamen
1388 2551 1519 2585 interea
1537 2551 1728 2583 multarum
1755 2549 2034 2594 propositionum
2062 2547 2232 2581 certitudo

1257 2602 1427 2635 divinitus
1453 2601 1666 2633 confirmata.
1729 2600 1814 2633 Vult
1836 2598 1932 2632 Deus
1956 2598 2051 2631 aliud
2080 2608 2153 2631 esse
2179 2597 2233 2629 vi-

1258 2659 1345 2690 tam,
1375 2652 1470 2685 aliud
1496 2658 1661 2692 mortem,
1691 2651 1766 2684 vult
1791 2649 1978 2682 discrimen
2006 2655 2135 2682 certum
2159 2658 2231 2680 esse
