2379 2948
237 95 332 130 1599

828 89 953 126 PHIL.
980 87 1096 126 MEL.
1123 86 1330 125 SCRIPTA
1355 84 1654 122 EXEGETICA.

2158 87 2254 124 1400

236 190 352 212 coram
376 177 551 219 Domino,
580 178 614 210 id
640 183 708 216 est,
734 175 853 209 venire
875 176 918 208 ad
942 175 1113 218 templum
1139 173 1218 214 Dei,
1268 171 1355 216 agit,
1382 171 1545 205 videlicet
1562 172 1604 205 de
1620 170 1766 204 victoria
1783 177 1816 204 et
1832 171 2059 213 liberatione,
2086 173 2182 217 quod
2205 173 2251 207 sit

236 241 304 274 qua
319 230 428 272 figura
446 228 689 272 complectitur
706 233 819 260 totum
836 226 968 259 cultum
986 224 1071 264 Dei,
1099 225 1218 258 omnia
1242 250 1244 277 Ι
1269 223 1452 256 exauditus
1473 234 1492 255 a
1517 221 1612 263 Deo,
1644 229 1677 256 et
1702 222 1870 255 liberatus
1893 233 1933 254 ex
1960 221 2032 254 illis
2056 224 2250 257 terroribus

235 280 350 313 officia
377 291 478 312 verae
492 279 649 322 pietatis,
677 278 805 322 quibus
828 276 1043 320 glorificatur
1069 283 1102 309 et
1129 275 1218 308 cele·
1242 279 1244 301 ¹
1268 285 1329 317 per
1351 273 1641 306 misericordiam.

235 331 358 363 bratur
375 329 481 363 Deus.
535 328 683 371 Propter
701 326 791 360 hanc
808 328 948 360 finalem
970 338 1106 360 causam
1125 326 1218 359 Deus

236 381 354 413 omnia
376 379 544 412 miracula
571 379 661 417 edit,
688 379 840 421 gloriose
856 378 982 411 liberat
999 384 1153 416 sanctoS,
1180 382 1219 409 ut

236 436 417 464 conservet
441 428 654 470 Ecclesiam,
681 436 721 463 ut
745 441 825 462 vera
849 429 1009 462 doctrina
1034 427 1219 472 propagari

236 489 268 514 et
294 482 362 514 late
387 481 503 524 spargi
527 480 655 524 possit,
680 486 719 514 ut
740 480 843 513 multi
868 480 1064 513 invitentur
1083 479 1126 511 ad
1146 479 1219 522 pie—

236 538 351 566 tatem.
406 530 489 564 Ideo
511 531 713 574 saepissime
736 531 908 575 repetitur
939 528 1024 563 haec
1055 540 1156 562 causa
1182 529 1219 560 in

236 582 438 626 scripturis,
465 589 519 615 ut:
548 580 677 615 Invoca
694 593 750 614 me
768 582 806 614 in
823 582 880 615 die
897 579 1157 617 tribulationis,
1186 586 1218 612 et

236 632 383 677 eripiam
402 639 452 673 te,
482 640 513 666 et
529 632 740 675 glorificabis
756 644 823 665 me.
877 631 1005 666 Psalm.
1019 632 1099 664 21.:
1129 629 1218 663 Nar-

237 683 322 716 rabo
348 695 482 716 nomen
506 690 606 716 tuum
629 683 797 717 fratribus
820 683 927 723 meis,
952 682 989 714 in
1014 681 1130 713 medio
1150 680 1219 713 Ec-

236 733 360 767 clesiae
379 734 532 767 laudabo
549 740 594 767 te.
648 733 752 768 Item:
778 733 859 766 Non
876 732 1006 765 mortui
1023 732 1219 764 laudabunt

236 791 269 817 te
285 782 449 818 Domine.
502 784 560 818 Sic
581 790 614 817 et
638 782 705 817 hoc
721 784 798 817 loco
814 783 947 828 inquit:
976 781 1068 824 Quia
1087 782 1220 826 eripui-

236 834 281 867 sti
298 846 353 867 me
375 847 393 868 a
420 842 548 875 morte,
572 835 762 868 ambulabo
785 845 902 867 coram
917 832 1092 874 Domino,
1119 844 1220 877 prae—

237 885 336 918 stabo
358 885 423 918 tibi
440 896 541 918 veros
559 885 692 925 cultus,
720 885 894 918 invocabo
919 890 969 924 te,
998 884 1219 928 praedicabO,

235 946 335 978 agam
360 935 423 968 tibi
446 935 591 978 gratias,
620 936 802 976 obediam,
828 934 995 968 omnibus
1019 935 1143 967 officiis
1164 935 1221 966 in-

235 986 355 1019 vitabo
388 985 494 1027 alios,
530 993 568 1019 ut
602 987 644 1018 de
672 992 883 1029 agnoscant,
920 991 953 1018 et
977 991 1069 1018 recte
1094 985 1221 1020 colant.

235 1034 337 1069 Hanc
353 1036 463 1080 ipsam
486 1036 694 1070 sententiam
710 1036 897 1082 aliquoties
915 1036 1068 1070 inculcat
1092 1035 1130 1068 in
1153 1036 1221 1068 fine

234 1084 340 1120 huius
356 1086 498 1121 Psalmi.

286 1181 422 1226 Credo,
449 1189 596 1232 propter
620 1188 718 1232 quod
743 1184 894 1233 loquor,
923 1196 986 1230 ego
1004 1187 1123 1217 autem
1152 1180 1223 1216 bu-

335 1234 504 1270 milialus
522 1248 602 1269 sum
621 1234 738 1271 walde.

336 1320 508 1365 Superior
533 1333 612 1365 pars
639 1319 771 1354 Psalmi
792 1320 995 1363 descripsit,
1022 1325 1055 1352 et
1072 1330 1220 1362 agonem

237 1371 348 1405 animi
366 1373 532 1405 luctantis
557 1373 723 1404 adversus
742 1378 890 1404 terrores
906 1371 978 1403 irae
995 1369 1061 1403 Dei
1078 1377 1110 1402 ct
1127 1382 1221 1402 mor-

236 1423 280 1456 tis
297 1429 477 1461 aeternae,
506 1429 540 1455 et
556 1423 739 1455 victoriam
763 1433 824 1454 seu
849 1421 1115 1460 liberationem,
1142 1432 1221 1452 cum

236 1474 321 1506 fides
346 1473 482 1516 erigens
503 1485 575 1505 sese
600 1473 727 1512 verbo,
754 1479 788 1505 et
810 1469 1079 1515 apprehendens
1096 1482 1221 1503 conso-

235 1524 402 1557 lationem
421 1524 563 1566 emergit
589 1535 627 1555 ex
647 1523 718 1555 illis
735 1522 912 1556 fluctibus.
964 1521 1054 1555 Cum
1083 1518 1137 1553 his
1162 1533 1221 1553 co—

235 1572 357 1607 haeret
376 1581 408 1607 et
425 1575 560 1619 reliqna
581 1585 669 1616 pars.
718 1570 808 1605 Nam
827 1572 1018 1615 gratiarum
1036 1572 1127 1604 actio
1145 1583 1219 1604 am-

200 1636 204 1647 f
235 1625 387 1668 plificata
411 1631 461 1657 est
484 1624 719 1666 descriptione
744 1623 952 1663 effectuum,
980 1622 1040 1667 qui
1064 1633 1219 1666 sequnn-

234 1683 292 1708 tur
327 1675 528 1715 victoriam,
561 1672 627 1706 hoc
658 1681 728 1713 est,
761 1685 925 1706 verorum
963 1673 1141 1712 cultuum,
1177 1674 1219 1705 de

234 1725 363 1770 quibus
385 1726 500 1758 dicere
522 1725 634 1767 coepit
664 1725 700 1756 in
718 1736 820 1756 versu
839 1725 1078 1767 praecedente.
1131 1721 1217 1755 Am-

234 1776 365 1809 bulabo
388 1788 503 1809 coram
529 1774 704 1813 Domino,
729 1775 764 1806 id
788 1781 858 1814 est,
887 1775 1069 1818 praestabo
1092 1774 1218 1814 cultus,

234 1827 363 1872 quibus
382 1825 477 1860 Deus
493 1826 721 1869 glorificatur-
775 1824 850 1857 Hos
866 1826 980 1858 cultus
998 1823 1055 1858 hic
1079 1824 1115 1856 in
1139 1836 1216 1866 spe-

234 1878 284 1910 cie
302 1885 501 1917 enumerat,
529 1884 560 1909 et
579 1883 618 1909 ut
636 1876 768 1919 coepit,
794 1876 832 1908 in
858 1887 920 1908 suo
948 1875 1105 1919 exemplo
1132 1887 1217 1918 pro-

232 1928 335 1972 ponit
359 1929 556 1961 doctrinam
580 1928 623 1959 de
647 1927 767 1959 multis
792 1927 908 1960 rebus.
960 1926 1133 1960 Recenset
1158 1938 1216 1958 or-

232 1979 314 2012 dine
341 1978 400 2022 qui
427 1978 497 2011 sint
519 1978 592 2010 veri
625 1977 758 2017 cultus,
791 1977 954 2010 videlicet
981 1977 1086 2016 fides,
1113 1977 1215 2009 invo-

231 2029 319 2062 catio
331 2056 339 2068 ,
367 2028 558 2068 confessio,
575 2028 801 2065 afflictiones,
818 2028 1010 2070 gratiarum
1027 2028 1128 2067 actio,
1153 2035 1215 2062 etc.

233 2079 286 2113 lta
317 2077 402 2112 haec
435 2091 514 2123 pars
535 2078 692 2111 continet
723 2078 878 2120 insignes
910 2078 1003 2111 locos
1032 2079 1216 2111 doctrinae

231 2129 439 2173 Evangelii,
473 2130 515 2162 de
538 2129 606 2161 fide
637 2136 670 2161 et
698 2129 741 2161 de
774 2129 954 2162 effectibus
979 2129 1072 2162 fidei.
1128 2128 1214 2162 Item

231 2181 451 2223 doctrinam,
479 2192 567 2225 quae
584 2186 720 2212 accusat
739 2186 771 2212 et
787 2180 930 2212 damnat
955 2177 1160 2224 hypocrisin
1184 2187 1216 2212 et

233 2232 396 2264 fiduciam
414 2228 617 2265 humanam.
671 2229 757 2263 Item
776 2230 972 2263 doctrinam
990 2232 1033 2262 de
1058 2243 1158 2264 cruce
1183 2237 1215 2264 et

233 2281 495 2315 afflictionibus.
549 2280 643 2313 Haec
668 2288 718 2314 est
740 2281 839 2314 utilis
857 2282 1018 2314 doctrina
1044 2288 1077 2314 et
1096 2293 1215 2314 neces-

236 2333 324 2365 saria
343 2333 419 2376 piis.
473 2331 591 2374 Quare
607 2332 794 2374 diligenter
811 2332 1024 2364 considerari
1043 2333 1157 2366 debet.

236 2447 380 2494 loquor,
408 2449 674 2491 coniunguntur
693 2446 777 2481 haec
797 2450 885 2487 duo,
911 2450 995 2482 fides
1018 2457 1050 2483 et
1071 2450 1215 2482 invoca-

233 2499 282 2532 tio
305 2511 364 2531 seu
389 2499 560 2532 confessio
586 2512 689 2543 quam
718 2500 808 2543 parit
831 2501 932 2539 fides,
960 2512 998 2533 ac
1022 2508 1214 2545 utrumque
1236 2505 1238 2508 ⁴

233 2550 350 2588 docet,
378 2556 410 2582 et
427 2550 511 2593 quid
536 2550 580 2582 sit
599 2550 701 2589 fides,
729 2558 762 2583 et
788 2552 966 2594 quomodo
989 2551 1064 2583 fieri
1090 2552 1214 2585 debeat

233 2612 313 2633 vera
352 2600 536 2632 invocatio.
603 2600 761 2633 Verbum
785 2601 901 2634 Credo
930 2602 1071 2645 respicit
1100 2603 1142 2635 ad
1174 2615 1212 2635 ea

1693 270 1827 317 Estque
1853 272 2122 315 intelligendum
2147 286 2250 307 voca-

1270 324 1393 357 bulum
1418 325 1460 356 de
1486 324 1574 363 fide,
1603 335 1692 368 qnae
1709 322 1828 356 statuit
1844 334 1878 355 se
1895 321 2023 356 habere
2043 323 2155 356 Deum
2173 325 2249 368 pla-

1268 381 1346 408 catu
1362 385 1423 407 seu
1441 374 1677 408 remittentem
1695 379 1850 417 peccata,
1875 383 1911 406 se
1930 373 2088 406 exaudiri
2106 385 2167 417 per
2183 374 2250 407 mi-

1268 425 1494 458 sericordiam
1512 424 1646 469 gratis.
1694 423 1766 457 Nec
1782 424 1914 468 patitur
1929 435 1964 456 se
1979 424 2146 457 deterreri
2165 437 2251 458 con·

1268 483 1387 519 spectu
1404 476 1565 520 propriae
1582 475 1821 518 indignitatis,
1848 475 1907 507 sed
1919 475 2156 517 magnitudini
2171 488 2251 520 pec-

1267 533 1423 559 catorum
1447 526 1615 569 opponit,
1643 532 1675 559 et
1697 526 1845 559 antefert
1864 525 2139 558 misericordiam
2167 538 2250 569 pro-

1267 576 1407 609 missam
1433 583 1575 619 propter
1598 575 1731 609 Filium
1755 575 1821 608 Dei
1852 577 2088 609 redemtorem
2115 578 2251 618 generis

1268 625 1426 660 humani.
1477 625 1573 659 Haec
1608 627 1692 659 fides
1724 626 1835 659 vincit
1868 633 2017 660 terrores
2050 628 2181 670 peccati
2218 634 2251 661 et

1268 678 1409 715 mortis,
1436 684 1469 710 et
1486 676 1589 720 erigit
1607 688 1679 709 sese
1691 702 1700 719 ,
1728 684 1766 710 ut
1783 676 1872 710 ausit
1886 678 2048 710 accedere
2069 678 2113 709 ad
2131 677 2246 711 Deum

1268 735 1300 761 et
1317 728 1500 765 invocare,
1528 735 1560 760 et
1584 735 1677 761 certo
1703 733 1857 770 expectat
1879 727 2049 760 auxilium
2072 734 2104 760 et
2122 729 2251 762 libera-

1267 779 1417 819 tionem,
1442 790 1550 823 quare
1567 790 1649 811 mox
1665 778 1762 810 addit
1778 778 1821 810 de
1838 777 2073 811 invocatione.

1371 828 1420 862 Ita
1436 826 1503 862 hoc
1527 840 1599 861 uno
1615 829 1739 868 verbo,
1767 826 1898 869 Credo,
1927 829 2172 872 complectitur
2197 834 2251 862 to-

1268 887 1339 913 tam
1370 879 1568 913 doctrinam
1595 880 1638 912 de
1664 878 1801 912 iusticia
1833 879 1933 922 fidei,
1968 891 2075 924 quam
2106 879 2250 923 proprie

1269 932 1369 964 docet
1387 928 1638 972 Evangelium,
1666 936 1699 962 et
1716 929 1887 970 ostendit,
1908 941 1996 974 qnae
2019 941 2073 962 res
2089 930 2133 963 sit
2153 929 2250 971 fides,

1270 982 1312 1014 de
1336 993 1405 1026 quo
1429 992 1569 1013 necesse
1598 988 1648 1014 est
1671 981 1708 1012 in
1732 978 1889 1013 Ecclesia
1911 987 2004 1013 certo
2027 987 2062 1014 et
2085 980 2252 1024 explicate

1270 1032 1362 1065 tradi
1399 1031 1596 1065 doctrinam
1632 1031 1908 1064 consentientem
1950 1043 2028 1064 cum
2068 1032 2251 1075 scriptura.

1270 1082 1431 1116 Primum
1454 1094 1493 1115 ac
1515 1082 1741 1126 praecipuum
1763 1088 1939 1114 certamen
1963 1089 2013 1115 est
2031 1093 2110 1115 cum
2127 1082 2251 1115 adver-

1270 1134 1383 1171 sariis,
1412 1133 1497 1178 quid
1515 1133 1684 1176 significet
1702 1133 1910 1165 vocabulum
1929 1132 2022 1166 fidei.
2075 1131 2166 1165 Nam
2185 1129 2254 1166 hoc

1271 1183 1480 1223 constituto,
1514 1190 1634 1228 postea
1660 1184 1703 1216 de
1725 1183 1885 1215 doctrina
1909 1183 2046 1216 facilius
2069 1183 2254 1216 conveniri

1270 1241 1395 1283 potest.
1448 1233 1582 1267 Verum
1605 1234 1691 1267 alibi
1715 1231 1799 1266 haec
1824 1239 1895 1266 tota
1909 1235 2070 1266 doctrina
2092 1234 2134 1266 de
2150 1235 2253 1268 iusti-

1269 1285 1432 1319 ficatione
1449 1285 1583 1328 integre
1599 1286 1727 1318 tradita
1746 1291 1814 1324 est,
1842 1291 1874 1317 et
1897 1283 2039 1317 collecta
2056 1291 2138 1317 sunt
2154 1285 2253 1318 testi-

1270 1336 1410 1376 monia,
1436 1337 1479 1368 de
1496 1336 1750 1378 significatione
1773 1335 1955 1375 vocabuli,
1982 1335 2078 1379 quod
2103 1335 2188 1368 fides
2212 1335 2251 1368 in

1270 1386 1381 1419 Paulo
1410 1393 1442 1419 et
1464 1386 1599 1430 reliqua
1625 1387 1796 1429 scriptura
1822 1385 1992 1426 significet
2016 1397 2090 1418 non
2114 1392 2251 1419 tantum

1269 1437 1436 1470 noticiam
1464 1434 1647 1474 historiae,
1681 1447 1740 1469 seu
1774 1435 2027 1479 professionem
2057 1435 2250 1479 religionis,

1268 1488 1327 1520 sed
1348 1487 1489 1530 proprie
1514 1493 1547 1519 et
1565 1487 1749 1530 praecipue
1770 1485 1940 1528 significet
1957 1486 2122 1519 fiduciam
2146 1487 2252 1520 mise-

1267 1537 1440 1570 ricordiae
1454 1564 1463 1577 ‚
1491 1534 1557 1569 hoc
1574 1543 1641 1576 est,
1670 1537 1853 1576 fiduciam,
1881 1548 1969 1580 quae
1985 1537 2126 1576 statuit,
2154 1539 2250 1582 quod

1267 1600 1339 1620 non
1374 1595 1517 1631 propter
1549 1594 1705 1620 nostram
1739 1587 1966 1629 dignitatem,
2009 1588 2069 1620 sed
2108 1596 2250 1632 propter

1266 1636 1446 1672 Christum
1478 1638 1601 1683 gratis
1635 1649 1893 1683 consequamur
1925 1638 2250 1674 reconciliationem

1265 1701 1326 1722 seu
1350 1689 1591 1722 remissionem
1618 1696 1853 1732 peccatorum,
1882 1695 1915 1721 et
1928 1689 2035 1721 vitam
2059 1696 2250 1724 aeternam.

1266 1739 1337 1773 Nec
1357 1752 1444 1784 opus
1468 1747 1517 1773 est
1542 1737 1598 1772 hie
1624 1740 1757 1783 integre
1781 1746 1935 1783 repetere
1952 1740 2132 1773 materiam
2148 1741 2251 1774 toties

1265 1792 1441 1834 agitatam.

1364 1841 1431 1874 Sed
1452 1841 1522 1873 illis
1545 1840 1754 1874 testimoniis
1773 1841 1943 1873 addamus
1968 1847 2002 1874 et
2024 1838 2091 1874 hoc
2117 1842 2250 1876 dictum

1264 1891 1414 1924 Psalmi:
1447 1891 1580 1929 Credo,
1617 1899 1760 1935 propter
1791 1892 1884 1936 quod
1918 1892 2054 1936 loquor.
2109 1892 2150 1924 In
2179 1906 2248 1937 quo

1265 1943 1379 1986 palam
1398 1949 1447 1975 est
1466 1940 1678 1985 Prophetam
1696 1942 1809 1986 loqui,
1837 1954 1909 1974 non
1927 1943 1968 1974 de
1985 1943 2100 1975 ociosa
2118 1944 2249 1978 noticia

1264 2005 1324 2026 seu
1342 1993 1575 2038 professione,
1603 1994 1662 2025 sed
1689 1994 1732 2025 de
1758 1993 1842 2031 fide,
1870 2004 1958 2037 quae
1983 1992 2019 2024 in
2037 2005 2118 2025 vero
2138 2002 2249 2028 certa-

1265 2044 1359 2077 mine
1376 2044 1519 2077 dimicat
1536 2055 1615 2076 cum
1635 2043 1848 2084 terroribus,
1875 2050 1907 2076 et
1931 2040 2164 2086 apprehendit
2181 2046 2249 2078 mi-

1265 2095 1491 2128 sericordiam
1514 2094 1731 2137 propositam
1754 2094 1791 2126 in
1814 2093 2119 2137 promissionibus.
2178 2094 2246 2130 At-

1265 2158 1332 2191 que
1353 2143 1421 2179 hoc
1443 2146 1549 2179 modo
1574 2145 1721 2189 percipit
1745 2145 2040 2185 consolationem,
2075 2152 2108 2178 et
2137 2146 2248 2181 vincit

1265 2203 1425 2231 terrores.
1478 2195 1568 2229 Nam
1593 2193 1658 2228 hoc
1675 2195 1821 2227 minime
1839 2196 2028 2228 obscurum
2047 2203 2114 2235 est,
2141 2197 2247 2230 talem

1264 2246 1369 2280 fidem
1403 2247 1574 2286 describi,
1610 2258 1698 2290 quae
1726 2246 1796 2288 agit
1828 2246 1964 2291 aliquid
1993 2246 2031 2278 in
2057 2248 2247 2281 certamine

1265 2298 1498 2332 conscientiae
1510 2325 1519 2339 ,
1535 2304 1567 2330 et
1583 2293 1815 2340 apprehendit
1831 2297 2120 2340 misericordiam,
2139 2310 2244 2342 quam

1238 2381 1239 2391 γ
1264 2350 1412 2392 opponit
1431 2350 1593 2393 propriae
1610 2347 1830 2390 indignitati,
1859 2355 1891 2381 et
1914 2355 2083 2391 repugnat
2107 2349 2247 2383 dubita-

332 2397 511 2438 Primum,
538 2410 616 2430 cum
634 2398 769 2442 inquit,
798 2393 935 2438 Credo,
959 2402 1104 2445 propter·
1119 2396 1239 2445 quod¹

1264 2407 1365 2433 tlonl.

1365 2449 1503 2483 Deinde
1527 2461 1606 2482 cum
1633 2449 1737 2492 paulo
1760 2456 1840 2482 ante
1861 2449 1964 2481 claris
1985 2449 2101 2482 verbis
2119 2450 2245 2484 dixerit

1263 2501 1305 2533 de
1330 2500 1578 2533 misericordia.
1641 2499 1844 2533 Misericors
1869 2498 2044 2532 Dominus
2065 2506 2097 2532 et
2124 2501 2247 2540 iustus,

1263 2559 1296 2584 et
1312 2551 1408 2585 Deus
1423 2559 1542 2585 noster
1561 2550 1762 2583 miseretur:
1794 2547 1873 2583 Non
1897 2551 2043 2583 obscure
2066 2551 2248 2593 significat,

1262 2614 1297 2635 se
1324 2603 1422 2647 loqui
1446 2603 1488 2635 de
1509 2602 1636 2635 fidncia
1663 2613 1752 2646 quae
1776 2602 1903 2635 nititur
1931 2600 2080 2643 gratuita
2107 2602 2244 2635 miseri-

233 2662 321 2694 quae
347 2661 449 2693 supra
472 2650 562 2692 dixi,
592 2652 633 2683 de
653 2652 829 2685 beneficiis
845 2664 908 2695 pro
933 2653 1060 2697 quibus
1085 2653 1212 2696 gratias
1235 2667 1237 2693 ᾗ
1263 2653 1394 2687 cordia.
