2379 2948
263 114 338 149 943

366 194 416 230 At
433 202 517 230 tunc
532 192 687 228 arbitror
705 192 801 225 illam
824 191 1032 226 celebratam
1049 191 1246 236 pactionem

264 259 344 282 cum
369 243 546 281 Antiocho
569 244 692 277 factam
721 254 812 282 esse,
840 243 883 275 de
913 242 1064 276 dimidio
1092 242 1248 281 navium,

265 310 344 332 cum
369 298 501 339 legatus
525 294 708 329 Romanus
732 294 908 327 traductas
927 305 1033 326 naves
1057 304 1178 327 omnes
1206 292 1243 324 in

264 360 376 382 unum
400 348 515 380 locum
541 345 704 378 dissecari
730 344 849 382 iussit,
876 350 910 377 et
926 344 1154 378 dissectarum
1177 350 1248 376 tra—

265 400 363 432 bium
389 408 551 430 acervum
576 395 763 429 dimidium
788 395 951 428 attribuit
968 392 1166 432 Antiocho,
1194 393 1249 426 di-

265 449 417 481 midium
442 446 625 481 Romanis.
679 445 729 480 Ita
752 445 937 480 Romanus
960 443 1065 479 homo
1087 456 1166 478 cum
1191 455 1251 476 ve-

265 505 416 532 teratore
435 495 613 531 Antiocho
639 497 744 538 lusit,
770 503 811 530 ut
837 496 867 529 ei
887 497 1117 540 significaret,
1145 494 1248 527 intel—

266 549 327 592 ligi
352 548 515 588 artificia,
550 547 679 592 quibus
705 548 778 593 ipse
805 547 972 581 adversus
1002 546 1194 591 Aegyptios
1218 551 1250 578 et

266 599 448 634 Romanos
464 610 546 632 usus
564 604 661 632 esset.

540 701 598 735 De
626 699 800 735 vocabulo
829 698 980 734 cithim.

369 775 423 811 De
441 776 611 810 vocabulo
631 773 764 810 Cithim
785 786 888 819 supra
906 774 1038 808 dictum
1063 779 1124 808 est.
1176 771 1252 806 Etsi

268 836 384 864 autem
404 827 524 861 Iudaei
542 824 598 859 hic
615 838 677 859 suo
694 838 790 859 more
808 832 1003 868 nugantur,
1031 831 1147 857 tamen
1173 824 1254 857 satis

268 885 403 914 constat
427 890 467 910 ex
491 877 611 910 multis
635 877 843 910 testimoniis
866 887 1044 909 sacrorum
1069 875 1255 915 librorum,

269 941 358 976 quae
381 929 424 962 sit
449 928 500 961 vis
524 928 697 960 vocabuli.
751 927 875 961 Solent
898 924 1096 970 Prophetae
1124 926 1253 959 discer-

267 993 352 1014 nere
376 981 535 1023 regiones
561 985 592 1012 et
618 984 737 1021 gentes
764 977 1060 1022 appellationibus
1092 976 1254 1020 stirpium

269 1044 330 1065 seu
346 1031 540 1074 primorum
558 1036 753 1073 parentum.
808 1027 856 1062 Ut
872 1040 950 1061 cum
976 1026 1131 1060 Graecos
1150 1027 1255 1059 intel-

269 1083 383 1125 ligunt
407 1092 466 1113 seu
495 1086 632 1123 gentem
666 1078 842 1119 lonicam,
876 1078 1082 1111 nominatur
1106 1077 1171 1111 Ion
1196 1089 1255 1110 seu

268 1132 377 1166 Iavan
394 1137 491 1175 pater
513 1130 625 1173 gentis
644 1129 797 1165 lonicae.

369 1189 508 1223 Habuit
522 1196 636 1222 autem
655 1187 720 1221 Ion
743 1200 803 1221 seu
821 1187 927 1221 lavan
950 1187 1060 1228 filios,
1086 1199 1104 1220 a
1127 1187 1256 1232 quibus

270 1241 425 1276 Graecae
450 1247 568 1283 gentes
595 1246 691 1272 ortae
722 1246 755 1272 et
784 1239 987 1272 nominatae
1016 1245 1114 1271 sunt:
1149 1236 1255 1277 Elisa,

269 1305 289 1327 a
312 1305 381 1338 quo
403 1298 545 1335 apparet
567 1290 769 1323 nominatos
795 1301 867 1323 esse
895 1289 1037 1322 Aeoles:
1066 1287 1256 1329 Dudanim,

270 1356 288 1377 a
305 1355 373 1388 quo
399 1349 480 1375 sunt
500 1341 704 1384 Dodonaei,
732 1347 867 1374 veteres
885 1340 922 1372 in
947 1338 1091 1383 Europa
1109 1339 1255 1383 Pelasgi.

269 1392 423 1431 Cithim,
452 1404 470 1424 a
494 1404 564 1436 quo
589 1392 705 1424 vicina
729 1402 811 1434 gens
834 1390 901 1423 fuit
924 1390 1144 1423 Dodonaeis:
1174 1402 1254 1423 nam

269 1442 393 1478 Esaias
410 1443 507 1476 addit
525 1440 727 1476 Alexandro
752 1441 940 1474 exercitum
959 1441 1115 1484 gentium
1136 1439 1256 1474 Doda-

270 1495 344 1528 nim
364 1501 396 1527 et
413 1491 559 1533 Cithim,
588 1493 623 1525 id
639 1499 700 1532 est,
730 1491 905 1525 Graecum
924 1498 955 1525 et
976 1490 1256 1524 Macedonicum.

272 1545 324 1579 Ac
340 1556 470 1577 nomen
490 1550 589 1577 vetus
613 1541 788 1587 μακέῖης,
814 1554 883 1587 quo
909 1542 1099 1586 antiquitas
1123 1553 1183 1574 usa
1208 1548 1256 1574 est

271 1608 335 1641 pro
364 1594 534 1628 vocabulo
560 1592 728 1632 Macedo,
762 1591 854 1625 haud
882 1592 989 1625 dubie
1012 1604 1030 1624 a
1051 1590 1186 1625 Cithim
1204 1592 1256 1624 fa-

272 1655 365 1680 ctum
385 1652 444 1685 est,
471 1651 510 1677 ut
529 1642 759 1688 sitlucmae'vgg,
789 1650 888 1676 ortus
905 1655 944 1676 ex
963 1640 1113 1676 Cithim.
1167 1641 1256 1675 Nota

272 1704 322 1730 est
347 1697 442 1729 enim
466 1694 660 1728 Hebraicae
684 1695 825 1736 linguae
854 1700 1034 1738 utcunque
1058 1692 1180 1736 peritis
1205 1692 1258 1725 vis

272 1748 392 1781 literae
410 1746 640 1790 praepositae.
692 1743 739 1778 Et
756 1741 899 1778 Citheos
915 1745 1022 1777 fuisse
1046 1744 1082 1776 iu
1101 1743 1186 1776 locis
1205 1743 1258 1775 vi-

273 1798 360 1832 cinis
395 1796 644 1839 Macedoniae,
684 1807 723 1828 ex
758 1794 915 1828 Homero
944 1795 1169 1827 manifestum
1199 1801 1259 1834 est,

271 1849 333 1894 qui
361 1848 409 1880 ait
435 1845 577 1881 Citheos
603 1846 757 1890 paruisse
781 1843 940 1889 Telepho
963 1845 1034 1888 regi
1061 1844 1260 1890 Mysorum,

274 1907 307 1933 et
334 1899 407 1932 eius
428 1898 500 1931 filio
526 1896 719 1942 Eurypsso,
747 1897 808 1941 qui
840 1898 882 1929 ad
910 1895 1055 1929 Troiam
1080 1909 1097 1928 a
1121 1893 1259 1941 Pyrrho

274 1949 477 1983 interfectus
508 1955 568 1981 est.
622 1947 703 1980 Fuit
734 1954 849 1980 autem
882 1946 998 1992 Mysia
1033 1947 1070 1979 in
1102 1945 1259 1990 Europa,

274 2012 362 2045 quae
388 1997 494 2032 hodie
523 2010 601 2042 pars
625 2005 672 2030 est
692 1997 852 2037 Serviae‚
880 1998 995 2030 vicina
1015 1997 1260 2030 Macedoniae.

275 2050 406 2084 Yersus
422 2048 570 2082 Homeri
590 2046 766 2092 Odysseae
789 2048 844 2081 11.
868 2045 906 2079 hi
927 2055 1024 2081 sunt:

327 2104 392 2136 ἀλλ’
419 2103 483 2136 οἷον
506 2103 560 2135 τὸν
583 2103 748 2143 τηλεᾳίὸην
772 2102 957 2142 κατενήρατο
979 2101 1085 2146 χαλκῷ

328 2156 395 2195 ἥρω
418 2153 594 2194 stainam,
617 2154 722 2184 πολλοὶ
747 2151 778 2183 δ’
802 2152 885 2193 ἀμφ’
911 2152 1007 2183 αι’-τὸν
1029 2152 1161 2195 ἑταῖροι,

324 2205 436 2247 κήτειοι
459 2208 630 2241 κτείνοντο,
655 2204 787 2245 γυναιίυν
810 2204 906 2234 ἕνεκα
929 2203 1046 2243 δώρων.

326 2262 395 2303 lpse
418 2261 634 2301 Neoptolemus
659 2263 719 2290 telo
741 2262 854 2289 traiecit
880 2266 967 2289 acuto

325 2313 553 2353 Magnanimum
569 2312 768 2351 Eury-pilum,
786 2314 889 2350 genuit
904 2322 993 2352 quem
1008 2310 1161 2351 Telephus
1178 2313 1262 2349 olim,

329 2365 494 2404 Ceteosque
514 2366 601 2393 illum
616 2366 701 2392 iuxta
719 2364 897 2403 prostravit,
922 2365 952 2392 in
968 2373 1047 2392 arma

329 2414 512 2454 Coniugium
529 2426 605 2455 quos
623 2418 804 2453 promissum
820 2416 943 2443 traxisse
959 2414 1101 2444 ferebant.

380 2469 474 2514 Ergo
499 2477 532 2504 et
556 2471 684 2503 vicinia
708 2469 915 2511 Ceteorum‚
942 2476 974 2503 et
1000 2470 1094 2502 vocis
1112 2470 1262 2503 affinitas

280 2521 439 2554 indicant
463 2521 675 2554 Macedonas
699 2533 716 2554 a
740 2519 873 2555 Cithim
891 2528 985 2554 ortos
1006 2532 1091 2554 esse.
1145 2520 1263 2563 Quare

280 2572 371 2605 liber
392 2570 662 2605 Macabaeorum
687 2579 787 2605 vocat
804 2572 1046 2605 Alexandrum
1074 2583 1188 2614 regem
1204 2571 1262 2605 Ci-

281 2620 383 2656 thim.
445 2619 491 2654 Et
512 2633 530 2653 a
556 2620 699 2655 Graecis
725 2623 889 2665 gentibus
912 2629 1007 2656 ortos
1024 2623 1129 2656 fuisse
1148 2623 1263 2656 Auso-

282 2673 360 2706 nios
390 2679 424 2707 et
451 2670 596 2705 Latinos
626 2671 717 2705 nihil
744 2673 893 2707 dubium
919 2680 977 2707 est.
1031 2673 1106 2708 Imo
1138 2673 1263 2708 Suidas

857 105 984 141 PHIL.
1011 105 1128 143 MEL.
1154 102 1362 141 SCRIPTA
1389 102 1688 141 EXEGETICA.

2207 104 2282 142 944

1300 190 1423 224 scribit
1440 190 1609 224 Latinum
1633 189 1740 223 fuisse
1759 187 1909 234 Telephi
1930 189 2060 231 filium,
2088 197 2123 225 et
2143 191 2283 225 duxisse

1299 240 1423 276 Ceteos
1442 241 1478 274 in
1499 242 1654 282 ltaliam,
1681 253 1720 274 ac
1737 240 1840 274 Latio
1866 253 1997 274 nomen
2021 241 2170 276 dedisse.

1402 299 1494 334 Cum
1513 300 1620 344 igitur
1638 297 1773 334 Cithim
1791 300 1962 343 significet
1977 307 2096 343 gentes
2114 299 2150 332 in
2167 298 2284 333 Euro-

1301 362 1365 395 pa,
1391 359 1485 385 ortas
1510 363 1530 385 a
1552 348 1704 392 Cithim,
1740 351 1985 395 complectitur
2015 357 2048 384 et
2074 349 2285 384 Macedonas

1302 408 1336 435 et
1359 400 1476 436 Italos.
1531 401 1650 445 Quare
1672 408 1705 436 et
1729 402 1767 434 in
1792 401 1958 435 Numeris
1979 413 2052 445 cap.
2077 401 2140 435 24.
2166 399 2288 433 vatici-

1302 458 1407 485 natur
1431 451 1595 493 Balaam,
1631 459 1798 486 venturos
1828 463 1900 485 esse
1924 452 2047 486 classes
2071 463 2110 484 ex
2138 448 2288 491 Cithim,

1303 514 1392 547 quae
1422 501 1585 548 Assyrios
1617 510 1651 537 et
1681 501 1837 537 Ebraeos
1871 503 2048 536 deleturae
2085 502 2167 535 sint.
2219 499 2288 534 Hic

1304 564 1409 595 regna
1432 553 1469 586 in
1495 552 1640 597 Europa
1666 554 1851 597 intelligit,
1879 560 1913 587 et
1937 553 2180 597 complectitur
2203 549 2289 584 Ale-

1303 604 1479 636 xandrum
1504 610 1537 636 et
1559 603 1753 640 Romano&
1804 602 2111 643 NamlAlexander
2136 614 2207 636 non
2227 603 2289 635 de-

1305 654 1389 687 levit
1406 652 1574 688 Ebraeos.

1408 704 1566 738 Sciamus
1591 716 1671 748 ergo
1687 703 1822 738 Cithim
1845 712 1964 749 gentes
1983 717 2054 739 esse
2079 705 2115 737 in
2133 701 2291 747 Europa,

1306 762 1399 789 ortas
1425 767 1444 788 a
1460 755 1532 788 filio
1552 754 1658 789 lavan
1675 753 1828 794 Cithim,
1855 762 1930 789 tum
1956 757 1993 789 in
2015 756 2103 789 locis
2121 754 2290 789 Graeciae

1307 806 1451 847 vicinis,
1477 812 1552 839 tum
1576 807 1613 838 in
1640 805 1757 847 ltalia,
1785 807 1868 839 inde
1884 819 1924 839 ex
1940 807 2088 851 imperio
2104 804 2290 849 Europaeo

1307 863 1492 889 venturam
1510 856 1559 890 ait
1574 857 1715 889 classem
1727 883 1736 897 ‚
1765 869 1853 901 quae
1869 855 2084 890 Antiochum
2111 857 2291 900 reprimat.

1307 907 1346 941 Si
1373 906 1504 940 Suidae
1529 907 1711 941 annotatio
1735 908 1778 940 de
1796 907 1923 941 Latino
1942 905 2092 951 Telephi
2117 908 2189 939 filio
2210 918 2291 938 vera

1309 964 1376 998 est,
1412 957 1590 1001 aptissime
1621 959 1769 1003 quadrat
1798 970 1928 991 nomen
1955 955 2088 991 Cithim
2120 958 2163 990 ad
2194 957 2292 991 Lati-

1308 1021 1414 1049 num,
1441 1020 1519 1041 cum
1544 1008 1693 1042 Latinus
1721 1008 1906 1043 adduxerit
1928 1007 2049 1042 Ceteos
2072 1008 2109 1041 in
2128 1020 2202 1040 eam
2222 1006 2294 1040 Ita-

1308 1060 1374 1092 liae
1399 1071 1508 1092 oram.
1561 1058 1747 1092 Caeterum
1773 1065 1908 1092 constat
1932 1060 1969 1092 in
1987 1058 2122 1093 ltaliam
2145 1070 2164 1092 a
2181 1056 2293 1091 Grae-

1309 1110 1357 1143 cis
1377 1110 1479 1143 initio
1497 1109 1654 1143 colonias
1669 1111 1835 1143 deductas
1857 1121 1940 1145 esse.

1412 1165 1465 1200 Et
1490 1166 1667 1212 cogilabit
1695 1166 1850 1201 consilia
1874 1179 1951 1201 cum
1975 1165 2219 1201 deserentibus
2243 1164 2294 1200 le-

1307 1230 1386 1265 gem
1404 1215 1570 1266 foederis
1594 1218 1732 1257 sancti,
1762 1217 1816 1252 Et
1838 1215 1993 1252 brachia
2013 1230 2058 1252 ea:
2076 1230 2114 1252 eo
2131 1217 2294 1257 stabunt,

1310 1274 1339 1302 et
1358 1266 1650 1316 prophanabunt
1669 1268 1861 1316 templum,
1889 1274 1919 1303 et
1944 1269 2113 1318 auferent
2135 1269 2217 1315 iuge
2231 1281 2294 1302 sa—

1310 1318 1507 1365 crificium,
1535 1324 1565 1352 et
1588 1324 1695 1366 ponet
1719 1320 2026 1353 abominationem
2052 1319 2293 1358 vastatricem,

1310 1375 1340 1404 et
1372 1369 1682 1417 praevaricatores
1704 1368 1870 1418 foederis
1903 1369 2049 1418 decipiet
2082 1368 2293 1409 blanditiis,

1309 1422 1345 1455 id
1377 1428 1444 1462 est,
1478 1428 1663 1466 postquam
1698 1434 1717 1454 a
1749 1422 1862 1465 legato
1899 1421 2063 1456 Romano
2095 1419 2294 1455 Antiochus

1309 1470 1512 1516 Epiphanes
1555 1472 1743 1505 deterritus
1784 1479 1851 1512 est,
1895 1485 1939 1505 ne
1979 1473 2112 1505 bellum
2149 1472 2297 1506 inferret

1310 1524 1489 1567 Aegypto,
1539 1522 1692 1555 fremens
1725 1529 1759 1556 et
1793 1522 1904 1556 iratus
1945 1523 1983 1555 in
2019 1522 2157 1568 Syriam
2193 1523 2295 1556 redit.

1310 1573 1420 1607 Porro
1439 1573 1476 1605 in
1495 1570 1560 1606 hoc
1585 1574 1739 1606 secundo
1764 1573 1879 1606 reditu
1895 1573 2008 1606 multo
2031 1573 2201 1607 maiorem
2220 1585 2295 1606 sae·

1311 1624 1431 1657 vitiam
1449 1630 1482 1656 et
1499 1623 1713 1666 impietatem
1732 1624 1885 1657 exercuit
1907 1635 2011 1668 quam
2036 1631 2148 1658 antea.
2202 1623 2297 1666 Quia

1311 1675 1379 1707 iam
1418 1673 1563 1707 collocat
1595 1674 1730 1707 idolum
1763 1673 1855 1707 Iovis
1887 1672 2049 1720 Olympii
2086 1675 2122 1707 in
2152 1675 2296 1718 templo,

1311 1723 1494 1769 prohibuit
1510 1724 1623 1758 edicto
1643 1725 1964 1766 circumcisionem,
1990 1725 2165 1759 comburit
2182 1736 2298 1759 sacros

1311 1777 1441 1814 libros,
1477 1783 1575 1808 curat
1605 1773 1837 1808 Bacchanalia
1866 1776 2034 1809 celebrari
2060 1775 2297 1822 [erosolymis,

1313 1826 1477 1860 interficit
1497 1823 1657 1859 homines
1674 1826 1768 1870 pios,
1794 1827 1854 1871 qui
1877 1826 1971 1860 idola
1988 1827 2102 1860 colere
2118 1827 2297 1866 nolebant,

1312 1878 1483 1922 relinquit
1514 1877 1729 1920 praesidium
1756 1878 1800 1910 ad
1827 1877 2066 1911 defensionem
2105 1877 2296 1915 idolorum,

1313 1936 1345 1962 et
1363 1929 1406 1961 ad
1425 1928 1670 1972 impediendos
1685 1939 1786 1960 veros
1809 1927 1933 1961 cultus.
1985 1926 2147 1972 Denique
2166 1939 2296 1973 quanta

1314 1979 1494 2022 dissipatio
1519 1979 1625 2011 fuerit
1648 1979 1755 2012 totius
1778 1978 1920 2022 politiae
1945 1976 2113 2011 Iudaicae
2137 1985 2170 2011 et
2195 1990 2297 2011 verae

1314 2030 1509 2073 religionis,
1534 2029 1686 2062 ostendit
1701 2036 1773 2063 tota
1791 2025 1938 2062 historia
1955 2029 2127 2073 descripta
2143 2029 2180 2062 in
2196 2029 2298 2063 libris

1315 2081 1598 2115 Macabaeorum.

1417 2165 1489 2199 Nec
1520 2165 1662 2198 difficile
1690 2170 1741 2198 est
1769 2175 1888 2197 causas
1911 2164 2082 2207 cogitare,
2116 2177 2178 2198 cur
2200 2165 2297 2199 Deus

1316 2215 1377 2251 has
1393 2217 1506 2250 clades
1524 2216 1748 2260 praedixerit:
1777 2222 2021 2249 monstrantur
2034 2227 2155 2249 causae
2171 2214 2297 2250 harum

1316 2280 1528 2312 poenarum,
1558 2273 1597 2300 ut
1619 2266 1669 2310 pii
1694 2266 1867 2300 admoniti
1891 2266 1961 2299 sint
1984 2267 2156 2300 cautiores
2181 2274 2216 2301 et
2238 2267 2299 2300 fir-

1317 2319 1454 2353 miores.
1522 2316 1624 2350 Clare
1653 2317 1747 2350 enim
1773 2317 2009 2361 praedicitur,
2042 2317 2144 2351 initia
2169 2315 2297 2351 horum

1316 2370 1490 2402 malorum
1514 2368 1598 2401 oriri
1621 2369 1664 2401 ab
1687 2368 1772 2412 ipsis
1791 2367 1949 2406 Iudaeis,
1978 2368 2067 2401 sicut
2090 2368 2205 2413 inquit
2224 2375 2298 2402 tex-

1316 2427 1386 2453 tus:
1429 2418 1605 2461 Cogitabit
1645 2419 1791 2452 consilia
1831 2431 1909 2452 cum
1947 2419 2296 2463 praevaricatoribus.

1316 2472 1509 2503 Accersunt
1531 2467 1750 2504 Antiochum
1773 2470 1838 2513 ipsi
1862 2469 2064 2514 pontifices,
2090 2470 2297 2503 adsentiun-

1316 2529 1374 2555 tur
1387 2528 1425 2554 ut
1442 2519 1632 2554 collocetur
1649 2521 1784 2554 idolum
1801 2521 1839 2554 in
1860 2520 2010 2565 templO,
2036 2520 2205 2555 adiuvant
2223 2532 2298 2554 sae-

1316 2572 1448 2605 vitiam.
1507 2570 1669 2617 Denique
1690 2579 1771 2605 sunt
1795 2571 1881 2604 socii
1903 2570 1993 2604 tanti
2016 2571 2167 2607 sceleris.
2227 2571 2297 2604 lta-

1316 2634 1384 2667 que
1401 2620 1494 2655 Deus
1511 2623 1776 2656 commonefacit
1795 2622 1880 2665 pios,
1902 2627 1939 2654 ut
1956 2622 2152 2655 societatem
2168 2620 2297 2656 horum

1317 2673 1485 2707 scelerum
1508 2674 1652 2717 fugiant.
1713 2673 1893 2716 Significat
1918 2671 2021 2713 item,
2055 2674 2150 2707 unde
2174 2671 2296 2707 Eccle-
