2379 2948
194 133 265 171 255

196 220 308 257 Luna,
334 216 427 249 unde
445 213 632 255 colligitur,
654 209 793 242 Lunam
811 219 883 240 non
900 217 972 240 esse
985 211 1176 240 sextantem

198 267 404 302 millesimae
435 263 543 308 partis
575 259 678 294 Solis.
737 257 826 292 Nam
855 270 895 291 ex
923 257 1176 290 diametrorum

197 319 379 362 utriusque
403 311 587 347 luminaris
612 309 768 350 ratione,
794 320 882 353 quae
912 315 1018 342 estut
1041 306 1111 340 187
1135 306 1178 338 ad

203 370 258 410 10,
285 363 571 410 deprehenditur,
599 366 760 403 congesta
776 367 809 393 et
825 365 1002 403 compacta
1019 358 1056 390 in
1072 368 1180 390 unam

200 420 326 452 molem
348 413 447 448 6539
466 423 613 456 corpora
632 417 740 448 tanta,
769 417 900 455 quanta
919 416 968 442 est
984 409 1097 445 Luna,
1126 406 1180 439 vix

199 470 360 502 effectura
379 475 506 507 corpus
521 462 665 506 aequale
682 461 786 504 globo
805 460 922 496 solari.

299 525 389 560 Cum
407 523 515 567 igitur
530 522 632 555 Luna
648 521 772 554 collata
790 521 832 553 ad
851 520 982 560 Solem,
1008 525 1078 552 tam
1095 517 1182 550 exile

200 580 242 612 sit
259 587 405 620 corpus,
432 573 561 606 mirum
578 571 689 604 videri
707 578 837 615 potest,
865 571 1042 615 quomodo
1066 567 1183 600 occul-

198 638 272 663 tare
296 627 399 660 nobis
423 631 493 658 tam
525 623 693 666 grandem
721 622 848 654 molem
881 620 1004 654 solaris
1028 617 1184 661 corporis

199 679 319 725 possit.

303 737 372 771 Sed
389 746 491 769 causa
518 741 569 768 est
592 733 719 777 partim
744 731 989 777 propinquitas
1003 728 1125 762 Lunae
1142 727 1183 760 ad

200 798 342 828 terram,
369 797 457 831 quae
474 797 551 818 cum
570 784 736 817 altissima
752 790 812 823 est,
837 783 941 815 distat
958 779 1006 814 64
1022 778 1187 813 semidia-

202 840 323 873 metris
347 845 459 872 terrae
490 842 522 869 et
547 841 720 868 sextante:
758 834 885 877 partim
910 831 1058 865 altitudo
1084 829 1188 869 Solis,

202 903 262 924 seu
281 887 445 922 distantia
463 898 481 919 a
498 892 602 926 terra,
618 885 679 930 qui
697 885 809 917 decies
824 883 945 916 novies
962 883 1034 914 sere
1048 880 1188 922 longius

202 942 299 974 abest
318 952 335 972 a
359 945 498 971 terreno
524 937 648 978 globo,
676 947 779 979 quam
798 934 911 967 Luna.
967 931 1188 965 Ptolemaeus

203 992 297 1024 enim
324 985 557 1032 deprehendit
583 986 676 1019 Solis
699 984 901 1017 distantiam
924 995 943 1016 a
968 989 1059 1015 terra
1078 980 1189 1013 maxi-

203 1053 295 1074 mam
313 1049 460 1084 aequare
477 1036 755 1069 semidiametros
772 1042 883 1068 terrae
903 1033 1010 1068 1210.

306 1099 455 1141 Propter
477 1102 608 1128 tantam
627 1094 860 1127 remotionem
879 1092 972 1125 Solis
995 1102 1012 1123 a
1033 1096 1124 1122 terra
1143 1089 1191 1129 fit,

204 1159 243 1185 ut
261 1150 361 1184 Luna
381 1146 539 1191 proxime
556 1146 697 1177 admota
715 1143 805 1176 visui
831 1149 970 1183 nostro,
997 1140 1189 1185 aliquando

204 1208 317 1236 totum
336 1198 452 1232 Solem
471 1202 585 1238 tegere
602 1195 727 1239 possit,
753 1194 842 1227 sicut
858 1192 991 1237 alioqui
1010 1191 1191 1234 experien-

205 1254 252 1284 tia
271 1256 436 1287 testatur,
465 1247 567 1279 etiam
585 1246 799 1279 vastissimos
823 1251 982 1284 montes,
1009 1242 1191 1286 aliquanto

205 1302 345 1344 longius
361 1299 454 1338 sitos,
479 1297 575 1330 disco
592 1297 647 1329 vel
661 1293 776 1329 adhuc
793 1295 929 1327 minore
947 1304 1092 1337 corpore
1108 1304 1192 1325 ocu-

205 1354 248 1385 lis
263 1350 392 1384 nostris
409 1348 565 1386 obiecto,
593 1347 761 1378 occultari
778 1357 889 1387 posse.

309 1408 458 1451 Propter
474 1405 622 1437 eandem
642 1404 727 1436 adeo
754 1402 971 1446 inaequalem
991 1399 1194 1433 distantiam

208 1460 405 1498 luminum,
448 1456 619 1488 diameter
647 1453 770 1487 Lunae
799 1462 971 1496 apparens
1003 1450 1194 1494 aliquando

208 1511 314 1556 paulo
332 1509 462 1547 minor,
486 1505 677 1550 aliquando
693 1504 857 1548 aequalis,
881 1501 1072 1546 aliquando
1090 1501 1193 1533 etiam

209 1562 323 1595 maior
352 1555 631 1602 deprehenditur
662 1555 833 1587 diametro
864 1553 957 1586 Solis
994 1558 1194 1595 apparente.

208 1612 298 1646 Nam
316 1610 437 1643 Lunae
454 1607 652 1646 altissimae,
676 1617 753 1638 cum
770 1604 916 1637 minima
933 1602 1098 1642 cernitur,
1119 1602 1196 1634 dia-

211 1669 320 1695 meter
339 1659 494 1693 continet
518 1657 653 1690 minuta
672 1656 732 1688 29.
787 1654 1003 1687 Humilimae
1019 1665 1101 1685 vero
1120 1652 1196 1684 dia-

211 1718 320 1745 meter
350 1711 483 1742 minuta
508 1706 615 1740 babet
638 1706 709 1745 36,
738 1712 770 1738 et
789 1705 810 1738 8
828 1705 988 1737 secunda.
1043 1702 1111 1737 Sed
1129 1702 1197 1735 So-

211 1764 253 1796 lis
277 1758 502 1794 remotissimi
531 1770 549 1790 a
573 1764 663 1790 terra
692 1757 861 1789 diameter
886 1766 1058 1798 apparens
1084 1753 1197 1786 conti-

213 1820 272 1846 net
290 1812 337 1847 31
355 1811 492 1843 minuta
509 1816 542 1842 et
558 1808 733 1845 trientem,
759 1805 910 1850 proximi
927 1817 1027 1845 vero,
1053 1804 1195 1849 quando

214 1864 288 1895 eius
312 1872 439 1904 corpus
463 1859 653 1891 maximum
670 1858 828 1895 videtur,
856 1856 1026 1889 diameter
1050 1866 1123 1887 non
1139 1866 1197 1886 ae·-

215 1920 300 1958 quat
323 1912 370 1945 34
392 1911 527 1952 integra
554 1909 708 1946 minuta,
744 1909 804 1940 sed
830 1908 925 1940 deest
951 1912 1096 1938 sextans.
1159 1904 1197 1938 Si

215 1964 322 2006 igitur
347 1961 501 1994 conseres
524 1957 731 1991 humilimae
748 1957 870 1990 Lunae
896 1957 1126 1995 diametrum,
1154 1956 1196 1987 ad

215 2013 308 2047 Solis
327 2012 430 2045 etiam
450 2010 652 2053 ubicunque
669 2008 850 2041 constituti
867 2007 1076 2039 diametrum
1093 2017 1198 2050 appa-

215 2069 368 2102 rentem,
400 2060 657 2094 animadvertes
688 2065 799 2091 totum
824 2057 941 2090 Solem
967 2057 1158 2100 aliquando
1181 2068 1198 2088 a

218 2115 315 2147 Luna
331 2112 431 2145 sicile
447 2111 515 2153 tegi
532 2116 565 2143 et
585 2109 753 2142 occultari
771 2119 888 2152 posse,
917 2108 973 2139 sed
997 2107 1070 2139 sine
1089 2119 1197 2139 mora.

317 2179 413 2212 Haec
438 2185 553 2211 autem
577 2177 777 2210 obscuratio
807 2175 900 2209 Solis
923 2176 978 2214 fit,
1006 2181 1043 2207 ut
1067 2174 1199 2207 dictum

218 2239 287 2274 est,
317 2229 572 2264 interveniente
591 2240 736 2272 corpore
761 2239 869 2270 opaco
888 2226 1028 2265 Lunae,
1057 2226 1199 2269 quando

217 2282 291 2317 Soli
318 2280 544 2322 coniungitur
569 2279 659 2311 circa
679 2277 925 2311 Novilunium.
982 2275 1128 2308 Necesse
1151 2282 1202 2308 est

218 2340 333 2366 autem
365 2330 651 2364 coniunctionem
685 2329 782 2361 illam
815 2327 891 2361 fieri
917 2327 954 2359 in
987 2326 1111 2366 nodis,
1146 2326 1202 2358 vel

220 2395 327 2426 prope
351 2383 527 2414 nodorum
548 2381 775 2419 alterutrum,
802 2379 844 2411 de
868 2378 995 2423 quibus
1018 2388 1122 2420 supra
1147 2377 1202 2409 di-

221 2441 312 2466 ctum
331 2439 396 2470 est,
424 2432 566 2476 quando
584 2430 698 2470 Luna,
725 2430 780 2462 vel
796 2429 943 2467 nullam,
971 2428 1025 2460 vel
1043 2427 1202 2469 exiguam

221 2482 326 2515 habet
347 2481 581 2515 latitudinem.
634 2480 724 2513 Nam
749 2486 841 2513 extra
862 2480 942 2512 illos
967 2479 1097 2518 nodos,
1125 2489 1202 2510 cum

222 2535 260 2566 in
278 2532 501 2566 latitudinem
518 2539 682 2573 evagatur
695 2530 796 2564 Luna
813 2531 856 2563 ab
866 2528 1049 2573 Ecliptica‚
1061 2529 1201 2572 quando

222 2583 297 2617 Soli
315 2581 558 2623 coniungitur,
586 2582 630 2614 ita
650 2582 749 2613 illum
772 2581 1038 2625 praetercurrit,
1065 2585 1104 2612 ut
1122 2579 1203 2612 nul-

223 2636 291 2668 lam
319 2632 429 2676 ipsius
454 2637 584 2674 partem
610 2632 787 2669 obscuret,
824 2638 857 2665 et
887 2632 1012 2664 umbra
1042 2641 1158 2673 sparsa
1185 2641 1203 2661 a

224 2695 368 2728 corpore
391 2682 534 2722 Lunae,
563 2681 658 2714 nulla
683 2688 780 2724 parte
804 2689 930 2716 terram
954 2681 1118 2724 attingat,
1144 2680 1201 2713 sed
1225 2704 1227 2710 t

428 125 634 164 SCRIPTA
663 124 738 160 PH.
765 120 880 157 MEL.
909 118 974 155 AD
1000 117 1130 154 HIST.
1157 115 1300 154 PROF.
1329 114 1395 150 ET
1420 112 1614 150 PHILOS.
1643 111 1961 152 SPECTANTIA.

2131 113 2205 151 256

1225 202 1281 235 vel
1297 212 1401 246 supra
1418 207 1547 234 terram
1565 200 1621 234 vel
1637 199 1730 233 infra
1748 212 1823 233 eam
1838 199 2098 237 transvehatur.
2137 200 2207 235 Po-

1226 252 1280 286 nit
1303 259 1419 285 autem
1440 251 1661 284 Ptolemaeus
1679 251 1850 285 terminos
1868 253 2046 296 eclipticos
2063 252 2156 286 ultra
2174 258 2209 285 et

1228 303 1314 336 citra
1332 303 1465 343 nodos,
1492 303 1534 335 ad
1558 309 1714 335 austrum
1737 302 1880 346 quidem
1896 304 2061 336 undecim
2080 303 2208 346 gradus

1228 359 1385 393 tantum,
1411 359 1444 386 et
1464 353 1599 386 minuta
1625 355 1686 388 22.
1747 352 1804 385 Ad
1831 354 2103 397 septentrionem
2126 364 2208 385 vero

1228 404 1278 437 ΞΟ
1295 404 1441 447 gradus,
1467 409 1502 436 et
1516 404 1649 436 bessem
1674 403 1762 444 fere,
1784 403 1877 436 intra
1894 414 1982 448 quos
1998 402 2100 436 Luna
2122 410 2210 436 tem-

1230 466 1314 498 pore
1336 453 1596 487 coniunctionis
1618 465 1782 493 currens,
1810 453 1929 488 Solem
1952 461 2065 498 tegere
2088 460 2212 493 totum,

1233 505 1287 537 vel
1305 510 1440 548 partem
1460 504 1535 537 eius
1554 505 1707 549 aliquam
1723 511 1846 548 potest.

1334 554 1404 587 Sed
1431 561 1470 587 ut
1501 553 1622 587 Lunae
1653 555 1807 588 defectus
1835 555 2007 588 maximus
2035 554 2091 593 fit,
2128 555 2212 587 dum

1233 610 1352 637 centra
1367 604 1475 637 trium
1494 616 1692 649 corporum,
1720 604 1824 646 Solis,
1841 605 1972 639 Terrae
1990 612 2023 639 et
2038 604 2159 638 Lunae
2176 605 2214 636 in

1233 667 1305 689 una
1321 661 1413 687 recta
1430 654 1523 687 linea
1548 655 1737 688 constituta
1760 663 1858 696 sunt,
1885 668 1974 701 quae
1990 668 2071 688 vera
2090 662 2122 689 et
2138 655 2215 688 dia-

1233 705 1389 739 metralis
1415 705 1590 738 luminum
1618 706 1793 749 oppositio
1817 707 1965 747 dicitur,
1991 707 2039 740 ita
2065 705 2215 739 maxima

1235 756 1328 790 Solis
1349 756 1548 789 obscuratio
1574 756 1630 796 fit,
1656 768 1729 788 non
1752 757 1893 801 quando
1917 758 2110 790 eorundem
2137 767 2215 789 cor—

1235 819 1361 852 porum
1387 812 1522 847 centra,
1557 806 1721 839 videlicet
1739 806 1850 847 Solis,
1877 806 1999 840 Lunae
2021 814 2054 841 et
2071 806 2217 846 Terrae,

1236 860 1273 890 in
1298 869 1368 891 una
1390 864 1483 890 recta
1506 857 1598 889 linea
1624 864 1726 898 sunt,
1753 869 1840 902 quae
1857 869 1938 890 vera
1964 869 2022 891 seu
2045 864 2084 891 ut
2098 855 2217 891 Ptole-

1235 919 1354 941 maeus
1373 908 1550 952 loquitur,
1578 905 1732 954 ἀκριβὴς
1752 915 1895 942 vocatur
1912 908 2089 942 luminum
2107 905 2218 949 συζυ-

1235 957 1309 1007 yla.
1364 958 1432 992 Sed
1459 959 1601 1003 quando
1627 965 1744 992 centra
1767 959 1963 999 luminum,
1991 965 2023 993 et
2039 958 2132 992 visus
2151 970 2217 991 no-

1237 1016 1306 1042 ster
1322 1021 1429 1042 unam
1448 1016 1576 1042 rectam
1600 1009 1730 1042 lineam
1753 1016 1922 1052 tangunt,
1948 1021 2052 1054 quam
2070 1009 2220 1042 coniun-

1238 1060 1390 1093 ctionem
1408 1060 1556 1093 artifices
1575 1068 1812 1104 apparentem,
1833 1073 1894 1094 seu
1910 1060 2086 1094 visibilem
2101 1060 2221 1104 appel-

1238 1111 1327 1152 lant,
1353 1109 1576 1144 Ptolemaeus
1592 1109 1796 1157 φαινομένη
1818 1108 1990 1146 σύνοδον.
2030 1110 2118 1144 Nam
2137 1122 2220 1154 pro-

1238 1169 1316 1206 pter
1347 1160 1647 1205 propinquitatem
1670 1161 1793 1194 Lunae
1817 1163 1860 1194 ad
1889 1169 2035 1202 terram,
2065 1162 2220 1206 aliquam

1239 1212 1442 1254 varietatem
1460 1212 1573 1245 adfert
1588 1209 1827 1257 παράλλαξις,
1856 1210 1923 1245 hoc
1942 1218 2009 1252 est,
2034 1211 2130 1245 visus
2154 1223 2222 1244 no-

1241 1263 1302 1296 stri
1319 1263 1506 1303 aberratio,
1534 1275 1639 1307 quam
1654 1270 1779 1296 vocant
1797 1263 2034 1296 diversitatem
2054 1269 2224 1305 aspectus,

1241 1325 1329 1358 quae
1343 1313 1444 1351 facit,
1471 1320 1510 1346 ut
1528 1312 1630 1346 Luna
1649 1324 1688 1345 ex
1701 1313 1882 1354 superficie
1899 1317 2012 1344 terrae
2029 1311 2123 1352 visa,
2148 1324 2222 1345 cer—

1241 1371 1346 1394 natur
1368 1364 1406 1392 in
1428 1363 1498 1393 alio
1523 1363 1599 1393 loco
1619 1360 1782 1401 Zodiaci‚
1810 1361 1895 1394 citra
1913 1361 1968 1394 vel
1990 1362 2083 1394 ultra
2101 1374 2222 1396 verum

1240 1412 1357 1444 locum
1381 1411 1419 1442 in
1445 1410 1617 1451 Zodiaco,
1653 1423 1756 1455 quem
1778 1412 1912 1445 indicat
1941 1412 2155 1446 linea-recta
2182 1424 2221 1445 ex

1242 1468 1361 1495 centro
1377 1468 1489 1494 terrae
1503 1473 1565 1505 per
1581 1469 1739 1494 centrum
1758 1462 1893 1495 lunaris
1917 1462 2074 1506 corporis
2091 1463 2134 1495 ad
2152 1462 2223 1495 Zo-

1242 1513 1380 1546 diacum
1404 1524 1515 1556 usque
1538 1512 1672 1544 emissa.
1724 1511 1827 1545 Illum
1854 1519 1969 1545 autem
1999 1520 2223 1556 apparentem

1242 1564 1359 1596 locum
1376 1562 1498 1596 Lunae
1516 1563 1669 1595 ostendit
1692 1562 1783 1596 linea
1803 1564 1925 1596 educta
1943 1575 1982 1595 ex
2006 1563 2108 1596 oculo
2131 1564 2225 1608 aspi—

1244 1613 1367 1647 cientis
1376 1613 1514 1646 Lunam
1531 1625 1570 1645 ex
1589 1613 1770 1656 superficie
1791 1620 1914 1654 terrae,
1934 1620 1966 1647 et
1986 1626 2048 1657 per
2065 1622 2225 1648 centrum

1244 1664 1365 1697 Lunae
1390 1665 1434 1696 ad
1453 1663 1646 1697 Zodiacuin
1670 1676 1781 1708 usque
1804 1671 1960 1705 extensa,
1987 1671 2107 1709 estque
2132 1671 2227 1697 uter-

1244 1726 1311 1759 que
1333 1714 1448 1752 locus,
1480 1725 1583 1746 verus
1606 1721 1640 1746 et
1663 1726 1851 1758 apparens,
1886 1726 2022 1758 semper
2042 1715 2080 1747 in
2103 1716 2227 1748 eodem

1244 1764 1375 1798 circulo
1406 1763 1578 1804 maximo,
1611 1765 1784 1808 descripto
1812 1777 1873 1808 per
1903 1765 2068 1798 verticem
2096 1766 2225 1809 capitis.

1244 1815 1354 1848 Porro
1384 1812 1451 1847 hoc
1482 1814 1707 1847 intervallum
1740 1815 1777 1847 iu
1813 1815 1957 1847 Zodiaci
1987 1815 2228 1858 longitudine,

1245 1867 1339 1910 quod
1358 1871 1407 1898 est
1425 1866 1517 1898 inter
1534 1877 1653 1897 verum
1672 1865 1787 1898 locum
1804 1864 1925 1898 Lunae
1942 1872 1974 1898 et
1991 1873 2228 1909 apparentem,

1246 1916 1442 1960 appellatur
1458 1912 1679 1960 παράλλαξις
1693 1914 1788 1950 κατὰ
1804 1917 1919 1960 μῆκος
1935 1927 1994 1948 seu
2012 1916 2050 1947 in
2071 1916 2228 1960 longitu-

1247 1968 1384 2006 dinem,
1412 1978 1479 2010 qua
1506 1966 1562 2005 fit,
1590 1972 1629 1998 ut
1656 1978 1773 1998 veram
1803 1966 2088 1999 coniunctionem
2119 1967 2227 2000 lumi-

1246 2030 1332 2051 num
1351 2017 1542 2060 aliquando
1561 2018 1760 2060 praecedat,
1788 2016 1978 2061 aliquando
1995 2023 2159 2061 sequatur
2174 2019 2227 2051 vi-

1248 2068 1361 2102 sibilis
1378 2067 1600 2109 coniunctio,
1629 2079 1716 2111 quae
1737 2067 1830 2101 Solis
1855 2068 2135 2101 obscurationem
2156 2069 2228 2101 effi-

1248 2120 1304 2153 cit.
1358 2117 1396 2150 Id
1417 2118 1640 2150 intervallum
1657 2118 1840 2162 temporis,
1867 2119 1961 2163 quod
1980 2130 2081 2151 verae
2098 2125 2131 2152 et
2145 2119 2228 2152 visi-

1248 2169 1313 2203 bili
1337 2168 1579 2201 coniunctioni
1603 2169 1834 2209 interiicitur,
1867 2169 1905 2201 in
1931 2169 2078 2212 septimo
2106 2169 2227 2202 clima—

1248 2228 1300 2260 te,
1325 2231 1404 2253 cum
1423 2219 1611 2252 maximum
1638 2226 1702 2259 est,
1729 2217 1851 2252 horam
1876 2227 1907 2252 et
1928 2220 2136 2253 dodrantem
2158 2220 2228 2254 fere

1250 2271 1362 2304 efficit.

1332 2320 1470 2355 Rursus
1487 2320 1593 2353 altera
1610 2317 1830 2367 παράλλαξις
1847 2319 1941 2355 κατὰ
1956 2317 2101 2360 πλάτος,
2123 2321 2226 2354 etiam

1250 2371 1473 2406 latitudinem
1489 2370 1610 2404 Lunae
1626 2373 1754 2411 variat,
1777 2379 1816 2405 ut
1832 2372 1899 2405 alia
1917 2372 1960 2405 sit
1975 2383 2056 2404 vera
2079 2371 2228 2405 latitudo

1251 2435 1311 2456 seu
1327 2434 1408 2455 vera
1426 2422 1591 2455 distantia
1609 2422 1731 2456 Lunae
1748 2421 1983 2467 abEclipfica,
2012 2433 2117 2466 quam
2134 2422 2229 2455 indi-

1251 2481 1304 2508 cat
1328 2473 1419 2506 linea
1445 2484 1485 2505 ex
1510 2480 1630 2505 centro
1657 2480 1766 2507 terrae
1790 2485 1851 2518 per
1873 2479 2031 2506 centrum
2049 2471 2170 2505 Lunae
2185 2474 2229 2506 ad

1251 2524 1443 2558 Zodiacum
1458 2534 1567 2567 usque
1587 2523 1776 2568 producat,
1803 2524 1869 2556 alia
1890 2523 1933 2556 sit
1950 2523 2099 2556 latitudo
2123 2534 2228 2567 appa-

1251 2586 1349 2615 rens,
1377 2586 1481 2619 quam
1498 2574 1630 2608 indicat
1646 2575 1682 2607 in
1702 2569 1854 2608 Zodiaco
1874 2574 1967 2606 linea
1983 2586 2022 2606 ex
2040 2573 2141 2606 oculo
2168 2571 2229 2606 ha-

1251 2625 1397 2660 bitantis
1423 2626 1460 2657 in
1483 2625 1663 2668 superficie
1685 2633 1795 2658 terrae
1819 2635 1881 2667 per
1896 2624 2033 2657 Lunam
2050 2629 2228 2657 transcur-

1252 2689 1341 2711 rens.
1395 2674 1607 2709 Brevissima
1631 2675 1738 2718 igitur
1760 2674 1926 2708 distantia
1947 2674 2145 2718 apparentis
2162 2675 2229 2708 loci
