2379 2948
810 124 856 161 11.
908 123 1056 160 LIBER

71 126 123 161 77

72 211 172 245 nervi
189 223 207 245 a
227 212 369 246 cerebro
383 219 444 247 eta
460 212 587 257 spinali
604 210 757 243 medulla
778 210 877 255 quasi
898 216 1056 243 transve-

73 261 164 296 hunt
182 263 252 296 vim
269 264 472 298 sensitivam
494 270 527 296 et
549 261 717 295 motivam
740 262 783 294 ad
807 261 964 294 membra
988 260 1056 292 im-

71 314 172 358 pulsa
199 314 338 357 spiritu.

173 379 354 415 Oriuntur
371 387 486 414 autem
503 392 520 413 a
540 379 684 412 cerebro
704 385 835 423 septem
860 379 954 422 paria
973 391 1054 411 ner-

71 444 216 472 vorum,
245 444 332 476 quae
361 431 488 475 partim
513 431 554 463 ad
582 442 747 463 sensuum
774 442 904 472 organa
930 442 1054 473 perve-

69 483 196 522 niunt,
222 481 349 525 partim
368 488 582 524 sparguntur
598 481 634 513 in
659 480 727 513 alia
755 482 932 519 membra,
954 487 991 513 ut
1015 480 1051 513 in

68 532 315 571 ventriculum,
342 533 435 574 qnod
454 544 494 565 eo
511 532 774 564 observandum
795 538 856 569 est,
885 538 922 563 ut
943 543 1051 562 mem-

67 585 212 617 brorum
230 579 446 626 συμπάθεια
463 582 573 625 magis
591 582 843 617 consideretur.
889 580 1050 626 Suntque

65 633 245 667 molliores
260 633 360 665 nervi
381 645 419 665 ex
435 634 577 666 cerebro
593 633 671 666 orti.

165 689 239 725 Alii
266 699 348 725 sunt
377 692 557 732 duriores,
600 692 660 737 qni
685 703 704 724 a
730 691 859 734 spinali
894 690 1048 723 medulla

65 741 241 776 oriuntur.
292 740 534 776 Conveniebat
552 743 646 775 enim
663 742 823 775 duriores
847 753 937 781 esse,
967 741 1048 785 quia

64 805 138 826 non
155 793 269 826 solum
288 804 433 837 sensus,
462 795 519 826 sed
540 794 643 826 etiam
671 799 787 825 motus
814 793 1048 825 instrumenta

63 850 159 877 sunt.
212 842 397 876 Caeterum
416 857 522 888 supra
540 844 671 877 dictum
692 850 758 883 est,
786 843 958 886 spinalem
975 854 1048 874 me-

61 894 196 927 dullam
221 901 401 937 cognatam
429 907 501 928 esse
525 895 691 935 cerebro,
719 901 752 927 et
774 894 917 939 quidem
945 893 989 925 ab
1007 905 1047 925 eo

62 945 162 978 oriri.

161 1002 231 1036 Hie
255 1010 488 1037 numerantur
510 1003 654 1047 triginta
680 1003 780 1048 paria
812 1014 1002 1036 nervorum
1028 1013 1047 1034 a

60 1054 190 1099 spinali
214 1054 368 1088 medulla
391 1055 603 1096 orientium,
629 1055 689 1100 qui
716 1054 844 1099 passim
870 1055 907 1086 in
933 1060 1047 1087 totum

60 1117 188 1150 eorpus
203 1112 429 1149 sparguntur.

159 1171 385 1219 Etymologia
416 1172 573 1206 nominis
605 1179 697 1206 extat
728 1173 820 1216 apud
855 1171 1047 1212 Galenum‚

58 1225 193 1269 ’νεῦρον
218 1235 236 1256 a
263 1224 370 1256 verbo
393 1221 509 1266 ιἐύω,
545 1224 638 1268 quod
667 1230 716 1257 est
741 1234 868 1263 nuere,
902 1223 1046 1265 agitare,

59 1275 142 1319 quia
159 1274 260 1306 nervi
281 1281 363 1307 sunt
390 1274 624 1307 instrumenta
645 1274 837 1307 voluntarii
857 1280 982 1306 motus.

158 1340 205 1373 Et
221 1340 301 1385 quia
318 1340 405 1372 facta
424 1345 475 1371 est
493 1340 628 1371 mentio
647 1341 831 1379 villorum,
859 1340 975 1373 obiter
989 1339 1046 1372 di-

58 1392 208 1427 cendum
233 1397 301 1430 est,
329 1390 433 1422 villos
458 1388 636 1421 nominari
662 1388 892 1421 subtilissima
918 1391 974 1421 fila
995 1396 1046 1421 te-

59 1442 159 1476 nacia
178 1448 211 1475 et
227 1441 359 1480 solida,
386 1439 514 1473 Graeci
540 1439 718 1483 adpellant
736 1436 832 1477 ἶιάς.
883 1438 1046 1483 Cumque

58 1494 97 1527 in
112 1493 233 1526 multis
257 1490 425 1524 membris
443 1490 609 1523 dicantur
631 1501 704 1522 esse
728 1490 824 1527 villi,
860 1490 1043 1523 sciendum

59 1551 120 1584 est,
146 1555 218 1575 non
240 1554 352 1574 unum
373 1553 445 1574 esse
465 1552 576 1584 genus
592 1541 774 1575 villorum.
827 1539 895 1574 Sed
916 1552 1043 1572 nervo-

55 1607 135 1628 rum
153 1593 228 1626 villi
245 1591 336 1625 nihil
355 1599 451 1632 sunt,
467 1591 534 1624 nisi
553 1591 779 1625 tenuissimae
798 1599 912 1634 partes
931 1591 1043 1624 nervi.

56 1644 105 1679 Et
123 1643 178 1678 his
202 1644 278 1676 villi
302 1644 339 1675 in
363 1640 563 1686 panniculis
598 1642 738 1684 c·=g1mti
763 1649 856 1675 sunt.
909 1641 1041 1674 Verum

57 1697 96 1730 in
113 1696 218 1728 corde
235 1695 332 1727 nulla
350 1700 400 1727 est
417 1693 579 1736 cognatio
602 1707 613 1725 x
651 1693 776 1725 llorum
804 1705 882 1725 cum
909 1692 1039 1724 nervis.

58 1746 112 1780 Ibi
129 1745 223 1778 enim
241 1745 318 1777 villi
335 1751 417 1776 sunt
434 1756 473 1775 ex
494 1743 689 1776 substancia
708 1743 836 1782 cordis,
863 1755 952 1787 quae
969 1749 1040 1775 tota

57 1804 108 1831 est
122 1808 201 1829 caro
220 1801 366 1827 naturae
397 1794 579 1827 cniusdam
601 1793 799 1835 peculiaris.
851 1793 1040 1826 Coeterum

55 1855 93 1881 ut
110 1846 312 1880 voluntario
330 1844 443 1878 motui
465 1843 624 1876 serxiunt
638 1843 737 1875 nervi
755 1850 785 1876 et
803 1844 965 1879 musculi,
995 1843 1040 1876 ita

55 1897 233 1931 naturales
256 1903 372 1928 motus
391 1894 616 1928 attractiones
641 1900 673 1927 et
699 1894 924 1936 expulsiones
947 1893 1041 1926 cient

55 1948 132 1982 vilti
149 1954 294 1981 naturae
312 1957 460 1979 nei-veae
485 1945 689 1988 ubicunque
712 1951 811 1984 sunt,
838 1944 875 1976 in
903 1944 1040 1984 tunicis,

55 1999 149 2033 utin
172 1998 389 2035 ventriculo,
415 1995 554 2036 vesicis,
580 1995 780 2035 intestinis,
813 1995 973 2033 arteriis,
1002 2002 1041 2029 ut
1065 2029 1068 2037 ,
1243 2029 1253 2035 ,
1371 2029 1378 2036 ,

1066 2040 1067 2056 ι
1094 2038 1133 2058 ex
1152 2039 1272 2061 nervis
1295 2036 1328 2062 et
1354 2029 1554 2072 ligamentis
1578 2035 1802 2068 venientibus
1819 2035 1863 2067 ad
1886 2034 2079 2073 musculos,

55 2061 158 2094 supra
177 2049 310 2082 dictum
329 2055 392 2081 est.

155 2114 286 2155 venae,
303 2111 445 2158 φλέβες,
461 2118 543 2145 sunt
556 2111 695 2144 canales
713 2111 814 2144 tenui
831 2110 961 2152 tunica,
980 2123 1040 2144 ve-

56 2165 178 2200 hentes
195 2165 401 2208 sanguinem
417 2163 634 2201 crassiorem,
658 2174 727 2206 quo
744 2162 933 2196 nutrimur.
965 2161 1040 2195 Ga-

56 2218 157 2251 lenus
187 2222 302 2249 censet
334 2215 482 2259 primam
515 2225 636 2246 earum
667 2213 842 2255 originem
868 2213 904 2245 in
941 2220 1039 2256 epate

56 2279 146 2307 esse,
174 2273 206 2300 et
222 2266 373 2308 stipitem
393 2277 486 2305 esse,
510 2275 676 2306 magnum
694 2270 726 2297 et
747 2264 907 2307 amplum
933 2275 1038 2296 cana-

54 2319 143 2357 lem,
170 2317 229 2362 qui
249 2317 454 2349 nominatur
471 2327 558 2348 vena
585 2327 666 2347 cava
681 2341 690 2354 ,
718 2314 801 2359 quia
823 2320 862 2348 ut
890 2322 1037 2348 truncus

52 2368 189 2403 arboris
206 2367 319 2399 maior
337 2373 404 2405 est,
431 2379 448 2399 a
470 2378 540 2411 quo
558 2365 648 2398 rami
663 2371 695 2398 et
712 2365 858 2398 frondes
882 2365 1037 2398 orientes

53 2427 135 2456 sunt
167 2417 389 2462 graciliores,
433 2417 478 2450 ita
512 2416 645 2449 iudicat
676 2427 796 2448 ramos
817 2428 986 2449 venarum
1015 2429 1034 2449 a

53 2471 179 2516 grandi
194 2469 317 2513 aliquo
342 2478 423 2500 vase
444 2466 541 2502 oriri.
594 2465 670 2499 Hac
687 2467 870 2499 communi
892 2473 1036 2500 senten-

50 2524 98 2558 tia
115 2519 364 2562 Hippocratica
383 2524 415 2551 et
434 2515 602 2550 Galenica
620 2517 775 2550 contenti
795 2517 921 2551 simus.
973 2516 1034 2551 Ait

54 2573 148 2607 enim
168 2570 416 2614 Hippocrates:
449 2565 472 2612 ἢ
488 2564 636 2611 ῥίζωσις
654 2566 805 2612 φλεβῶν
826 2563 938 2613 ἧπαρ.

153 2636 324 2676 Arteriae,
339 2630 526 2679 ἀρτηρίαι,
545 2639 626 2665 sunt
643 2634 780 2667 canales
799 2634 928 2667 tunicis
943 2635 1033 2667 den-

47 2690 204 2723 sim-ibus
218 2695 250 2721 et
268 2686 486 2719 firmioribus
497 2683 577 2716 facti
589 2710 597 2722 ,
625 2695 779 2727 quorum
796 2692 933 2718 meatus
947 2692 1030 2718 sunt

1085 123 1151 158 DE
1178 125 1352 164 ANIMA.
2048 133 2095 168 78

1111 210 1348 251 angustiores,
1384 221 1416 247 et
1440 212 1575 249 vehunt
1599 216 1743 261 spiritus
1767 217 1907 259 vitales,
1935 231 2013 252 cum
2039 219 2089 252 ri-

1110 260 1192 292 vulo
1213 262 1408 295 tenuissimi
1425 267 1617 308 sanguinis,
1670 265 1784 312 Origo
1801 276 1915 302 autern
1931 269 1967 301 in
1984 271 2089 303 corde

1110 316 1181 350 est,
1208 311 1268 343 ubi
1288 312 1393 355 stipes
1411 321 1460 347 est
1492 318 1720 360 conspicuus,
1754 326 1862 354 aorta.
1918 318 2001 353 Ideo
2024 332 2087 353 au-

1109 367 1177 393 tem
1197 372 1334 394 necesse
1350 370 1399 396 est
1415 365 1594 399 densiores
1625 379 1696 401 esse
1720 370 1884 409 arterias,
1912 382 1957 403 ne
1981 370 2087 414 spiri-

1108 417 1164 443 tus
1179 408 1338 453 exhalet,
1365 425 1404 446 ac
1429 417 1588 459 sextuplo
1618 420 1802 454 crassiores
1832 427 1914 454 sunt
1938 421 2087 454 arteriae

1107 473 1211 505 quam
1225 475 1344 495 venae.
1380 462 1533 498 Interior
1549 466 1641 499 enim
1655 470 1771 503 tunica
1787 471 1976 515 quintuplo
1993 482 2086 504 cras-

1105 512 1178 544 sior
1201 519 1270 552 est,
1301 525 1406 558 quarn
1441 527 1612 549 venarum
1641 519 1792 553 tunicae.
1851 520 1954 555 Hanc
1975 522 2086 555 ambit

1105 563 1173 596 alia
1199 564 1315 596 tunica
1343 566 1498 599 exterior
1521 567 1651 601 tenuis.

1206 611 1449 649 Pulcherrimo
1475 625 1590 650 autem
1608 618 1749 652 foedere
1766 619 1905 654 iunctae
1927 630 2008 656 sunt
2024 635 2086 657 ve-

1105 675 1169 696 nae
1190 670 1222 697 et
1240 665 1406 707 arteriae,
1433 674 1473 700 ut
1493 680 1600 700 venae
1618 670 1844 712 suppeditent
1856 672 1995 714 spiritui
2011 685 2085 706 ma-

1104 714 1225 747 teriam
1238 742 1246 755 ,
1274 717 1417 760 spiritus
1436 730 1516 751 vero
1536 719 1570 750 in
1588 721 1724 752 arteriis
1741 721 1856 754 calore
1881 733 1944 755 suo
1969 722 2086 757 foveat

1103 765 1322 806 sanguinem.
1377 766 1430 801 Ac
1450 776 1570 803 mutua
1595 777 1677 803 sunt
1700 772 1850 812 orificia,
1882 779 1916 805 ut
1943 772 2087 816 spiritus

1103 827 1165 847 ceu
1182 816 1362 851 flammula
1381 819 1492 862 rapiat
1512 821 1769 855 nutrimentum
1789 834 1828 855 ex
1840 823 1950 863 venis,
1975 830 2007 857 et
2025 834 2084 855 ve-

1102 878 1166 898 nae
1185 867 1347 910 spiritum
1366 875 1397 902 et
1415 870 1565 903 calorem
1586 883 1624 904 ex
1646 873 1794 908 arteriis.
1846 872 1905 907 Sic
1923 873 2087 914 vivimus,

1102 923 1141 949 ut
1170 917 1205 949 in
1232 916 1361 962 lychno
1380 920 1518 954 flamma
1539 923 1631 966 rapit
1648 924 1907 957 nutrimentum
1933 936 1972 957 ex
1994 936 2085 964 cera,

1102 968 1150 999 sic
1165 968 1311 1011 spiritus
1323 970 1360 1002 in
1371 971 1476 1003 nobis
1491 983 1592 1004 suum
1610 974 1815 1007 alimentum
1827 986 1865 1007 ex
1881 975 1979 1007 *venis
1994 972 2084 1007 hau-

1101 1018 1164 1058 rit,
1189 1031 1298 1063 eaque
1324 1020 1361 1053 in
1379 1033 1415 1054 re
1432 1020 1710 1065 pulcherrimum
1729 1025 1926 1069 exemplum
1944 1032 2087 1058 mutuae

1101 1070 1432 1104 communicationis
1450 1072 1486 1105 in
1505 1070 1569 1106 hac
1583 1074 1678 1107 civili
1704 1077 1773 1108 vita
1793 1076 1896 1108 nobis
1922 1075 2084 1120 proposi-

1100 1126 1174 1152 tum
1209 1127 1269 1153 est.
1347 1121 1394 1155 Et
1432 1124 1595 1166 congruit
1620 1124 1732 1168 imago
1750 1127 1793 1158 ad
1818 1127 1950 1166 multa,
1994 1137 2085 1170 quae

1100 1168 1196 1203 Deus
1220 1171 1295 1204 vult
1314 1183 1389 1205 esse
1402 1174 1620 1215 consociata,
1641 1176 1684 1207 ad
1705 1176 1850 1209 verbum
1868 1183 1900 1210 et
1918 1176 2084 1221 spiritum

1100 1228 1278 1262 sanctum,
1303 1222 1387 1255 item
1406 1224 1447 1255 ad
1472 1224 1576 1256 fidem
1612 1231 1645 1258 et
1675 1238 1796 1269 opera.

1199 1270 1420 1314 Ligamenta,
1441 1270 1654 1318 m'rvdeogeoi,
1684 1284 1765 1310 sunt
1789 1277 1947 1310 membra
1965 1276 2086 1309 nervis

1099 1320 1247 1362 similia,
1280 1323 1380 1364 alba,
1406 1325 1613 1367 exsanguia,
1640 1333 1673 1359 et
1694 1327 1770 1359 sine
1793 1328 1962 1361 interiore
1986 1327 2084 1360 cavi-

1099 1378 1186 1410 tate,
1212 1373 1356 1406 duriora
1372 1375 1509 1413 nervis,
1537 1375 1673 1408 tametsi
1696 1377 1885 1409 mediocris
1910 1384 1959 1410 est
1983 1377 2083 1409 duri—

1098 1420 1185 1460 cies,
1211 1433 1256 1453 ne
1282 1422 1389 1455 nimis
1411 1430 1487 1456 tura
1514 1424 1709 1468 impediant
1738 1434 1872 1460 motum
1899 1427 2081 1460 iunctura-

1099 1483 1198 1511 rum,
1226 1484 1314 1505 neve
1335 1473 1443 1506 nimis
1469 1475 1589 1508 mollia
1615 1484 1846 1519 rumpantur,
1871 1484 1932 1511 aut
1953 1477 2083 1511 faciant

1098 1522 1358 1559 dislocationeS.
1410 1523 1665 1567 Cognationem
1686 1525 1817 1562 habent
1836 1540 1915 1561 cum
1932 1528 2085 1568 ossibus,

1098 1585 1169 1605 non
1188 1586 1266 1606 cum
1291 1575 1422 1608 nervis.
1475 1573 1657 1611 Oriuntur
1679 1579 1772 1612 enim
1796 1580 1839 1612 ab
1865 1579 2021 1619 ossibus,
2047 1585 2080 1612 et

1097 1624 1193 1655 omni
1213 1636 1317 1657 sensu
1335 1632 1465 1659 carent.

1197 1673 1341 1708 Utilitas
1367 1683 1416 1709 est
1437 1677 1640 1721 multiplex,
1665 1681 1813 1724 alligant
1838 1681 1975 1714 ossibus
2000 1692 2083 1713 coe-

1097 1730 1169 1756 tera
1200 1727 1377 1765 membra,
1412 1734 1450 1760 ut
1475 1740 1556 1770 cor,
1591 1733 1850 1772 ventriculum,
1885 1731 2078 1771 matricem,

1096 1775 1259 1809 vesicam.
1314 1775 1472 1819 Alligant
1495 1785 1527 1811 et
1550 1783 1729 1814 musculos
1742 1782 1895 1815 ossibus.
1936 1780 2076 1814 Aristo-

1096 1825 1178 1858 teles
1198 1826 1392 1870 improprie
1413 1829 1575 1863 nominat
1595 1844 1733 1873 nervos,
1761 1833 1819 1864 sed
1833 1831 1968 1865 Medici
1986 1837 2076 1864 recte

1095 1875 1300 1910 discernunt
1318 1890 1444 1910 nervos
1464 1886 1494 1912 et
1516 1880 1715 1923 ligamenta.
1767 1881 1830 1916 Est
1854 1883 1948 1915 enim
1971 1881 2077 1914 dissi—

1096 1925 1190 1958 milis
1201 1928 1300 1969 origo
1319 1935 1352 1961 et
1369 1935 1512 1970 natura,
1541 1938 1579 1964 ut
1601 1934 1687 1967 dixi.

1195 1975 1376 2018 chordae,
1403 1978 1581 2021 τίνοντες,
1607 1985 1767 2016 membra
1783 1983 1975 2028 composita
1995 1989 2078 2016 sunt

1094 2077 1130 2109 in
1155 2090 1306 2121 quorum
1331 2081 1612 2117 extremitatibus
1642 2092 1747 2119 natae
1776 2082 1966 2118 trahuntur
1991 2084 2079 2116 inde

1093 2129 1135 2160 ad
1156 2127 1350 2171 iuncturas,
1375 2138 1413 2164 ut
1431 2144 1488 2164 eas
1506 2143 1670 2170 moveant
1686 2148 1766 2169 cum
1783 2135 1961 2169 volumus.
1984 2132 2073 2166 Nam

1091 2180 1273 2213 musculus
1290 2187 1340 2214 est
1363 2183 1557 2217 mediatum
1581 2198 1755 2229 organum
1781 2184 1971 2219 voluntarii
1996 2196 2077 2216 mo-

1091 2236 1147 2263 tus
1185 2230 1452 2272 iuncturarum,
1492 2232 1646 2270 chordae
1681 2237 1947 2274 immediatum,
1983 2246 2077 2279 quae

1090 2281 1233 2325 quidem
1259 2280 1451 2316 trahuntur
1475 2296 1493 2317 a
1519 2287 1693 2320 musculo.
1745 2286 1928 2319 Musculus
1953 2285 2072 2318 vibra—

1089 2337 1147 2364 tus
1172 2332 1298 2375 spiritu
1321 2346 1426 2378 quem
1452 2337 1555 2368 nervi
1576 2339 1758 2377 adferunt,
1795 2343 1963 2370 movetur
1989 2347 2076 2368 suae

1089 2383 1204 2414 carnis
1219 2390 1364 2424 natura,
1390 2391 1422 2418 et
1439 2387 1511 2418 suis
1528 2388 1738 2431 quibusdam
1763 2387 1878 2428 fibris,
1906 2394 1937 2421 et
1955 2399 1990 2419 se
2014 2387 2074 2419 di-

1088 2432 1170 2466 latat
1206 2440 1238 2467 et
1267 2433 1464 2477 contrahit,
1503 2443 1540 2469 ut
1568 2435 1635 2470 hac
1665 2438 1875 2472 dilatatione
1904 2439 1960 2470 vel
1984 2449 2070 2470 cou-

1087 2484 1262 2518 tractione
1283 2484 1401 2519 τίνων
1423 2484 1597 2520 trahatur.
1647 2487 1794 2523 Constat
1822 2489 1933 2531 igitur
1952 2486 2073 2522 τίνων

1086 2545 1127 2566 ex
1145 2546 1258 2568 nervo
1283 2544 1315 2568 et
1333 2536 1539 2579 ligamento,
1564 2544 1604 2571 ut
1622 2550 1753 2573 nervus
1769 2541 1970 2584 suppeditet
1988 2551 2070 2571 sen-

1085 2595 1163 2616 sum
1193 2592 1225 2618 et
1258 2593 1409 2619 motum.
1480 2586 1548 2620 Sed
1576 2600 1623 2621 ne
1645 2599 1868 2635 rumperetur
1891 2591 1955 2624 snit
1980 2601 2071 2633 opus

1084 2634 1155 2667 alio
1190 2635 1336 2668 duriore
1365 2635 1523 2671 vinculo.
1592 2638 1680 2674 Ideo
1704 2643 1868 2676 additum
1895 2650 1946 2677 est
1980 2642 2071 2684 liga-

1082 2691 1256 2720 mentum.
