2379 2948
243 92 315 127 723

241 177 330 208 «licat
352 176 386 207 iu
406 175 542 209 fallacia
562 177 753 209 secundum
778 177 895 220 plures
920 178 1225 223 interrogationes,

243 228 342 263 unm,
372 227 406 259 in
430 227 564 259 fallacia
587 227 842 271 consequentis.

647 308 818 350 Exempla.

392 371 518 413 Lupus
533 371 626 414 apud
641 369 820 416 Aesopum
838 383 976 409 accusat
992 387 1105 416 ovem,
1132 376 1226 420 quod

445 421 563 455 turbet
584 421 728 458 flumen.

395 471 511 505 Simul
528 471 621 505 bibis
640 485 693 506 me
710 475 865 516 bibente,

395 521 535 555 Turbas
555 523 662 566 igitur
678 523 765 558 mihi
784 538 922 571 aquam.

345 571 490 607 Refutat
507 574 582 606 ovis
606 575 821 609 mentionem
839 589 979 618 causae,
1006 585 1039 612 et
1055 579 1227 612 rationem

244 623 466 657 manifestam
485 624 603 665 addit,
629 625 710 670 quia
728 627 872 661 bibebat
892 628 1059 662 inferiore
1075 630 1164 663 loco.

346 673 558 708 Dialecticus
578 676 725 709 diceret:
754 676 850 721 Nego
870 681 1170 724 consequentiam,
1197 688 1230 714 et

244 726 333 758 ratio
355 731 421 765 est,
449 725 530 770 quia
547 732 597 759 est
616 726 751 760 fallacia
770 730 962 762 secundum
988 743 1061 764 non
1090 744 1229 765 causam

244 782 281 808 ut
317 787 466 810 causam.
536 775 625 809 Nam
658 777 783 811 bibens
822 779 988 814 inferiore
1026 783 1120 823 loco,
1157 795 1229 816 non

244 833 357 869 potest
381 838 452 859 esse
478 838 579 859 causa
608 828 822 863 turbationis
853 843 961 875 aquae
985 833 1021 865 in
1049 834 1230 878 superiore

244 877 319 909 loco
338 877 505 912 fluminis.

663 954 811 992 Aliud.

395 1011 491 1046 Deus
508 1015 688 1058 praevidet
703 1024 841 1061 raptum
859 1017 1026 1061 Helenae,

398 1060 491 1107 Ergo
509 1065 585 1109 rapi
601 1065 774 1100 Helenam
797 1081 934 1102 necesse
949 1071 1027 1106 suit.

346 1113 442 1157 Nego
466 1118 771 1161 consequentiam,
807 1127 840 1154 et
865 1121 955 1154 ratio
978 1129 1046 1163 est,
1075 1119 1157 1167 quia
1181 1130 1233 1158 est

244 1164 379 1197 fallacia
399 1167 592 1200 secundum
611 1179 682 1201 non
701 1181 840 1203 causam
867 1178 905 1205 ut
933 1185 1083 1207 causam.
1125 1173 1231 1208 Prae-

244 1215 333 1248 visio
361 1217 453 1248 enim
478 1229 700 1263 nequaquam
727 1221 828 1256 affert
855 1224 1108 1258 necessitatem.
1162 1225 1232 1260 Sed

245 1273 381 1309 poterat
406 1266 505 1300 Paris
534 1270 695 1304 omittere
726 1273 847 1307 scelus.
901 1273 1087 1310 Praevidet
1112 1283 1231 1311 autem

245 1316 341 1350 Deus
364 1325 549 1357 eventum,
578 1321 659 1363 quia
682 1330 866 1356 secuturus
890 1333 981 1367 erat,
1009 1327 1145 1360 etiamsi
1170 1341 1233 1361 vo·-

245 1367 362 1400 luntas
379 1367 489 1401 libera
506 1367 644 1403 Paridis
660 1371 798 1405 frenare
815 1385 850 1407 se
869 1377 994 1418 potuit,
1012 1384 1045 1410 et
1058 1379 1102 1409 ab
1118 1379 1232 1411 aliena

245 1418 428 1453 abstinere.

664 1496 813 1534 Aliud.

400 1554 579 1600 Quicquid
598 1565 699 1601 auget
714 1568 912 1603 peccatum,
938 1574 1011 1596 non
1030 1564 1232 1598 docendum

453 1612 518 1646 est,

398 1655 470 1689 Lex
486 1664 588 1700 auget
606 1666 799 1702 peccatum,

396 1703 490 1751 Ergo
508 1708 563 1741 lex
580 1721 653 1742 non
669 1710 827 1745 docenda
844 1719 905 1748 est.

350 1755 446 1801 Nego
471 1761 778 1806 consequentiam,
805 1770 838 1797 et
862 1764 952 1799 ratio
978 1771 1047 1807 est,
1073 1766 1155 1811 quia
1184 1773 1234 1801 est

246 1807 384 1841 fallacia
400 1809 600 1846 accidentis.
653 1810 744 1845 Nam
760 1813 816 1847 lex
833 1821 884 1848 est
899 1816 993 1849 hona
1004 1841 1012 1855 ‚
1035 1829 1233 1861 congruens

248 1870 326 1891 cum
351 1859 533 1895 voluntate
554 1860 644 1904 Dei,
672 1869 706 1896 et
732 1862 899 1908 prohibet
916 1874 1074 1911 peccata,
1101 1875 1134 1902 et
1149 1869 1232 1913 quia

248 1908 342 1942 Deus
370 1910 443 1944 vult
469 1923 488 1944 a
512 1913 614 1946 nobis
637 1915 795 1959 conspici
819 1928 917 1951 suam
940 1918 1047 1960 iram,
1074 1920 1152 1954 vult
1176 1932 1233 1953 so-

249 1971 332 1992 nare
349 1961 385 1992 in
407 1972 532 2004 genere
550 1961 708 1999 humano
727 1979 848 2001 vocem
864 1969 970 2013 legis,
1004 1977 1044 2005 ut
1062 1978 1233 2005 monstret

246 2017 277 2043 et
299 2018 420 2053 arguat
438 2021 629 2056 peccatum.

349 2060 398 2094 Hi
417 2063 560 2098 effectus
578 2078 700 2100 omnes
720 2075 801 2102 sunt
817 2069 923 2111 boni,
950 2072 1009 2104 sed
1031 2077 1158 2105 natura
1175 2072 1233 2105 in-

249 2112 348 2145 firma
374 2113 412 2145 in
439 2111 665 2158 bominibus,
703 2118 866 2153 irascitur
892 2120 1025 2156 iudicio
1053 2121 1143 2163 Dei,
1184 2123 1232 2158 ita

248 2169 601 2248 augetur-[peccatum
637 2180 655 2201 a
684 2177 808 2205 natura
845 2183 906 2216 per
932 2185 985 2213 se,
1029 2173 1087 2205 sed
1115 2186 1132 2206 a
1158 2174 1232 2218 lege

249 2225 310 2256 per
336 2226 407 2248 acci
436 2227 506 2249 ens.

666 2295 816 2334 Aliud.

398 2352 561 2397 Apostoli
581 2356 708 2390 docent
721 2355 969 2402 Evangelium,

402 2403 567 2439 Turbant
597 2406 706 2450 igitur
734 2410 959 2444 concordiam
994 2411 1089 2445 orbis
1120 2417 1230 2445 terra-

449 2467 540 2491 rum·

324 2502 419 2547 Nego
439 2510 736 2552 consequentiam,
760 2517 791 2544 et
811 2511 901 2545 ratio
919 2519 979 2553 est,
1001 2513 1082 2558 quia
1099 2520 1148 2547 est
1165 2513 1229 2545 fal-

249 2553 334 2586 lacia
355 2556 552 2591 accidentis.
601 2558 690 2593 Nam
708 2572 770 2604 per
784 2573 818 2595 se
834 2574 935 2596 causa
955 2564 1152 2598 discordiae
1167 2576 1229 2597 vo-

247 2604 364 2638 luntas
379 2613 427 2638 est
445 2609 637 2642 multorum
653 2611 843 2655 impiorum
854 2641 862 2654 ,
885 2615 946 2659 qui
965 2615 1093 2650 nolunt
1108 2627 1228 2660 parere

248 2655 323 2688 voci
343 2657 503 2702 divinae,
531 2660 586 2692 cui
604 2661 981 2704 obedientiam-omnes
999 2667 1178 2701 debemus

482 90 689 126 SCRIPTA
718 91 792 127 PII.
821 90 935 126 MEL.
962 92 1028 126 AD
1055 92 1181 127 HIST.
1212 91 1354 130 PROP.
1382 91 1447 128 ΕΤ
1477 64 1669 128 PH1LOS.
1698 91 2015 130 SPECTANTIA.

2193 95 2266 130 724

1700 176 1851 213 Aliud.

1434 237 1610 271 Voluntas
1627 248 1824 280 congruens
1843 249 1921 271 cum
1939 238 2077 280 divina,
2097 247 2146 274 est
2163 241 2268 281 hona,

1435 295 1647 331 ludaeorum
1667 296 1831 330 voluntas
1855 296 2018 340 congruit
2040 309 2118 331 cum
2136 299 2268 341 divina,

1486 348 1569 393 quia
1594 354 1741 381 mortem
1759 346 1844 380 Filii
1859 346 1954 380 Deus
1971 347 2129 389 volebat,
2155 357 2189 384 et
2212 351 2268 384 in·-

1483 399 1594 432 terfici
1614 396 1795 432 Christum
1816 398 1981 432 volebant
1996 397 2130 440 Iudaei,

1435 455 1531 500 Ergo
1551 463 1601 490 est
1621 457 1728 490 bona.

1252 223 1256 252 Ι

1371 522 1530 557 Solvitur
1547 536 1608 568 per
1624 523 1889 558 inficiationem.
1920 522 2090 566 Neganda
2108 530 2157 557 est
2174 524 2269 557 enim

1283 574 1421 614 minor,
1449 586 1487 607 ac
1510 575 1652 607 ducitur
1669 581 1915 617 argumentum
1934 587 1973 607 ex
1996 586 2071 607 non
2094 575 2272 608 sufficien-

1283 626 1381 658 tibus
1397 625 1521 660 causis.
1554 624 1644 657 Nam
1660 626 1773 658 maior
1789 626 1834 659 ita
1852 627 1993 658 demum
2013 637 2093 658 vera
2110 632 2173 666 est,
2192 637 2272 659 cum

1285 675 1447 709 voluntas
1481 682 1601 708 nostra
1631 676 1795 719 congruit
1827 688 1905 709 cum
1936 677 2119 710 voluntate
2149 676 2272 709 divina

1285 727 1379 760 iuxta
1398 738 1521 759 omnes
1538 737 1667 760 causaS.
1714 725 1815 759 Falsa
1835 734 1885 760 est
1904 727 2011 770 igitur
2029 727 2164 768 minor,
2189 727 2272 772 quia

1284 777 1498 811 Iudaeorum
1516 778 1680 810 voluntas
1698 788 1921 821 nequaquam
1936 779 2131 812 secundum
2150 789 2272 811 omnes

1285 839 1404 861 causas
1425 828 1589 871 congruit
1607 839 1686 861 cum
1704 827 1885 860 voluntate
1907 828 2039 862 divina.
2092 828 2273 862 Differunt

1286 879 1380 912 enim
1404 879 1442 911 in
1465 879 1677 912 immensum
1694 878 1924 924 impulsivae‚
1951 880 2118 913 formales
2133 886 2166 913 et
2184 880 2273 913 fina-

1286 931 1335 963 les
1361 941 1502 969 causae‚
1530 941 1619 975 quae
1642 929 1777 963 faciunt
1800 929 2006 963 discrimina
2031 930 2210 982 act-ionum
2235 931 2273 963 in

1286 981 1478 1014 infinitum·

1389 1039 1431 1072 In
1447 1038 1587 1073 Iudaeis
1604 1039 1793 1084 impulsiva
1818 1050 1920 1073 causa
1935 1047 1986 1074 est
2005 1040 2133 1074 ardens
2150 1040 2273 1074 odium

1286 1091 1453 1124 adversus
1483 1091 1681 1131 doctorem,
1715 1097 1892 1125 taxantem
1923 1092 2051 1125 scelera
2084 1097 2118 1125 et
2148 1102 2274 1135 pravas

1286 1142 1484 1186 opiniones.
1536 1140 1718 1182 Formale,
1753 1143 1848 1187 quod
1880 1142 2007 1175 volunt
2031 1142 2070 1174 in
2095 1142 2170 1186 ipsa
2194 1152 2274 1186 pas-

1287 1193 1404 1231 sione,
1431 1199 1482 1226 est
1506 1192 1580 1236 ipse
1603 1193 1778 1226 cruciatus
1805 1199 1837 1226 et
1862 1193 2044 1234 laceratio,
2070 1204 2177 1238 quam
2200 1192 2274 1225 vel-

1286 1244 1361 1277 lent
1385 1255 1456 1277 esse
1481 1250 1668 1279 aeternam.
1722 1242 1864 1277 Finales
1885 1256 2007 1277 causae
2032 1251 2132 1285 sunt,
2165 1250 2205 1277 ut
2227 1243 2275 1276 ita

1287 1295 1432 1329 tollatur
1451 1292 1507 1327 hic
1523 1294 1664 1333 doctor,
1692 1306 1737 1327 ne
1753 1295 1957 1336 reviviscat,
1985 1301 2017 1328 et
2034 1301 2073 1328 ut
2087 1294 2274 1326 confirme-

1287 1352 1345 1379 tur
1380 1345 1522 1379 licentia
1559 1345 1740 1379 scelerum.
1802 1345 1872 1376 Sed
1907 1342 2095 1387 impulsiva
2128 1354 2274 1376 movens

1287 1395 1421 1435 Deum,
1448 1400 1499 1427 est
1515 1396 1686 1427 immensa
1710 1393 1952 1426 misericordia
1967 1404 2047 1436 erga
2071 1404 2179 1436 genus
2204 1391 2273 1427 hu-

1288 1457 1453 1485 manum,
1489 1451 1523 1478 et
1546 1444 1619 1488 ipsa
1644 1443 1728 1477 Filii
1750 1443 1971 1485 intercessio,
1999 1443 2062 1489 qui
2085 1455 2119 1476 se
2143 1444 2274 1478 obtulit

1288 1497 1331 1529 ad
1355 1507 1505 1540 poenam
1528 1507 1591 1539 pro
1614 1494 1718 1527 nobis
1739 1494 1916 1528 luendam.
1972 1494 2152 1535 Formale,
2177 1495 2274 1540 quod

1288 1547 1364 1580 vult
1378 1546 1474 1579 Deus
1498 1545 1535 1578 in
1558 1545 1737 1589 passione,
1765 1551 1814 1578 est
1831 1557 1904 1578 non
1928 1544 2173 1589 principaliter
2193 1557 2274 1579 cru-

1287 1598 1416 1637 ciatus,
1443 1597 1501 1629 sed
1519 1596 1720 1629 obedientia
1736 1595 1832 1628 Filii.
1884 1594 2026 1629 Finales
2042 1607 2165 1629 causae
2179 1602 2274 1637 sunt,

1287 1655 1327 1682 ut
1351 1648 1402 1680 ira
1427 1647 1563 1690 placata
1588 1659 1650 1691 per
1669 1645 1759 1680 hanc
1775 1646 2030 1685 obedientiam,
2057 1646 2198 1680 satisfiat
2217 1647 2274 1680 iu-

1288 1699 1406 1730 sticiae
1424 1697 1514 1737 Dei,
1542 1703 1574 1729 et
1593 1703 1632 1729 ut
1651 1697 1745 1729 filius
1771 1697 1844 1740 ipse
1867 1696 2071 1737 reviviscat,
2098 1703 2131 1731 et
2153 1705 2274 1741 regnet

1288 1748 1326 1780 in
1343 1754 1483 1780 aeterna
1500 1746 1757 1780 consuetudine
1773 1758 1852 1780 cum
1867 1753 2009 1780 aeterno
2026 1746 2141 1787 Patre,
2169 1755 2203 1782 et
2221 1748 2274 1783 ihi

1287 1799 1411 1832 reddat
1425 1796 1635 1832 haereditati
1651 1809 1733 1831 suae
1749 1797 1857 1831 vitam
1875 1805 1907 1831 et
1922 1798 2070 1832 salutem
2085 1806 2273 1833 aeternam.

1288 1848 1434 1884 Constat
1463 1849 1572 1892 igitur
1606 1860 1829 1894 nequaquam
1861 1860 2053 1892 congruere
2083 1861 2202 1883 causas
2233 1850 2272 1882 in

1286 1900 1362 1934 Deo
1386 1907 1418 1935 et
1435 1899 1592 1940 Iudaeis,
1620 1899 1757 1934 etiamsi
1781 1899 1820 1932 in
1842 1899 1936 1933 idem
1957 1900 2134 1933 obiectum
2150 1899 2272 1934 incur-

1287 1958 1389 1990 runt,
1417 1958 1456 1986 ut
1472 1948 1669 1994 Chirurgus
1687 1957 1720 1984 et
1743 1951 1832 1984 latro
1855 1950 1893 1983 in
1912 1951 2006 1984 idem
2023 1950 2197 1985 obiectum
2214 1951 2272 1984 in-

1287 2010 1452 2041 currunt,
1487 2009 1520 2036 et
1543 2008 1691 2046 uterque
1716 2001 1849 2046 aliquid
1879 2008 1988 2042 secat,
2023 2002 2082 2034 sed
2108 2001 2272 2035 dissimili

1286 2055 1393 2087 modo
1412 2060 1444 2087 et
1464 2052 1697 2086 dissimilibus
1714 2052 1837 2086 causis.
1892 2050 1988 2085 Haec
2006 2053 2164 2097 exempla
2180 2053 2271 2086 reci-

1285 2105 1376 2146 tavi,
1407 2112 1446 2138 ut
1470 2104 1606 2137 discant
1628 2103 1785 2137 iuniores
1809 2114 1974 2136 revocare
1997 2109 2204 2147 argumenta
2225 2105 2270 2138 ad

1285 2156 1421 2196 fontes,
1456 2156 1500 2189 ad
1530 2154 1773 2194 definitiones,
1814 2153 2025 2195 divisiones,
2064 2165 2203 2196 causas,
2237 2162 2270 2190 et

1256 2203 1260 2260 j
1286 2207 1373 2240 alios
1392 2207 1498 2240 locos.
1553 2204 1604 2239 lta
1629 2205 1758 2238 rectius
1775 2202 2042 2248 deprehendent
2065 2205 2213 2239 insidias
2236 2213 2269 2240 et

1257 2261 1260 2327 ι
1285 2269 1405 2291 causas
1429 2256 1591 2290 falsitatis
1614 2255 1652 2288 in
1673 2256 1841 2289 membris
1856 2262 2157 2300 argumentorum.
2210 2255 2268 2290 Si·

1286 2309 1359 2342 mul
1375 2308 1479 2342 etiam
1496 2306 1661 2347 ostendit,
1684 2307 1814 2352 quibus
1831 2307 1916 2340 locis
1932 2319 2020 2352 quae
2035 2307 2194 2340 fallaciae
2210 2318 2267 2340 ac-

1284 2359 1562 2393 commodandae
1579 2357 1660 2398 sint,
1687 2358 1785 2391 cuius
1801 2357 1993 2392 vicinitatis
2008 2357 2265 2391 animadversio

1255 2404 1259 2455 Ῐ
1284 2411 1434 2445 multum
1451 2409 1540 2443 lucis
1555 2408 1656 2442 affert
1673 2408 1856 2442 doctrinae
1873 2409 2033 2454 sequenti
2049 2409 2091 2441 de
2106 2408 2265 2451 fallaciis,

1256 2491 1257 2502 ,
1285 2469 1322 2495 ut
1350 2474 1428 2495 curn
1460 2460 1629 2501 dicimus,
1663 2458 1921 2494 Definitionum
1947 2459 2161 2502 corruptelas
2193 2469 2265 2492 esse

1255 2506 1257 2549 J
1282 2512 1607 2558 aequivocationes,
1636 2518 1669 2545 et
1684 2511 1856 2544 fallaciam
1875 2509 2082 2552 accidentis,
2110 2510 2178 2542 iam
2201 2509 2264 2543 scit

1255 2555 1257 2585 Ι
1282 2564 1460 2597 studiosus
1483 2563 1736 2595 recurrendum
1761 2573 1832 2595 esse
1847 2562 1891 2594 ad
1909 2560 2042 2600 fontes,
2069 2558 2121 2593 Ac
2146 2561 2263 2604 inspe-

1254 2614 1256 2647 ἰ
1282 2615 1344 2647 ctis
1361 2615 1450 2648 veris
1467 2613 1753 2651 definitionibus,
1781 2611 1977 2655 corruptela
2001 2610 2180 2643 emendari
2197 2622 2262 2655 po-

1253 2677 1256 2707 1
1281 2666 1370 2701 terit.
1428 2665 1531 2699 Absit
1555 2671 1671 2698 autem
1696 2662 1851 2697 studium
1884 2660 2014 2694 nimiae
2045 2661 2262 2703 subtilitatis,
