2379 2948
144 87 219 122 209
710 85 774 122 111.

145 178 233 204 esset
255 170 360 203 unico
385 182 495 204 cornu
531 183 568 204 ex
599 171 712 203 media
748 171 864 204 fronte
896 169 1131 214 prominente,

144 221 252 266 idque
275 227 371 254 vates
388 222 588 265 prodigium
609 232 681 254 esse
697 221 872 260 dicerent,
899 220 1018 252 ridens
1033 218 1132 252 Ana-

143 282 288 314 xagoras
316 272 403 305 dixit
427 272 559 305 cerebri
583 271 799 304 ventriculos
824 271 988 304 confusos
1019 281 1130 302 unum

145 333 256 356 cornu
274 322 445 363 edidisse,
471 334 509 355 ac
536 327 627 354 secto
652 321 765 364 capite
790 333 929 354 causam
955 326 1131 353 monstra-

143 372 205 405 vit.
255 372 327 406 Nec
353 372 553 415 negandum
576 377 626 404 est
649 372 759 405 multa
788 383 860 406 esse
884 371 1028 416 ἄσημα,
1066 371 1129 404 ubi

143 423 289 456 materia
314 434 414 462 casu,
441 422 488 454 ita
514 433 727 455 concurrens
751 423 901 465 speciem
925 422 1129 455 inusitatam

143 473 259 509 efficit.
313 472 380 507 Sed
397 483 469 506 non
487 478 672 516 propterea
688 473 807 506 omnia
825 480 907 507 sunt
925 471 1063 517 (lomna,
1091 479 1130 506 ut

140 523 233 557 infra
252 524 416 558 dicemus,

243 582 364 615 Altera
396 592 499 614 causa
533 581 814 625 contingentiae,
864 594 953 627 quae
984 581 1127 625 propria

141 640 192 667 est
208 632 386 665 actionum
404 629 662 672 humanarum,
690 639 739 666 est
763 633 908 666 libertas
935 632 1127 665 voluntatis

141 681 336 722 humanae,
364 694 453 726 quae
479 689 530 716 est
555 683 703 717 facultas
728 683 776 716 sic
801 683 914 717 indita
939 681 1126 716 hominum

139 739 287 766 naturae
306 739 345 766 ut
361 733 496 776 possint
513 733 604 766 velle
626 734 822 775 obiectum,
850 735 944 778 quod
974 733 1127 766 ostendit

139 794 220 826 pars
252 794 483 825 cognoscens,
525 791 587 818 aut
619 784 782 824 reticere,
825 791 885 818 aut
914 784 1127 827 suspendere

138 833 334 867 voluntatis
351 834 567 868 electionem.
600 834 696 867 Ilaec
718 835 860 868 libertas
880 834 958 867 sons
975 841 1024 867 est
1042 846 1127 867 con-

136 883 329 927 tingentiae
349 882 586 918 humanarum
603 885 796 924 actionum,
819 897 859 919 ac
873 885 983 918 multa
1001 885 1037 917 in
1055 884 1125 918 vita

138 935 323 977 gubernat.

237 991 323 1029 Esse
333 1001 450 1028 autem
470 992 562 1028 hanc
578 994 777 1028 libertatem
796 1001 829 1028 et
846 994 1124 1037 contingentiam

136 1043 292 1088 primum
311 1045 524 1089 experientia
551 1046 719 1079 ostendit.
771 1044 943 1078 Videmus
960 1045 1124 1078 volunta-

137 1101 206 1127 tem
222 1094 365 1128 differre
390 1108 409 1129 a
434 1096 624 1139 lapidibus.
677 1096 831 1140 Lapides
848 1096 892 1128 ad
910 1107 1022 1129 unum
1046 1107 1124 1128 mo-

137 1151 213 1178 tum
234 1146 399 1179 deorsum
424 1147 586 1180 inclinati
617 1154 719 1187 sunt,
764 1153 799 1179 at
833 1146 998 1179 voluntas
1032 1146 1123 1178 velle

136 1201 250 1238 potest
274 1197 427 1228 oblatam
452 1197 658 1240 pecuniam,
692 1203 752 1229 aut
775 1197 942 1236 reiicere,
970 1202 1029 1229 aut
1046 1207 1122 1229 sus-

134 1245 288 1288 pendere
313 1246 531 1280 electionem.
585 1245 724 1280 Deinde
750 1247 866 1289 legum
893 1253 925 1279 et
941 1247 1122 1279 doctrinae

135 1295 270 1328 utilitas
286 1296 384 1328 nulla
409 1304 513 1334 esset,
541 1296 569 1328 si
593 1297 771 1338 quaelibet
796 1298 959 1330 voluntas
983 1303 1121 1330 tantum

134 1345 329 1377 necessario
360 1356 441 1377 suos
472 1344 645 1389 quosdam
678 1348 828 1388 impetus
860 1345 1023 1388 haberet,
1057 1358 1122 1379 nec

134 1394 210 1439 ipsa
230 1406 265 1428 se
281 1396 323 1428 ad
342 1395 434 1438 leges
451 1395 588 1428 flectere
607 1401 734 1438 posset.

239 1453 280 1486 In
299 1451 454 1487 Ecclesia
480 1461 597 1487 autem
623 1454 821 1487 firmissima
847 1453 937 1486 ratio
959 1453 1120 1487 traditur.

134 1503 378 1538 Certissimum
395 1512 445 1538 est
467 1511 501 1538 et
518 1511 667 1549 utraque
684 1516 790 1537 manu
803 1531 811 1545 ,
839 1504 894 1536 vel
914 1504 1030 1548 potius
1046 1510 1119 1537 toto

132 1562 275 1599 pectore
299 1556 491 1589 tenendum
516 1563 586 1594 est,
628 1555 742 1589 Deum
775 1567 849 1588 non
880 1566 953 1588 esse
982 1566 1118 1588 causam

133 1606 286 1650 peccati,
313 1618 376 1640 nec
392 1607 499 1647 velle,
523 1619 587 1640 nec
604 1606 800 1650 adprobare
822 1612 1022 1650 peccatum,
1056 1617 1120 1638 nec

132 1657 332 1700 impellere,
367 1669 429 1690 nec
453 1669 574 1700 cogere
600 1658 799 1690 voluntates
824 1657 867 1689 ad
892 1656 1120 1700 peccandum.

133 1705 234 1741 Sicut
259 1707 428 1751 scriptum
451 1715 502 1741 est
526 1707 668 1740 Psalmo
694 1706 745 1741 5.:
781 1706 862 1740 Non
879 1705 975 1740 Deus
997 1707 1120 1739 volens

134 1757 352 1802 impietatem
371 1765 409 1791 tu
428 1769 472 1791 es.
526 1757 599 1790 Iam
617 1758 644 1790 si
664 1758 761 1791 nulla
779 1764 866 1791 esset
887 1757 1030 1791 libertas
1057 1769 1120 1790 vo-

134 1808 283 1841 luntatis
298 1806 493 1847 hnmanae,
523 1815 555 1842 et
573 1809 670 1842 nulla
689 1806 924 1842 humanarum
941 1807 1119 1840 actionum

134 1859 394 1903 contingentia,
428 1860 628 1893 voluntates
653 1865 849 1902 peccassent
872 1865 904 1891 et
928 1864 1120 1902 peccarent,

133 1910 217 1955 quia
242 1911 291 1943 sic
320 1910 517 1954 impelleret
547 1917 606 1943 aut
633 1917 770 1953 cogeret
791 1908 904 1950 Deus,
941 1916 1000 1942 aut
1029 1915 1120 1942 certe

135 1960 218 2005 quia
241 1959 338 1994 Deus
366 1961 470 1994 vellet
503 1967 693 2005 peccatum.
754 1960 849 1994 Haec
881 1971 960 1992 cum
987 1970 1121 2003 nequa—

133 2023 239 2056 quam
257 2012 475 2045 admittenda
491 2012 580 2050 sint,
606 2011 680 2045 sine
698 2012 769 2045 ulla
787 2010 1027 2048 dubitatione,
1056 2009 1121 2042 ali-

135 2073 204 2106 qua
218 2069 268 2096 est
283 2063 427 2097 libertas
443 2063 655 2104 voluntatis,
684 2069 718 2096 et
740 2061 979 2106 contingentia
1002 2061 1120 2106 aliqua

131 2108 367 2147 humanarum
389 2114 582 2148 actionum.

237 2171 328 2206 Vere
361 2173 525 2207 irascitur
555 2173 650 2208 Deus
678 2174 845 2218 peccat0,'
884 2183 991 2218 quare
1020 2170 1119 2205 stoici

133 2222 272 2255 furores
287 2224 471 2257 execrandi
487 2231 581 2263 sunt,
601 2223 663 2270 qui
682 2221 981 2258 finxeruntDeum
998 2233 1120 2256 omnes

134 2279 280 2306 eventus
297 2275 498 2317 ordinasse,
525 2287 590 2309 nec
605 2276 709 2309 aliter
728 2287 869 2310 movere
893 2275 1029 2319 ipsum,
1060 2279 1120 2306 aut

133 2324 270 2357 moveri
296 2324 487 2370 quidquam
511 2337 628 2370 posse,
664 2338 769 2372 quam
796 2333 835 2360 ut
858 2332 939 2360 sunt
963 2324 1119 2359 ordinati

134 2381 263 2409 motus.
325 2373 432 2408 Hune
455 2377 616 2410 ordinem
640 2390 719 2411 cum
751 2378 853 2418 velit,
895 2377 985 2409 velle
1015 2375 1117 2408 etiam

134 2426 309 2460 malorum
328 2426 467 2459 scelera.
518 2426 614 2462 Haec
635 2429 866 2462 deliramenta
881 2427 1067 2470 fugiamus.

237 2492 324 2527 Vult
341 2491 438 2526 Deus
455 2496 682 2537 congruentia
700 2507 781 2529 suae
803 2495 998 2535 voluntati,
1025 2501 1057 2528 et
1074 2493 1120 2526 li-

135 2543 290 2577 berrime
321 2544 498 2585 decernit,
539 2552 577 2578 ut
605 2545 690 2579 fiant
722 2547 837 2587 hona,
870 2546 1120 2589 liberrimeque

136 2595 301 2635 adiuvat,
318 2601 358 2629 ut
373 2594 506 2641 Cyrum
519 2595 662 2629 adiuvat
679 2596 716 2628 in
735 2598 940 2640 occupando
960 2595 1120 2640 imperio.

135 2642 290 2679 Econtra
315 2658 387 2679 non
423 2647 498 2680 vult
521 2644 683 2691 Astyagis
717 2654 775 2681 aut
798 2647 949 2681 Neronis
981 2647 1121 2681 scelera.

190 2698 366 2729 Mmaxrn.
397 2699 499 2730 Oeen.
525 2699 607 2729 Vox..
636 2697 729 2729 XIII.

828 84 985 120 INITIA
1011 83 1307 121 DOCTRINAE
1334 86 1586 125 PHYSICAE.

2097 97 2172 132 210

1185 168 1253 202 Sed
1281 171 1476 205 vol’untates
1499 171 1683 207 hominum
1707 186 1770 219 per
1792 187 1882 217 sese,
1911 185 1943 212 et
1969 180 2110 223 propria
2126 181 2169 214 li-

1185 219 1318 252 bertate
1342 221 1528 256 discedunt
1563 236 1582 256 a
1607 225 1726 267 regula
1750 226 1889 267 divina,
1925 235 1957 261 et
1984 230 2107 264 volunt
2131 243 2168 264 ac

1183 268 1319 312 eligunt
1341 273 1533 313 pugnantia
1559 286 1637 307 cum
1664 276 1737 319 lege
1754 276 1840 320 Dei,
1870 284 1903 311 et
1928 278 2046 323 aliquo
2063 283 2168 314 modo

1183 327 1328 373 possent
1348 321 1415 353 sibi
1442 320 1630 365 imperare,
1658 338 1701 358 ne
1726 327 1880 361 facerent
1905 336 2046 362 externa
2070 331 2170 373 flagi-

1183 370 1242 405 tia.
1296 370 1367 403 §ec
1393 383 1532 404 necesse
1558 380 1606 406 est
1623 375 1796 420 Astyagen
1823 379 1987 420 praebere
2004 378 2167 424 Harpago

1182 420 1294 454 filium
1321 423 1582 460 mandendum,
1611 435 1673 456 nec
1698 437 1834 460 necesse
1855 436 1905 462 est
1930 429 2107 463 Neronem
2134 443 2168 464 se

1182 471 1384 515 parricidiis
1401 479 1432 506 et
1452 473 1641 505 teterrimis
1659 473 1869 510 libidinibus
1886 479 2054 522 polluere.

1284 528 1439 564 Honeste
1467 536 1499 563 et
1521 541 1601 562 vere
1625 530 1757 564 dictum
1784 540 1834 566 est
1857 536 1899 567 ab
1922 534 2111 580 Euripide:
2138 539 2164 571 εἰ

1180 576 1249 623 μὲν
1271 578 1357 614 θεοί
1378 593 1412 613 τι
1442 577 1583 626 δρῶσιν
1608 580 1764 627 αἰσχρὸν
1791 582 1858 617 οὐκ
1875 585 1964 619 εἰσιν
1983 586 2076 622 thol.
2129 588 2169 622 Si

1181 631 1265 675 quid
1292 631 1344 663 dii
1360 638 1463 675 turpe
1484 631 1636 672 faciunt,
1665 644 1737 665 non
1765 640 1845 667 sunt
1870 634 1932 668 dii.
1985 636 2057 669 Nos
2085 651 2166 672 vero

1180 681 1217 713 in
1234 679 1390 714 Ecclesia
1409 688 1590 715 teneamus
1607 682 1807 716 testimonia
1832 684 2004 719 divinitus
2029 689 2168 727 tradita,

1180 743 1269 775 quae
1294 732 1481 765 adfirmant
1507 730 1621 765 Deum
1646 744 1719 766 non
1743 745 1815 767 esse
1842 746 1979 767 causam
2010 745 2169 779 peccato-

1179 793 1278 823 rum,
1306 780 1372 816 hoc
1394 789 1462 823 est,
1489 794 1553 815 nec
1576 783 1687 824 velle,
1714 796 1778 817 nec
1800 785 1997 828 adprobare
2020 794 2171 829 peccata,

1179 843 1244 865 nec
1258 833 1439 877 impellere
1457 834 1656 867 voluntates
1672 835 1715 867 ad
1733 837 1961 879 peccandum.
1998 835 2073 869 Hac
2090 849 2170 870 sen-

1178 883 1287 917 tentia
1307 885 1515 925 constituta,
1539 884 1738 918 libertatem
1755 886 1909 930 aliquam
1932 887 2016 929 poni
2041 888 2169 920 volun-

1179 939 1310 974 tatum,
1338 941 1370 968 et
1394 935 1522 968 deinde
1544 934 1748 977 actionum,
1772 947 1861 980 quae
1883 948 1902 970 a
1926 937 2169 971 voluntatibus

1179 980 1364 1018 hominum
1381 985 1563 1026 oriuntur,
1590 984 1625 1018 id
1643 992 1711 1026 est,
1737 986 2015 1030 contingentiam
2033 989 2169 1032 perspi-

1177 1046 1282 1068 cuum
1303 1042 1365 1069 est.

1278 1092 1469 1139 Postquam
1486 1100 1603 1128 autem
1621 1095 1802 1136 recensui,
1830 1108 1919 1141 quae
1935 1096 2006 1130 sint
2028 1096 2168 1141 simpli-

1177 1143 1263 1176 citer
1281 1142 1480 1177 Necessaria
1492 1169 1502 1185 ,
1531 1145 1660 1177 deinde
1678 1157 1767 1189 quae
1783 1147 1827 1179 sit
1847 1144 1991 1191 physica
2018 1148 2168 1180 necessi-

1175 1200 1246 1234 tas,
1275 1206 1314 1227 ac
1331 1202 1516 1238 postrema,
1545 1207 1633 1239 quae
1647 1195 1722 1229 sint
1741 1194 2006 1239 Contingentia,
2035 1204 2067 1230 et
2087 1198 2166 1242 quis

1176 1244 1220 1277 sit
1236 1245 1316 1277 fons
1332 1245 1611 1287 contingentiae,
1638 1257 1733 1278 nunc
1750 1254 1954 1288 argumenta
1985 1248 2092 1280 stoica
2111 1248 2167 1279 di-

1174 1294 1289 1336 luam,
1317 1307 1467 1339 quorum
1488 1295 1643 1339 primum
1665 1303 1698 1329 et
1713 1297 2006 1339 speciosissimum
2027 1295 2093 1330 hoc
2105 1304 2165 1331 est.

1277 1353 1460 1387 Secundae
1470 1365 1592 1387 causae
1602 1366 1674 1386 non
1686 1362 1832 1397 possunt
1842 1366 1942 1397 agere
1953 1355 2027 1388 sine
2041 1355 2166 1399 prima,

1279 1411 1482 1449 Secundae,
1517 1411 1682 1444 videlicet
1710 1412 1877 1446 coelestes
1901 1419 1933 1446 et
1960 1414 2168 1454 materiales,

1174 1461 1369 1494 necessario
1388 1467 1508 1504 agunt.

1275 1509 1370 1554 Ergo
1388 1518 1421 1544 et
1436 1511 1549 1555 prima
1568 1512 1764 1546 necessario
1782 1513 1863 1555 agit.

1433 1569 1647 1615 Respondeo
1663 1571 1706 1604 a'd
1724 1571 1912 1604 maiorem:

1276 1628 1460 1663 Secundae
1477 1641 1551 1662 non
1569 1637 1716 1674 possunt
1733 1641 1834 1673 agere
1851 1630 1926 1664 sine
1944 1630 2075 1675 prima,
2097 1633 2164 1665 sci-

1173 1680 1254 1714 licet
1278 1686 1508 1714 conservante
1534 1681 1763 1724 posteriores,
1795 1693 1853 1714 seu
1884 1682 1956 1713 vim
1991 1683 2164 1725 posterio-

1173 1743 1270 1771 rum,
1299 1743 1404 1775 quarn
1421 1737 1622 1771 conservat,
1651 1731 1764 1776 qualis
1783 1738 1833 1764 est
1859 1731 2021 1770 condita,
2049 1740 2162 1766 servat

1174 1781 1244 1813 vim
1270 1781 1383 1824 ignis,
1411 1788 1450 1814 ut
1473 1788 1523 1814 est
1548 1781 1729 1819 conditus,
1757 1781 1905 1820 scilicet,
1933 1788 1973 1814 ut
1996 1789 2073 1824 agat
2098 1794 2163 1816 na-

1173 1832 1344 1865 turaliter.
1397 1829 1446 1864 At
1461 1831 1532 1863 vim
1554 1831 1746 1864 voluntatis
1765 1828 1940 1864 humanae
1966 1839 2097 1872 servat,
2123 1840 2162 1866 ut

1174 1889 1253 1925 agat
1276 1882 1396 1916 libere.
1449 1880 1633 1915 Praeterea
1657 1882 1720 1915 etsi
1743 1893 1865 1914 verum
1888 1888 1956 1921 est,
1990 1884 2160 1916 secundas

1173 1945 1246 1965 non
1264 1944 1363 1977 posse
1381 1943 1483 1975 agere
1500 1931 1574 1964 sine
1590 1932 1722 1976 prima,
1748 1938 1865 1965 tamen
1882 1932 1995 1976 prima
2014 1944 2088 1966 non
2109 1941 2160 1968 est

1174 1983 1315 2026 alligata
1332 1982 1516 2023 secundis,
1538 1994 1602 2015 nec
1627 1989 1767 2027 oportet
1791 1983 1938 2016 modum
1961 1983 2087 2026 agendi
2111 1984 2160 2016 si-

1172 2034 1294 2067 milem
1313 2044 1385 2066 esse
1402 2033 1536 2077 primae
1555 2045 1677 2067 causae
1698 2040 1730 2066 et
1747 2034 1980 2066 secundarum
1993 2059 2003 2073 ,
2027 2040 2067 2066 ut
2092 2034 2158 2066 ali-

1172 2091 1226 2118 ter
1240 2085 1310 2128 agit
1327 2084 1462 2122 artifex,
1486 2083 1589 2118 aliter
1604 2084 1748 2117 materia
1766 2096 1870 2128 quam
1888 2081 2045 2116 adhibet.
2078 2082 2157 2116 Me·-

1172 2137 1271 2169 dicus
1287 2135 1397 2168 libere
1417 2135 1504 2178 agit,
1529 2135 1724 2168 remedium
1740 2146 1824 2167 vero
1842 2133 2062 2167 naturaliter.
2096 2133 2156 2167 Sic

1172 2187 1268 2221 adest
1276 2184 1372 2219 Deus
1387 2185 1554 2219 omnibus
1568 2185 1730 2219 secundis
1749 2185 1859 2217 causis
1875 2183 2066 2223 liberrime,
2082 2195 2157 2216 non

1172 2244 1212 2271 ut
1237 2237 1367 2271 stoicus
1391 2237 1497 2274 deus,
1523 2236 1583 2269 sed
1603 2242 1642 2270 ut
1658 2246 1762 2279 agens
1780 2235 1948 2267 liberum:
1976 2233 2046 2276 agit
2069 2245 2156 2278 qua-

1172 2296 1274 2323 tenus
1290 2287 1385 2328 vult,
1412 2294 1445 2320 et
1461 2293 1631 2332 quantum
1655 2286 1748 2323 vult,
1777 2284 1965 2317 liberrime.
2018 2282 2103 2317 Ideo
2122 2291 2155 2317 et

1173 2339 1330 2383 exempla
1347 2344 1465 2371 extant
1482 2337 1518 2370 in
1536 2336 1710 2374 Ecclesia,
1738 2346 1826 2379 quae
1841 2334 2033 2367 ostendunt
2050 2341 2155 2367 natu-

1171 2403 1245 2423 ram
1270 2401 1387 2423 rerum
1412 2388 1586 2422 voluntati
1609 2386 1676 2420 Dei
1700 2396 1834 2429 parere.
1895 2383 1943 2418 Ut
1966 2383 2065 2417 Mare
2092 2397 2155 2418 ru·—

1172 2442 1274 2475 brum
1299 2441 1534 2483 interruptum
1563 2445 1629 2477 est,
1671 2447 1783 2481 aquae
1804 2434 2055 2477 constiterunt,
2089 2433 2153 2469 Sol

1173 2493 1276 2526 etiam
1295 2502 1469 2533 regressus
1487 2494 1549 2522 est.

1274 2542 1369 2575 Haec
1396 2547 1445 2572 est
1470 2550 1551 2570 vera
1575 2544 1609 2571 et
1632 2535 1732 2570 firma
1759 2536 1887 2571 solutio
1913 2533 2019 2569 huius
2049 2546 2153 2579 argu-

1173 2593 1302 2632 menti,
1328 2602 1416 2635 quae
1433 2594 1576 2633 propter
1599 2587 1857 2622 invocationem
1873 2585 1940 2620 Dei
1960 2586 2152 2619 necessaria

1173 2651 1233 2678 est.
1293 2641 1382 2675 Nam
1400 2641 1495 2674 iuxta
1511 2640 1654 2673 stoicam
1673 2638 1960 2683 imaginationem
1981 2637 2079 2671 irrita
2103 2642 2153 2669 est

1603 2689 1649 2725 14
