2379 2948
211 104 305 138 1031

342 191 675 237 Argumentum
707 199 761 222 ac
790 187 1051 234 dispositio

540 239 699 278 Psalmi
729 239 847 280 VIII.

259 297 419 332 Domine
451 298 557 330 Deus
587 301 713 331 noster
743 308 858 342 quam
888 296 1111 332 admirabile
1138 301 1194 332 est

259 359 393 382 nomen
418 352 526 382 tuum
561 353 627 382 etc.

310 398 514 432 Gratiarum
540 399 629 431 actio
645 405 715 440 est,
743 405 777 432 et
801 399 1008 433 vaticinium
1035 400 1078 432 de
1104 399 1195 432 libe-

208 448 343 482 ratione
375 457 407 482 et
435 450 547 492 gloria
570 456 712 483 aeterua
736 449 931 492 Ecclesiae,
965 451 1128 484 collectae
1154 462 1194 482 ex

207 506 280 533 toto
298 511 422 543 genere
440 498 607 535 humano.
646 498 692 534 Et
708 508 757 534 est
775 503 1007 545 opponendus
1024 500 1080 534 hic
1097 500 1194 534 Psal-

206 562 284 583 mus
309 549 390 584 huic
413 552 524 584 dicto:
553 550 740 595 Optimum
767 564 840 585 non
865 553 978 592 nasci,
1005 559 1064 585 aut
1088 564 1192 597 quam

207 601 388 635 celerrime
411 603 586 645 extingui,
616 604 710 647 quod
729 603 862 636 dictum
883 615 1003 636 verum
1030 609 1136 643 esset,
1165 603 1194 636 si

207 649 314 685 homo
340 660 474 687 tautum
499 655 543 687 ad
569 650 659 686 hanc
676 665 920 687 aerumnosam
939 654 1044 687 vitam
1064 661 1194 686 morta—

208 703 277 735 lem
306 704 469 737 conditus
504 711 602 738 esset.
665 704 788 747 Longe
822 705 915 737 enim
949 705 1104 738 tristiora
1135 711 1194 737 aut

207 754 379 787 atrociora
400 755 490 788 mala
515 755 677 788 accidunt
695 753 851 796 homiui,
880 767 985 800 quam
1011 756 1094 788 ullis
1117 755 1196 788 aliis

207 805 431 839 animalibus.
486 806 554 839 Sed
582 806 659 839 ideo
686 806 810 839 melius
834 813 884 839 est
900 807 995 839 nasci
1021 804 1192 847 homines,

208 856 290 900 quia
308 855 403 889 Deus
420 868 454 889 se
475 857 592 899 generi
619 854 774 889 humano
799 858 919 891 multis
944 864 975 890 et
1001 858 1135 900 magnis
1157 870 1195 890 ac

207 906 405 940 illustribus
431 907 642 940 testimoniis
672 908 848 951 patefecit,
881 915 913 941 et
947 920 1008 951 per
1034 906 1196 941 homines

207 957 283 990 vult
308 958 496 998 celebrari,
530 965 561 991 et
584 958 657 991 vult
682 970 740 991 eos
764 965 904 991 aeterua
923 960 1033 1002 gloria
1049 971 1194 992 ornare:

207 1020 271 1051 pro
297 1005 350 1041 his
382 1009 557 1041 beneficiis
589 1009 716 1051 gratias
749 1010 838 1052 agit,
869 1017 902 1043 et
927 1010 1032 1043 simul
1063 1011 1105 1042 de
1134 1011 1194 1043 illa

206 1059 339 1101 ingenti
356 1060 465 1102 gloria
483 1060 703 1093 vaticinatur.
756 1059 860 1093 Nunc
877 1061 1023 1093 enimin
1044 1058 1107 1094 hac
1125 1062 1194 1094 vita

207 1110 269 1142 etsi
287 1110 354 1142 fide
371 1110 526 1143 cernitur
544 1117 577 1143 et
592 1110 771 1152 incoatur,
798 1118 915 1145 tamen
933 1113 1093 1145 noudum
1111 1125 1195 1145 ocu-

206 1160 250 1193 lis
267 1161 501 1204 conspicitur,
529 1173 606 1194 cum
633 1159 800 1195 haeredes
817 1163 907 1196 vitae
931 1170 1089 1196 aeternae
1107 1175 1126 1196 a
1142 1170 1195 1208 ty-

206 1212 327 1244 rannis
351 1213 576 1246 trucidantur
600 1213 712 1246 multo
736 1214 931 1253 crudelius,
966 1226 1071 1259 quam
1103 1215 1196 1247 ullae

206 1263 347 1298 bestiae.

309 1312 399 1347 Cum
425 1313 574 1356 baptista
600 1314 643 1346 ab
668 1312 829 1355 Herode,
856 1321 915 1348 aut
936 1315 1066 1348 Paulus
1091 1328 1109 1349 a
1126 1315 1196 1349 Ne-

206 1375 293 1397 rone
309 1363 535 1402 interficitur,
561 1376 784 1409 nequaquam
804 1366 961 1399 iudicant
984 1373 1196 1410 spectatores

206 1415 393 1458 baptistam
419 1421 478 1447 aut
501 1413 652 1447 Paulum
685 1416 796 1458 gloria
828 1423 860 1449 et
883 1418 1006 1449 decore
1030 1424 1194 1450 ornatum

209 1478 299 1507 esse,
329 1472 360 1498 et
378 1465 497 1497 omnia
522 1466 670 1508 pedibus
687 1478 807 1499 eorum
837 1467 992 1500 subiecta
1018 1479 1106 1500 esse:
1136 1469 1195 1500 sed

206 1517 365 1551 iudicant
382 1513 445 1548 hos
464 1516 662 1548 miseriores
679 1528 750 1549 esse
767 1517 947 1558 leonibus,
971 1518 1031 1562 qui
1050 1518 1086 1550 in
1104 1519 1195 1552 circo

207 1568 460 1611 spectabantur.
501 1565 590 1599 Cum
608 1567 716 1609 igitur
731 1568 893 1601 liberatio
911 1567 1087 1602 Ecclesiae
1105 1581 1196 1601 uon-

207 1620 292 1651 dum
311 1617 566 1660 conspiciatur,
595 1618 721 1660 passim
741 1619 917 1652 vaticiniis
938 1620 1107 1662 promissa
1135 1627 1195 1658 est,

207 1670 254 1703 ita
272 1676 304 1703 et
322 1670 358 1701 in
377 1667 442 1701 hoc
459 1667 598 1701 Psalmo
617 1669 831 1712 praedicitur
849 1677 879 1702 et
898 1670 1127 1713 promittitur.

309 1718 355 1753 Et
388 1719 527 1751 collatio
564 1719 601 1752 fit
633 1720 817 1764 utriusque
843 1721 1011 1761 membri,
1056 1728 1195 1754 nostrae

207 1771 367 1804 miseriae
387 1778 419 1802 et
437 1770 667 1803 liberationis.

307 1820 506 1864 Descriptio
534 1821 694 1853 miseriae
722 1819 806 1855 haec
832 1829 898 1856 est:
928 1820 1034 1868 Quid
1051 1827 1100 1855 es!
1129 1820 1195 1856 ho-

208 1885 266 1906 mo
291 1869 392 1919 quod
413 1883 545 1905 memor
570 1882 603 1904 es
629 1871 723 1909 eius,
748 1870 903 1917 elfilius
920 1872 1082 1906 hominis
1100 1878 1197 1921 quod

211 1923 339 1956 visitas
357 1921 462 1955 eum?
494 1923 527 1954 id
555 1929 620 1962 est,
647 1935 725 1955 cum
753 1921 858 1956 homo
884 1925 927 1959 sit
952 1932 1108 1958 creatura
1138 1938 1195 1959 ae-

207 1986 394 2012 rumnosa,
422 1980 561 2017 peccato
578 1981 610 2007 et
627 1974 731 2006 morti
749 1975 912 2013 obnoxia,
940 1977 1110 2008 immensa
1131 1977 1195 2009 bo-

208 2026 299 2059 nitas
317 2032 383 2065 est,
411 2025 506 2069 quod
529 2031 646 2057 tamen
671 2026 800 2068 recepit
824 2038 887 2058 nos
906 2026 1019 2066 Deus,
1046 2034 1077 2060 et
1110 2028 1194 2060 abo-

208 2078 270 2109 lito
291 2084 428 2119 peccato
452 2082 483 2107 et
500 2082 628 2113 morte,
656 2076 809 2110 restituit
830 2078 932 2110 nobis
963 2078 1135 2110 iusticiam
1162 2086 1194 2112 et

206 2128 312 2161 vitam
335 2134 523 2160 aeternam.

308 2176 440 2210 sivisti
487 2188 564 2209 eum
610 2173 884 2223 aliquantisper
932 2189 1050 2211 carere
1098 2176 1192 2215 Deo.

207 2231 321 2263 Adam
354 2235 429 2271 post
462 2228 598 2270 lapsum
629 2240 814 2271 oppressus
846 2236 986 2272 peccato
1011 2236 1043 2262 et
1068 2238 1191 2270 morte,

206 2287 298 2314 caret
315 2278 409 2321 Deo,
437 2280 495 2311 sed
522 2279 795 2323 aliquantisper,
832 2280 866 2312 id
891 2287 958 2320 est,
986 2293 1057 2313 nou
1080 2282 1190 2313 reliu-

207 2332 326 2376 quitur
351 2331 387 2362 in
407 2337 518 2363 morte
547 2336 579 2362 et
603 2330 679 2362 sine
695 2329 791 2370 Deo,
819 2332 878 2364 sed
896 2343 1017 2364 rursus
1043 2332 1189 2375 erigitur

206 2389 348 2426 propter
365 2381 574 2424 promissum
601 2393 737 2421 semen,
766 2389 798 2415 et
822 2389 970 2416 ornatur
994 2382 1125 2425 gloria,
1153 2383 1188 2416 id

205 2439 274 2472 est,
301 2432 432 2465 abolito
457 2438 595 2475 peccato
622 2439 653 2465 et
679 2440 810 2472 morte,
835 2434 1070 2467 restituuntur
1086 2433 1188 2466 iusti-

205 2483 256 2516 cia
274 2489 305 2515 et
324 2483 393 2514 vita
414 2489 563 2516 aeterna.
618 2481 712 2515 Haec
731 2491 779 2517 est
806 2484 864 2516 illa
892 2485 1071 2525 liberatio,
1100 2497 1187 2529 quae

203 2531 260 2566 hic
277 2533 496 2566 describitur.
550 2531 681 2577 Estque
701 2533 859 2567 Psalmus
885 2548 925 2568 ex
944 2536 1016 2580 ipsa
1035 2536 1187 2580 promis-

204 2584 301 2617 sione
320 2590 470 2621 sumtus,
496 2596 583 2626 quae
600 2585 697 2617 Adae
723 2592 754 2618 et
779 2584 943 2619 Abrahae
969 2588 1096 2620 tradita
1122 2594 1182 2620 est.

201 2634 303 2668 Hanc
336 2634 601 2676 interpretatur,
637 2642 669 2667 et
698 2637 798 2670 docet
831 2637 949 2681 colligi
979 2637 1183 2679 Ecclesiam,

202 2686 257 2719 cui
281 2684 441 2718 redditur
465 2684 589 2716 amissa
614 2684 734 2727 gloria.

802 102 928 138 PHlL.
955 102 1071 141 MEL.
1099 102 1309 140 SCRIPTA
1335 105 1637 145 EXEGETICA.

2139 113 2237 150 1032

1348 190 1395 227 Et
1425 205 1628 239 quanquam
1657 192 1836 228 Psalmum
1867 193 1906 228 in
1938 206 2064 239 genere
2089 198 2133 231 de
2161 205 2235 233 tota

1247 240 1404 278 Ecclesia
1430 245 1608 289 intelligo,
1635 251 1752 279 tamen
1777 257 1852 278 non
1877 246 2038 291 displicet
2061 246 2149 281 mihi
2174 249 2234 282 iu-

1247 296 1449 339 terpretatio
1467 308 1588 330 eorum
1600 323 1608 335 ‚
1635 295 1697 341 qui
1716 297 1759 329 ad
1777 304 1881 341 caput
1897 295 2078 331 Christum
2095 310 2233 333 accom-

1249 346 1393 380 modant
1426 359 1517 383 eum.
1580 346 1669 380 Nam
1692 353 1725 380 et
1749 345 1913 381 Christus
1936 349 2115 393 paulisper
2142 357 2236 384 caret

1248 396 1376 438 gloria,
1403 398 1515 431 factus
1536 410 1598 442 pro
1620 398 1722 431 uobis
1739 398 1978 435 maledictum.
2031 399 2155 434 Postea
2172 412 2235 434 ve-

1248 459 1286 480 ro
1305 459 1426 481 rursus
1444 456 1592 482 ornatur
1611 449 1740 491 gloria,
1767 456 1800 483 et
1819 457 1961 494 propter
1979 462 2058 484 eum
2075 451 2236 485 reddun-

1249 504 1306 531 tur
1322 496 1499 532 Ecclesiae
1516 500 1652 533 iusticia
1670 507 1703 534 et
1720 500 1790 534 vita
1810 508 1962 536 aeterna.

1350 548 1489 583 Primus
1506 562 1625 583 versus
1642 557 1692 584 est
1707 552 1901 595 propositio
1917 551 2110 595 gratiarum
2126 552 2236 586 actio-

1248 598 1303 631 nis
1329 606 1363 633 et
1388 601 1562 633 vaticinii:
1604 601 1680 644 Ago
1711 602 1776 635 tibi
1809 603 1937 646 gratias
1969 601 2044 636 Deo
2075 604 2172 649 quod
2203 609 2237 637 te

1251 651 1440 693 patefecisti
1472 653 1591 694 generi
1619 650 1774 685 humano
1799 654 1836 686 in
1861 661 1931 687 tota
1961 661 2073 695 terra,
2103 654 2164 688 ubi
2188 653 2237 688 si-

1250 703 1323 734 mul
1352 702 1568 746 praedicitur
1599 701 1792 737 Ecclesiam
1824 705 2059 748 colligendam
2091 716 2164 738 esse
2195 716 2236 738 ex

1248 759 1321 787 toto
1345 764 1470 795 genere
1495 751 1664 789 humano.

1351 803 1535 837 Secundus
1559 816 1679 837 versus
1700 804 1784 839 dicit
1811 806 1854 838 de
1884 808 1990 840 modo
2017 806 2236 850 colligendae

1250 852 1441 888 Ecclesiae:
1468 854 1547 888 Non
1565 852 1729 888 humanis
1751 856 1886 890 viribus
1904 865 1965 891 aut
1978 857 2153 896 consiliis,
2175 863 2237 891 aut

1249 906 1374 944 armis,
1406 903 1473 939 hoc
1506 918 1652 949 regnum
1687 907 1939 949 constituetur,
1971 909 2030 940 sed
2055 907 2237 952 praedica-

1250 957 1346 990 tione
1370 955 1574 999 Evangelii,
1609 958 1768 990 sonantis
1797 970 1857 1002 per
1890 970 2015 1002 agmen
2049 958 2238 999 imbecille,

1251 1020 1311 1052 per
1328 1009 1421 1053 quod
1439 1007 1533 1041 Deus
1557 1008 1622 1041 erit
1641 1008 1772 1044 efficax.

1350 1058 1492 1091 Tertius
1511 1070 1629 1091 versus
1646 1059 1732 1093 dicit
1748 1060 1791 1092 de
1809 1058 1933 1093 effectu
1951 1060 2035 1093 novi
2060 1060 2158 1093 itlius
2180 1070 2238 1093 re-

1249 1108 1326 1152 gni:
1367 1106 1510 1142 Vz'debo
1540 1107 1655 1142 coelos
1684 1113 1783 1151 tuos,
1810 1110 1844 1142 id
1869 1117 1937 1151 est,
1965 1118 2148 1145 aeternnm
2180 1121 2238 1143 re-

1250 1171 1356 1203 gnum
1375 1161 1628 1200 constituetur,
1654 1161 1770 1194 coelos
1786 1168 1944 1195 aeternos
1961 1162 2174 1203 videbimus,
2197 1161 2237 1194 in

1250 1210 1379 1255 quibus
1408 1212 1566 1244 fruemur
1596 1213 1851 1245 consuetudine
1882 1211 1968 1253 Dei,
2008 1225 2072 1246 nec
2107 1212 2237 1246 erimus

1250 1262 1396 1295 obnoxii
1417 1263 1521 1295 morti
1540 1269 1572 1295 et
1589 1269 1748 1306 peccato,
1770 1270 1809 1296 ut
1826 1275 1921 1296 nunc
1940 1275 2072 1297 sumus.

1351 1312 1508 1355 Quartus
1525 1324 1646 1345 versus
1663 1321 1695 1346 et
1712 1315 1857 1358 quintus
1874 1315 2056 1348 continent
2075 1314 2236 1348 collatio-

1251 1375 1329 1396 nem
1356 1363 1547 1406 praesentis
1569 1364 1729 1396 miseriae
1753 1371 1786 1397 et
1810 1365 2046 1398 liberationis:
2071 1376 2110 1398 ac
2134 1376 2236 1409 prae·

1250 1415 1379 1447 dicitur
1395 1412 1586 1447 Ecclesiam
1614 1420 1647 1447 et
1665 1421 1768 1458 caput
1781 1412 1962 1448 Christum
1983 1415 2238 1461 aliquantisper

1249 1465 1324 1497 fore
1341 1465 1417 1497 sine
1433 1465 1554 1507 gloria.
1609 1464 1677 1498 Sed
1702 1471 1820 1498 tamen
1840 1474 2040 1509 recepturos
2064 1477 2137 1499 esse
2159 1466 2236 1509 glo-

1250 1516 1338 1548 riam
1370 1515 1578 1559 promissam
1615 1521 1648 1548 et
1680 1516 1984 1557 benedictionem,
2019 1516 2109 1550 sicut
2134 1516 2237 1550 docet

1251 1566 1437 1609 promissio
1475 1567 1563 1599 facta
1598 1564 1782 1599 Abrabae:
1811 1573 1844 1600 et
1870 1564 1956 1600 haec
1987 1567 2151 1600 liberatio
2178 1564 2237 1600 hie

1251 1616 1467 1660 praedicitur
1482 1629 1519 1649 ac
1538 1617 1745 1650 celebratur.

1351 1666 1496 1712 Reliqui
1523 1679 1643 1700 versus
1667 1675 1748 1700 sunt
1765 1668 1954 1712 descriptio
1971 1668 2236 1708 beneficiorum,

1251 1730 1339 1763 quae
1361 1725 1558 1762 sequuntur
1582 1719 1848 1759 liberationem,
1875 1731 1936 1753 seu
1952 1719 2140 1763 descriptio
2158 1718 2236 1761 glo-

1252 1770 1321 1801 riae
1339 1776 1370 1802 et
1389 1769 1524 1802 domini
1542 1768 1672 1802 Christi
1697 1776 1728 1802 et
1746 1768 1934 1804 Ecclesiae.
1986 1769 2149 1805 Christus
2175 1780 2236 1802 ex-

1251 1821 1376 1853 altatus
1395 1827 1562 1864 estsuper
1581 1831 1702 1853 omnes
1716 1828 1907 1861 creaturas,
1933 1823 2057 1856 doctor
2076 1828 2126 1855 est
2145 1820 2236 1854 vitae

1251 1878 1428 1911 aeternae,
1462 1878 1494 1905 et
1515 1872 1682 1915 depulsor
1705 1872 1847 1912 mortis,
1882 1873 2050 1916 depulsor
2072 1871 2234 1905 omnium

1252 1930 1503 1967 tyrannorum:
1537 1922 1583 1956 ita
1613 1921 1768 1956 Ecclesia
1801 1920 1944 1957 habebit
1975 1923 2168 1962 iusticiam,
2199 1927 2233 1955 et

1251 1980 1426 2006 aeternam
1453 1973 1559 2005 vitam
1586 1985 1625 2006 ac
1649 1985 1779 2017 pacem.
1837 1973 1918 2006 Non
1946 1974 2131 2014 diabolus,
2158 1984 2232 2006 non

1250 2024 1410 2070 tyranni,
1436 2036 1508 2056 non
1529 2023 1693 2068 imperia,
1729 2036 1801 2057 non
1829 2025 1958 2058 bestiae
1986 2025 2082 2058 ullae
2104 2035 2232 2057 nocere

1250 2075 1400 2118 amplius
1417 2073 1593 2107 Ecclesiae
1617 2082 1825 2118 potueruut,
1858 2076 1917 2108 sed
1944 2076 2017 2120 ipsa
2045 2076 2082 2109 in
2107 2087 2233 2119 perpe-

1250 2133 1306 2159 tua
1324 2126 1453 2160 laetitia
1473 2126 1663 2159 celebrabit
1677 2126 1805 2159 Deum.
1841 2125 1911 2159 Pro
1931 2124 1995 2160 hac
2011 2126 2230 2167 liberatione,

1248 2177 1365 2222 inquit
1396 2177 1540 2210 ultimus
1563 2189 1702 2217 versus,
1733 2176 1870 2219 agimus
1893 2178 1959 2211 tibi
1982 2176 2076 2212 Deus
2103 2174 2232 2211 lehova

1247 2228 1391 2271 gratias,
1419 2235 1451 2261 et
1474 2225 1540 2260 hoc
1559 2227 1681 2270 ingens
1704 2234 1737 2260 et
1762 2227 2000 2262 inenarrabile
2019 2227 2231 2263 heneficium

1247 2279 1439 2312 celebrabit
1456 2290 1591 2322 semper
1609 2280 1772 2312 universa
1789 2277 1958 2314 Ecclesia.

1388 2381 1720 2427 Aryumentum
1748 2392 1799 2415 ac
1826 2380 2083 2427 dispositio

1600 2446 1759 2486 Psalmi
1786 2447 1863 2488 IX.

1291 2518 1496 2566 Confitebor
1527 2519 1593 2554 tibi
1620 2522 1782 2554 Domine
1818 2523 1857 2555 in
1891 2525 1967 2555 toto
1995 2519 2108 2555 corde
2130 2531 2226 2564 me0‚

1290 2571 1451 2605 narrabo
1468 2574 1594 2606 omnia
1612 2571 1798 2606 mirabilia
1815 2576 1894 2605 tua.

1341 2636 1528 2670 Generalis
1545 2638 1734 2681 gratiarum
1753 2637 1841 2670 actio
1862 2643 1911 2670 est
1931 2649 1994 2680 pro
2012 2637 2136 2671 deletis
2159 2635 2228 2670 ho-

1235 2688 1364 2730 stibus,
1393 2697 1425 2723 et
1449 2689 1637 2733 adplicatio
1664 2688 1813 2731 exempli
1835 2689 1878 2720 ad
1904 2687 2078 2733 reliquam
2104 2686 2226 2722 Eccle-
