2379 2948
125 130 199 167 625
742 127 787 164 V,

125 227 299 249 ceronem.
355 215 422 249 Sed
444 215 636 259 prudenter
653 213 849 247 videndum
868 219 936 250 est,
965 212 1028 245 ubi
1047 224 1107 245 va-

125 267 219 300 leant
239 264 304 300 hae
319 267 566 301 connexiones,

347 362 417 402 Qui
441 363 528 394 sunt
554 359 683 392 vitiosi
709 354 886 391 Soritae?

227 427 327 462 Nulli
344 427 432 461 fiunt
448 425 599 469 negativi
616 424 765 460 Soritae.
818 422 864 457 Et
892 423 929 456 in
953 424 1107 457 affirma-

124 480 207 512 tivis
229 486 365 512 tantum
389 477 443 510 illi
467 477 606 516 valent,
633 475 670 508 in
698 475 825 520 quibus
850 475 1019 508 vocabula
1044 487 1105 508 ne-

126 530 274 564 cessario
296 526 501 568 cohaerent,
527 534 566 560 ut
593 526 742 570 species,
766 537 912 569 genera,
939 526 1106 559 differen-

124 582 204 622 tiae,
228 579 381 625 propria.
419 577 518 617 Item,
546 589 625 610 cum
643 577 754 610 causis
771 590 833 620 per
851 588 885 609 se
902 589 940 609 ac
954 577 1106 620 propriis

123 637 325 666 attexuntur
340 628 472 672 proprii
496 628 658 669 effectus,
686 634 740 666 ut,
766 640 838 661 non
863 628 953 660 valet
983 640 1105 661 conse-

124 682 266 727 quentia
282 682 318 713 in
336 679 526 722 negativis:

272 730 390 764 Homo
406 742 478 763 non
497 736 547 763 est
562 730 636 769 leo,

271 781 344 815 Leo
362 788 412 814 est
429 781 584 823 animal,

272 830 368 875 Ergo
382 829 489 865 homo
507 844 579 864 non
599 838 648 865 est
667 831 809 865 animal.

222 891 295 925 Nec
310 891 403 924 valet
420 890 687 936 consequentia,
713 902 792 923 cum
817 902 918 924 voces
945 903 1018 924 non
1043 903 1106 924 ne-

122 943 270 976 cessario
287 940 514 976 cohaerentes
532 943 748 985 iunguntur,
777 947 832 974 ut:

274 991 328 1027 Ex
345 993 445 1026 malis
463 993 622 1025 moribus
642 999 737 1025 ortae
756 998 837 1025 sunt
856 992 970 1025 bonae
986 993 1091 1037 lege-³,

272 1044 393 1078 Bonae
410 1044 500 1086 leges
518 1050 599 1077 sunt
616 1044 741 1086 dignae
759 1043 876 1084 laude,

273 1094 390 1139 Digna
406 1095 510 1128 laude
525 1101 608 1128 sunt
624 1095 826 1138 expetenda,

273 1145 368 1189 Ergo
386 1146 471 1179 mali
489 1157 603 1178 mores
619 1152 702 1178 sunt
718 1145 915 1189 expetendi.

226 1203 363 1238 Vitiosa
383 1203 556 1237 connexio
582 1210 649 1244 est,
683 1203 764 1248 quia
789 1203 872 1235 mali
897 1215 1012 1236 mores
1033 1215 1105 1236 non

122 1263 203 1289 sunt
220 1267 282 1299 per
299 1267 334 1288 se
349 1266 451 1288 causa
474 1254 648 1287 bonarum
669 1254 784 1296 legum
798 1281 806 1294 ‚
833 1255 891 1287 sed
920 1266 1017 1287 mens
1041 1255 1105 1287 bo-

122 1319 249 1340 norum
276 1307 552 1349 gubernatorum
576 1312 625 1337 est
644 1316 705 1348 per
722 1316 758 1336 se
774 1316 895 1345 causa,
924 1312 983 1345 ut,
1009 1317 1106 1338 mor-

121 1358 186 1390 bus
203 1369 276 1390 non
294 1363 344 1390 est
359 1367 460 1389 causa
478 1356 685 1395 curationis,
714 1356 772 1387 sed
791 1356 965 1394 medicus,
993 1368 1106 1389 reme-

121 1408 198 1449 dia,
225 1414 259 1440 et
276 1414 400 1440 natura
418 1417 618 1450 repugnans
633 1406 773 1438 morbo.

224 1465 341 1510 Vulgo
360 1465 526 1499 recitatur
551 1464 750 1507 exemplum
775 1464 985 1506 ridiculum,
1010 1467 1103 1510 quod

121 1518 328 1558 asscffibam,
357 1517 438 1562 quia
455 1528 533 1549 cum
554 1516 702 1548 ridicula
728 1516 884 1549 tenacius
911 1517 946 1549 in
974 1529 1106 1550 memo-

123 1570 174 1602 ria
196 1566 385 1606 haereant,
412 1566 560 1600 illustris
585 1567 876 1600 commonefactio
902 1575 951 1601 est
977 1569 1020 1601 de
1041 1565 1106 1602 hac

123 1620 259 1663 regula:

277 1669 350 1712 Qui
365 1670 456 1702 hene
474 1667 582 1706 bibit,
609 1668 699 1700 bene
717 1669 858 1708 dormit,

276 1720 349 1763 Qui
364 1721 453 1754 bene
471 1718 623 1757 dormit,
649 1731 721 1752 non
740 1727 874 1762 peccat,

277 1771 350 1855 ἓυί
368 1783 440 1804 non
459 1775 595 1813 peccat,
624 1770 689 1802 erit
705 1770 844 1809 beatus,

312 1834 373 1865 rgo
392 1822 454 1867 qui
469 1822 557 1853 bene
576 1820 682 1859 bibit,
710 1821 775 1853 erit
793 1822 925 1856 beatus,

225 1881 344 1914 Prima
362 1888 393 1914 et
411 1881 562 1913 secunda
580 1880 816 1912 connexiones
843 1877 974 1914 liabent
1001 1882 1106 1915 vitio-

125 1945 196 1973 saS,
231 1944 312 1965 nam
339 1932 427 1964 ebrii
451 1943 524 1963 non
550 1942 628 1962 mox
654 1931 853 1969 dormiunt,
882 1944 944 1964 nec
971 1944 1107 1975 semper

124 1984 316 2017 dormiunt.
369 1982 442 2015 Nec
458 1981 612 2014 dormire
628 1993 728 2014 causa
749 1988 797 2014 est
822 1994 957 2025 semper
985 1983 1107 2028 prohi-

125 2036 211 2068 bens
243 2034 388 2071 delicta,
421 2045 503 2066 nam
532 2039 565 2065 et
596 2039 676 2065 ante
700 2044 864 2065 somnum
892 2034 979 2066 ebrii
1006 2048 1107 2080 saepe

126 2085 404 2123 tumultuantur,
432 2092 464 2118 et
482 2091 559 2127 post
575 2095 738 2116 somnum
758 2083 967 2117 inflammati
993 2094 1025 2120 et
1050 2100 1107 2120 ae-

127 2142 282 2169 stuantes
306 2135 342 2167 in
363 2135 534 2178 sanguine
558 2135 700 2178 spiritus
728 2134 819 2167 cient
844 2136 974 2170 multos
992 2139 1104 2172 turbi-

128 2188 190 2219 dos
208 2186 362 2220 affectus,

164 2277 347 2323 Quomodo
373 2281 543 2312 convenit
571 2282 706 2313 ,sorites
730 2279 782 2313 acl
804 2281 1072 2327 91·acla12·0,1e„2

251 2330 501 2371 rhetoricam,
527 2341 620 2375 quae
643 2336 800 2365 vocatur
822 2330 979 2376 κλίμαξ.)

231 2397 366 2432 Usitata
392 2403 443 2429 est
473 2398 629 2439 gradatio
662 2398 698 2430 in
728 2400 906 2432 communi
936 2411 1109 2436 sermone,

838 125 1159 163 EROTEMATA
1186 125 1521 163 DIALECTICES.

131 2451 212 2496 qnia
239 2460 378 2482 necesse
403 2454 451 2480 est
477 2447 512 2479 in
539 2449 781 2482 ratiocinando
809 2463 908 2495 saepe
934 2463 1052 2484 causas
1077 2458 1110 2483 et

1136 2502 1138 2542 ᾖ
1165 2510 1303 2545 gantur.
1342 2501 1424 2533 Ideo
1442 2501 1513 2531 sere
1529 2497 1682 2539 singulas
1700 2503 1814 2539 partes
1831 2495 2038 2529 Dialectices
2056 2496 2141 2529 scito

130 2502 273 2536 effectus
290 2505 473 2532 contexere
484 2525 492 2541 ,
520 2504 575 2530 ut:

281 2549 504 2584 Certissimae
521 2549 612 2581 vices
628 2557 787 2583 motuum
805 2553 1019 2591 coelestium,
1046 2565 1110 2585 no-
1136 2550 1138 2586 ἰ

183 2602 284 2636 ticiae
301 2612 530 2635 numerorum
555 2607 587 2632 et
605 2601 759 2640 ordinis,
784 2609 817 2634 et
839 2603 1026 2636 discrimen
1046 2601 1111 2636 ho-
1137 2603 1139 2616 '¹

182 2659 362 2686 nestorum
382 2658 413 2685 et
430 2651 584 2693 turpium
603 2651 638 2682 iu
657 2658 771 2684 mente
789 2650 952 2694 humana,
981 2661 1112 2688 testan-
1137 2660 1139 2671 ³

183 2711 242 2738 tur
269 2702 358 2736 banc
386 2710 548 2736 naturam
577 2714 694 2734 rerum
722 2715 793 2736 non
833 2704 984 2737 extitisse
1021 2717 1111 2743 casu,

137 2756 310 2786 Man-Tu.
340 2756 441 2787 Orrr..
468 2756 549 2785 Vor.
582 2754 674 2785 XllI.

2072 130 2146 165 626

1212 213 1270 245 sed
1290 213 1334 244 ab
1353 220 1492 246 aeterna
1517 219 1634 246 mente
1658 210 1954 255 architectatrice,
1981 214 2142 250 videlicet

1212 275 1230 296 a
1247 261 1341 302 Deo,
1366 264 1543 296 conditam
1562 276 1644 299 esse.

1314 312 1462 356 Agnitio
1478 315 1526 346 rei
1543 315 1690 359 requirit
1705 315 1955 357 obedientiam,

1314 362 1529 397 Obedientia
1553 365 1689 398 inutilis
1714 373 1817 408 esset,
1852 367 1920 399 nisi
1938 374 2143 413 sequeretur

1370 415 1553 455 iudicium,

1313 463 1408 509 Ergo
1433 465 1498 498 erit
1523 465 1713 505 iudicium,
1740 465 1776 498 in
1800 479 1869 511 quo
1895 467 1994 500 Deus
2011 467 2143 501 discer-

1365 523 1423 549 net
1457 528 1533 557 eos,
1576 516 1635 561 qui
1677 516 1819 549 suerunt
1856 518 2077 559 obedientes,
2122 531 2140 551 a

1364 567 1642 601 contumacibus.

1262 617 1441 652 Differunt
1456 625 1571 651 autem
1589 615 1765 661 κλίμαξθῖ
1788 617 1910 650 sorites
1930 615 1996 651 hoc
2019 620 2141 651 modo:

1161 668 1264 702 Tunc
1286 670 1429 714 proprie
1454 670 1579 702 sorites
1605 669 1752 709 dicitur,
1787 669 1929 713 quando
1946 669 2139 702 subiectum

1132 731 1134 735 ’
1161 721 1293 764 primae
1310 720 1563 765 propositionis
1579 720 1615 752 in
1635 719 1861 752 conclusione
1879 719 2061 762 repetitur,
2089 727 2141 753 ut:

1314 771 1455 805 Inscitia
1471 771 1652 804 literarum
1673 770 1761 813 parit
1777 770 1939 803 tenebras
1951 769 2143 813 religionis,

1315 822 1500 856 Tenebrae
1530 821 1712 865 religionis
1743 820 1886 864 pariunt
1921 820 2141 864 superstitio-

1365 886 1444 906 nem
1462 880 1520 906 aut
1537 870 1716 906 ethnicum
1735 878 1950 904 contemtum
1970 871 2047 906 Dei.

1262 924 1331 957 Hic
1355 924 1381 957 si
1411 925 1518 957 addas
1542 923 1804 957 conclusionem
1837 922 1984 966 repetito
2012 921 2144 966 princi-

1161 975 1219 1020 pio
1233 1003 1242 1016 ,
1268 976 1333 1009 erit
1352 975 1494 1015 sorites,
1850 970 1857 972 ’

1311 1024 1408 1069 Ergo
1433 1025 1572 1059 inscitia
1596 1025 1779 1058 literarum
1807 1024 1898 1068 parit
1925 1023 2143 1068 superstitio-

1368 1089 1448 1110 nem
1468 1083 1527 1110 aut
1547 1073 1728 1110 ethnicum
1742 1081 1957 1109 contemtum
1975 1073 2052 1109 Dei.

1263 1126 1387 1171 Gignit
1420 1127 1553 1160 soriten
1588 1134 1619 1160 et
1649 1126 1768 1169 regula
1795 1126 1999 1166 notissima,
2036 1124 2142 1168 Quod

1161 1178 1273 1212 maius
1291 1186 1340 1211 est
1357 1179 1507 1219 maiore,
1534 1178 1627 1210 idem
1644 1178 1758 1210 maius
1777 1183 1827 1210 est
1844 1177 2001 1218 minore,
2027 1183 2083 1209 ut:

1314 1229 1377 1262 Sol
1393 1229 1506 1261 maior
1524 1235 1573 1261 est
1591 1240 1695 1272 quam
1714 1234 1803 1261 terra
1817 1254 1826 1267 ‚

1314 1279 1425 1313 Terra
1443 1280 1557 1312 maior
1573 1286 1622 1312 est
1639 1290 1743 1323 quam
1760 1277 1874 1319 Luna,

1313 1329 1409 1372 Ergo
1428 1338 1460 1364 et
1475 1329 1536 1363 Sol
1553 1329 1667 1362 maior
1681 1336 1732 1362 est
1748 1340 1853 1372 quam
1868 1328 1982 1363 Luna.

1262 1379 1352 1415 Cum
1370 1379 1434 1413 hac
1449 1380 1567 1423 regula
1593 1379 1754 1422 congruit
1779 1379 1921 1419 sorites,
1946 1378 2144 1411 doctrinam

1160 1444 1232 1465 non
1257 1432 1436 1475 vulgarem
1463 1431 1670 1470 continens,
1704 1429 1765 1474 qui
1795 1435 1888 1463 extat
1918 1429 1955 1462 in
1985 1427 2144 1473 Epistola

1160 1485 1202 1516 ad
1222 1482 1397 1517 Ebraeos:

1314 1531 1477 1567 Christus
1499 1539 1547 1566 est
1567 1531 1737 1566 Sacerdos
1765 1531 1958 1565 secundum
1984 1531 2145 1564 ordinem

1365 1582 1614 1624 Melchisedec,

1314 1633 1551 1668 Melchisedec
1570 1641 1617 1667 est
1637 1634 1750 1666 maior
1766 1645 1870 1678 quam
1890 1631 2083 1671 Abraham,

1314 1683 1492 1718 Abraham
1513 1692 1563 1718 est
1580 1685 1695 1717 maior
1711 1696 1814 1729 quam
1833 1683 1934 1724 Levi,

1316 1736 1411 1779 Ergo
1432 1744 1464 1770 et
1482 1734 1645 1769 Christus
1662 1742 1712 1768 est
1730 1736 1843 1767 maior
1858 1746 1962 1779 quam
1981 1734 2084 1773 Levi,
2112 1743 2144 1768 et

1373 1787 1607 1820 sacerdotium
1623 1784 1729 1819 habet
1754 1785 1987 1829 praestantius
2012 1792 2045 1819 et
2071 1786 2145 1818 effi-

1367 1839 1481 1870 cacius
1496 1837 1666 1871 Levitico.

1263 1888 1351 1921 Nam
1389 1888 1584 1921 sacerdotio
1619 1887 1779 1921 Levitico
1816 1899 1889 1919 non
1925 1887 2144 1921 tollebantur

1163 1947 1341 1986 peccatum
1368 1946 1401 1972 et
1426 1951 1540 1978 mors,
1564 1951 1627 1972 nec
1652 1938 1929 1971 restituebantur
1950 1938 2085 1972 iusticia
2113 1946 2146 1972 et

1163 1993 1232 2025 vita
1252 1998 1409 2029 aeterna,
1433 1991 1490 2023 sed
1506 1987 1637 2023 Christi
1657 1988 1851 2022 sacerdotio
1875 1989 1991 2021 oblata
2017 1997 2067 2022 est
2093 1990 2146 2022 vi-

1163 2044 1266 2077 ctima
1286 2055 1349 2086 pro
1369 2048 1507 2084 peccato
1520 2068 1528 2080 ,
1557 2047 1589 2073 et
1605 2052 1690 2073 voce
1707 2038 1891 2082 Evangelii
1909 2041 2062 2073 donatur
2079 2053 2146 2073 no-

1163 2096 1216 2128 bis
1250 2092 1409 2126 remissio
1442 2098 1662 2136 peccatorum
1675 2118 1684 2131 ‚
1725 2098 1758 2124 et
1789 2088 1975 2123 inchoatur
1998 2090 2144 2124 iusticia.

1162 2145 1300 2178 Deinde
1316 2155 1459 2188 prorsus
1476 2143 1605 2176 abolita
1625 2149 1757 2184 morte,
1786 2141 2018 2175 restituuntur
2042 2142 2145 2175 nobis

1163 2204 1302 2231 aeterua
1319 2196 1408 2235 vita,
1436 2201 1468 2228 et
1485 2194 1623 2227 iusticia
1644 2200 1794 2226 aeterna.

1307 2315 1373 2355 De
1405 2314 1572 2368 regulis
1604 2312 2005 2364 consequentiarum.

1267 2398 1357 2432 Tota
1382 2397 1571 2431 Dialectica
1597 2396 1717 2428 lumen
1744 2401 1811 2432 est,
1845 2406 1914 2438 quo
1938 2393 2144 2435 iudicamus,

1164 2463 1251 2496 quae
1285 2450 1454 2482 vocabula
1484 2456 1515 2481 et
1549 2459 1636 2491 quae
1662 2445 1920 2489 propositiones
1945 2451 2036 2477 recte
2062 2445 2143 2478 iun-

1165 2553 1302 2595 regulas
1319 2563 1390 2584 esse
1417 2548 1758 2593 consequentiarum.
1812 2546 1879 2580 Sed
1904 2552 2020 2579 tamen
2044 2559 2143 2590 prae—

1166 2604 1288 2646 cipuae
1315 2608 1396 2633 sunt
1424 2605 1603 2644 praecepta
1630 2600 1672 2630 de
1698 2598 1816 2640 figuris
1844 2604 1878 2631 et
1903 2598 2017 2630 modis
2037 2598 2144 2642 syllo-

1166 2655 1356 2697 gismorum
1381 2663 1483 2695 supra
1508 2651 1671 2689 recitata,
1700 2657 1731 2681 et
1756 2649 1822 2682 loci
1848 2648 2143 2681 inveniendorum

1166 2709 1465 2747 argumentorum,
1489 2712 1575 2746 quos
1593 2700 1751 2744 proximo
1769 2701 1861 2734 libro
1876 2699 2144 2732 recensebimus.

1597 2751 1646 2785 40
