2379 2948
182 124 255 158 503

189 205 407 239 devinciunt.
461 202 548 236 Nam
567 213 606 233 ex
624 199 727 232 bonis
747 205 779 232 et
799 197 1057 242 praestantibus
1076 202 1179 229 auto-

192 258 290 290 ribus
318 267 423 288 nemo
449 261 516 286 tam
539 253 686 294 ignavus
709 249 797 292 suit,
834 256 872 282 ut
890 249 966 281 sine
983 248 1081 281 omni
1098 257 1179 280 cura

194 305 436 340 collocationis
467 303 663 335 orationem
700 306 915 342 congereret.
976 299 1028 332 Ac
1057 297 1180 331 Cicero

195 359 300 391 etiam
317 368 394 389 cum
414 366 484 387 non
503 352 696 385 admodum
715 358 873 383 accurate
897 350 979 383 texit
1004 349 1181 393 periOdOS‚

198 416 247 441 est
265 407 356 440 enim
376 403 522 437 liberior
539 403 651 436 oratio
671 402 707 434 in
721 400 889 445 Epistolis
907 407 939 434 et
960 396 1182 444 philosophi-

199 460 246 491 cis
274 456 391 495 libris,
419 462 534 488 tamen
560 451 627 486 hoc
653 452 798 485 nomine
823 459 962 495 superat
987 451 1094 490 alios,
1123 448 1182 493 qui

199 509 332 542 nullam
351 504 593 539 adhibuerunt
610 504 646 536 in
666 504 912 547 componendo
930 514 1060 541 curam,
1088 499 1180 544 quod

200 565 316 596 cavet,
343 569 387 590 ne
406 561 618 590 concurrant
637 554 827 587 sententiae
846 553 986 594 longius
1005 552 1184 589 distantes,

200 616 260 643 aut
278 608 368 641 male
387 605 625 645 cohaerentes,
652 611 711 638 aut
728 605 859 649 nequid
878 603 1101 647 relinquatur
1117 601 1184 633 irn-

201 661 404 705 persectum.
459 656 553 690 Haec
578 667 651 688 non
677 661 798 687 cavent
822 654 1016 693 Salustius,
1043 651 1185 691 Seneca,

202 710 360 750 Plinius,
387 716 419 741 et
444 708 505 740 alii
530 706 751 740 recentiores.
806 703 925 746 Quare
951 703 1085 737 etiamsi
1112 713 1184 734 non

203 772 325 794 omnes
358 757 626 802 compositionis
656 763 771 799 partes
802 756 1024 797 esfingemus,
1069 761 1185 787 tamen

203 813 303 845 illum
334 808 586 843 sententiarum
613 807 776 839 ordinem
802 813 905 851 atque
927 805 1186 838 absolutionem

203 862 311 905 magis
333 860 526 905 poterimus
547 858 583 890 in
600 857 790 896 Cicerone,
819 869 922 902 quam
949 857 986 888 in
1011 856 1090 888 aliis
1113 866 1186 887 cer—

204 924 297 946 nere.
351 910 401 944 Ac
417 911 444 942 si
463 921 567 954 quem
584 909 731 941 omnino
748 908 922 941 delectant
945 906 1188 950 incomposita,

205 963 338 996 nullius
356 961 470 994 oratio
489 960 580 1003 apud
599 959 745 992 Latinos
762 959 982 1003 aequabilior
1007 965 1056 991 est
1083 968 1187 1001 quam

204 1013 401 1050 Ciceronis,
437 1011 540 1044 etiam
570 1022 648 1043 cum
672 1022 706 1043 se
732 1010 853 1043 eximit
877 1022 917 1042 ex
942 1009 1012 1041 illis
1038 1007 1189 1040 vinculis

205 1065 308 1105 artis,
335 1065 376 1096 de
395 1062 525 1107 quibus
550 1062 622 1103 ipse
647 1061 683 1093 in
709 1061 861 1104 perfecto
889 1066 1027 1093 oratore
1054 1058 1189 1102 praeci-

204 1116 268 1159 pit.
323 1113 468 1148 Rectius
487 1113 595 1155 igitur
610 1109 704 1144 hunc
722 1111 943 1145 imitabimur
961 1122 1065 1155 qnam
1091 1109 1190 1148 alios,

206 1173 264 1199 aut
287 1165 423 1204 tristes,
463 1161 646 1203 horridos,
687 1162 864 1200 concisos,
899 1168 958 1194 aut
982 1160 1129 1204 supinos
1156 1165 1190 1192 et

206 1216 346 1259 longius
370 1215 460 1247 iusto
483 1214 652 1251 fluentes,
688 1220 720 1246 et
752 1214 874 1256 plenos
899 1210 1122 1257 liyperbatiS,
1158 1217 1191 1243 et

207 1268 267 1312 qui
285 1274 414 1299 temere
430 1265 619 1298 sententias
637 1271 844 1307 congerunt.
897 1262 970 1296 Nos
988 1262 1191 1295 adolescen-

206 1319 271 1351 tuli
298 1317 488 1349 incidimus
513 1316 550 1347 in
568 1314 790 1348 Policianum
815 1321 847 1348 et
872 1313 1100 1358 posteriorem
1116 1311 1191 1345 Pli-

207 1370 319 1410 nium,
348 1378 497 1411 quorum
518 1376 582 1397 nos
600 1366 800 1397 invitabant
817 1365 963 1396 subtiles
980 1371 1190 1405 argntaeqne

208 1417 457 1454 sententiolae,
494 1415 623 1459 quibus
654 1414 811 1446 abundat
838 1420 1004 1457 uterque,
1041 1412 1189 1444 delecta-

208 1471 294 1503 bant
315 1468 352 1500 in
377 1464 432 1499 his
456 1472 488 1498 et
511 1465 570 1498 alii
596 1465 740 1509 quidam
767 1463 922 1504 flosculi,
952 1460 1081 1495 habent
1098 1462 1190 1494 enim

210 1520 301 1553 dicta
329 1517 497 1563 quaedam
522 1515 614 1549 belle
641 1517 796 1558 detorta,
834 1515 892 1546 sed
926 1514 1081 1556 argutiae
1112 1513 1191 1545 illae

209 1570 460 1603 sententiarum
472 1566 889 1600 etbelledictamirumin
908 1566 1052 1597 modum
1070 1575 1192 1596 aman—

210 1630 268 1655 tur
290 1633 307 1653 a
332 1618 520 1652 iuvenibus
547 1624 577 1650 et
595 1616 785 1660 imperitis,
810 1623 842 1649 et
862 1614 1052 1659 placentin
1073 1611 1191 1646 schola

210 1670 427 1708 ludentibus,
451 1668 560 1700 sedin
579 1667 677 1700 seriis
692 1666 848 1711 negociis
864 1663 955 1698 nibil
974 1672 1023 1698 est
1038 1664 1192 1708 ineptius

210 1730 314 1766 atque
332 1720 472 1753 inanius
492 1718 561 1750 illis
577 1718 744 1750 affectatis
761 1717 916 1759 argutiis.
962 1715 1057 1758 Quid
1077 1723 1192 1748 autem

211 1771 358 1806 assecuti
375 1780 495 1803 sumus
514 1767 640 1802 horum
659 1768 833 1801 lectione?
884 1767 1045 1800 Primum
1061 1766 1192 1799 aridio-

211 1835 266 1857 res
280 1822 361 1856 facti
380 1831 520 1860 sumus,
546 1831 625 1852 cum
653 1826 777 1852 natura
803 1830 926 1862 parum
952 1818 1078 1850 uberes
1102 1829 1193 1850 esse-

212 1886 308 1914 mus,
336 1873 463 1905 deinde
481 1871 558 1903 illas
575 1871 697 1902 inanes
717 1870 926 1913 argutiolas,
955 1880 1040 1913 quas
1061 1868 1193 1911 praeci-

212 1936 281 1969 pue
292 1923 557 1961 auserebamus,
584 1927 700 1964 postea
720 1920 956 1953 intelleximus
975 1919 1078 1952 nobis
1105 1919 1196 1951 abii-

214 1975 356 2009 ciendas
372 1985 410 2006 ac
426 1972 654 2005 dediscendas
672 1982 757 2004 esse.
803 1970 949 2013 Quanto
968 1970 1092 2002 melius
1110 1981 1193 2001 con-

214 2026 403 2060 suluissent
425 2023 528 2056 nobis
554 2029 810 2065 praeceptores,
837 2021 865 2054 si
889 2028 924 2054 et
947 2021 988 2053 ad
1014 2019 1196 2054 Ciceronis

214 2076 399 2110 lectionem
424 2073 618 2116 discipulos
640 2072 901 2105 assuefecissent
928 2078 961 2105 et
984 2071 1196 2111 docuissent,

215 2139 287 2160 non
305 2127 419 2159 solum
437 2125 542 2157 verba
561 2136 600 2156 ex
612 2121 779 2157 Cicerone
798 2134 996 2166 excerpere,
1013 2122 1072 2155 sed
1091 2122 1195 2155 etiam

215 2177 359 2222 phrasin
376 2175 526 2215 imitari,
553 2181 586 2207 et
606 2180 715 2207 totam
742 2173 914 2206 orationis
936 2174 1102 2213 sormam,
1130 2171 1197 2205 hoc

216 2236 277 2267 est,
299 2227 554 2261 sententiarum
571 2225 733 2257 ordinem
749 2230 853 2268 atque
870 2230 1077 2256 ornamenta
1095 2224 1196 2256 effin-

215 2291 306 2323 gere.

215 2331 266 2372 gis
283 2340 348 2362 usu
364 2340 482 2361 rerum
497 2329 620 2360 doctus
639 2325 794 2370 comperi
810 2325 943 2358 nullius
961 2325 1099 2367 generis
1117 2325 1197 2356 imi-

215 2381 402 2420 tationem,
429 2379 508 2423 plus
533 2378 729 2410 conducere
756 2373 830 2414 liis,
859 2376 987 2421 quibus
1010 2386 1065 2407 res
1088 2375 1198 2408 seriae

216 2437 249 2463 et
268 2442 410 2473 magnae
427 2429 626 2462 tractandae
651 2435 751 2468 sunt,
779 2439 884 2472 quam
911 2426 1082 2460 orationis
1097 2425 1197 2459 Cice-

215 2481 396 2515 ronianae.
447 2478 493 2514 Et
508 2479 673 2512 instruxit
691 2479 839 2511 artifices
855 2477 1040 2511 cuiuslibet
1062 2477 1198 2520 generis

215 2531 361 2568 Cicero,
401 2531 481 2574 quia
512 2542 585 2563 non
620 2530 733 2563 solum
765 2529 941 2563 orationes
965 2535 997 2562 et
1019 2526 1198 2572 Epistolas

216 2581 380 2626 reliquit,
417 2582 475 2613 sed
499 2581 602 2614 etiam
634 2580 901 2624 disputationes.
952 2578 1024 2612 Nec
1054 2579 1198 2612 difficile

213 2633 279 2666 erit
295 2631 493 2676 intelligere
508 2631 627 2664 lectori
647 2644 719 2664 non
739 2632 857 2672 stulto,
882 2631 910 2664 si
928 2630 965 2663 in
980 2628 1066 2663 haec
1082 2642 1197 2663 exem-

213 2685 271 2728 pla
295 2683 508 2722 intuebitur,
540 2682 625 2726 quid
658 2682 694 2714 in
725 2683 885 2727 quolibet
919 2693 1044 2725 genere
1068 2682 1198 2722 deceat,

419 117 624 153 SCRIPTA
661 115 733 150 PH.
763 111 877 150 MEL,
906 112 972 148 AD
998 111 1122 148 HIST.
1151 109 1293 148 PROF.
1322 109 1388 145 ET
1414 108 1606 145 PHtLOS.
1640 108 1960 147 SPECTANTIA.

356 2276 431 2320 Ego
450 2278 567 2321 itaque
586 2287 657 2308 non
676 2281 814 2308 tantum
831 2275 868 2306 in
888 2272 1025 2314 schola,
1053 2276 1110 2307 sed
1123 2286 1197 2307 ma-
1223 2280 1225 2311 ζ

2125 110 2199 148 504

1205 198 1208 237 ξ
1234 195 1348 239 qualis
1371 195 1483 228 oratio
1507 195 1694 228 conveniat
1715 193 1907 239 Epistolis,
1933 207 2019 241 quas
2044 207 2145 240 saepe
2171 196 2214 228 de

1206 240 1209 296 l
1234 246 1394 279 maximis
1410 247 1514 279 rebus
1532 253 1564 279 et
1582 247 1623 279 ad
1639 257 1795 279 summos
1819 246 1994 290 principes
2016 247 2214 286 scribimus,

1235 297 1349 341 qualis
1366 297 1478 330 oratio
1496 297 1532 329 in
1558 296 1843 335 narrationibus,
1869 296 2149 338 laudationibus,
2176 298 2213 329 in

1237 347 1576 391 vituperationibus,
1610 347 1724 393 qualis
1750 347 1787 379 in
1810 347 2111 391 disputationibus
2133 360 2216 391 pro-

1237 398 1350 433 betur.
1404 398 1523 441 Quare
1550 399 1700 432 studiosi
1730 410 1850 431 omnes
1884 395 2097 431 adhortandi
2126 405 2218 439 sunt,

1237 455 1276 482 ut
1299 461 1402 493 quam
1427 449 1621 493 plurimum
1654 449 1771 492 legant
1795 447 2021 489 Ciceronem,
2055 454 2086 481 et
2111 449 2155 480 ab
2178 460 2217 481 eo

1238 499 1392 543 primum
1425 501 1530 533 verba
1563 512 1602 533 ac
1632 497 1779 544 phrasin
1805 506 2021 533 mutuentur.
2081 497 2220 532 Deinde

1239 551 1386 583 consilia
1402 550 1477 584 eius
1494 551 1531 583 in
1554 551 1769 584 inveniendo
1793 562 1832 583 ac
1855 550 2076 594 disponendo
2103 549 2219 582 consi-

1239 601 1373 635 derent.
1427 600 1610 634 Postremo
1628 608 1736 635 totam
1760 601 1930 635 orationis
1955 601 2125 641 formam,
2152 598 2220 633 boc

1239 658 1300 692 est,
1317 652 1571 685 sententiarum
1587 652 1760 693 ordinem,
1777 652 2049 686 exornationum
2069 651 2220 695 copiam,

1240 708 1342 747 atque
1357 702 1502 735 modum
1520 709 1691 747 quantum
1706 702 1850 745 ingenio
1869 715 1907 736 ac
1922 702 2039 736 studio
2055 701 2221 746 consequi

1241 759 1428 796 poterunt,
1456 753 1587 786 imitari
1615 760 1799 787 conentur.
1854 753 1902 787 Ut
1925 754 2019 787 enim
2036 752 2222 796 Elegiacus

1242 804 1321 844 ille,
1351 805 1393 836 de
1411 816 1481 849 quo
1500 816 1603 847 supra
1620 804 1715 844 dixi,
1741 804 1816 837 sine
1832 803 2071 838 controversia
2095 803 2223 836 melior

1242 855 1364 889 evadet
1380 867 1419 888 ex
1430 853 1555 888 Ovidii
1573 855 1734 896 lectione,
1761 867 1866 900 quam
1887 855 1915 888 si
1933 855 2024 898 legat
2033 852 2132 888 Odas
2146 853 2224 887 Ho-

1242 906 1343 946 ratii,
1377 912 1410 939 et
1435 904 1610 939 Heroicus
1639 906 1767 939 scribet
1791 905 1972 946 foelicius,
2007 906 2035 938 si
2059 911 2225 950 sequetur

1243 955 1383 999 Virgilii
1404 957 1673 1001 proprietatem,
1701 957 1788 990 etin
1805 956 2014 990 ordinandis
2035 963 2138 1001 atque
2163 956 2226 989 ab-

1242 1007 1421 1040 solvendis
1444 1008 1612 1041 membris
1636 1008 1896 1049 oeconomiam,
1931 1019 2037 1052 quam
2056 1007 2087 1040 si
2111 1006 2225 1041 Luca-

1244 1070 1329 1091 num
1353 1065 1413 1092 aut
1429 1058 1603 1100 Statium,
1631 1059 1692 1104 qui
1719 1065 1800 1092 sunt
1819 1058 2025 1102 improprii,
2052 1057 2165 1091 inflati
2193 1063 2227 1090 et

1243 1109 1403 1150 obscuri,
1431 1109 1599 1143 imitetur.
1638 1109 1688 1142 lta
1714 1109 1869 1143 dubitari
1894 1121 1967 1142 non
1984 1109 2108 1149 debet,
2137 1108 2225 1153 quin

1243 1160 1303 1192 ille
1325 1166 1445 1193 noster
1471 1160 1629 1193 imitator
1656 1172 1696 1193 ex
1721 1160 1872 1193 lectione
1894 1158 2078 1194 Ciceronis
2100 1159 2226 1192 melior

1244 1221 1349 1255 quam
1374 1223 1413 1243 ex
1438 1211 1517 1244 aliis
1540 1211 1723 1244 autoribus
1745 1211 1887 1245 futurus
1911 1211 1967 1245 sit.
2020 1208 2114 1244 Cum
2131 1210 2226 1242 enim

1245 1262 1282 1294 in
1301 1262 1434 1305 poetica
1447 1261 1635 1295 maximam
1651 1262 1723 1294 vim
1741 1274 1813 1295 esse
1829 1261 2038 1295 imitationis
2053 1266 2229 1305 appareat,

1244 1313 1401 1346 dubitari
1426 1325 1499 1346 non
1525 1313 1647 1354 debet,
1675 1313 1760 1357 quin
1784 1319 1817 1346 et
1841 1313 1878 1345 in
1912 1310 1977 1345 hac
2006 1312 2122 1342 vicina
2154 1318 2228 1343 arte

1246 1363 1438 1404 plurimum
1459 1363 1603 1404 polleat.
1658 1363 1775 1392 Tanta
1791 1366 1841 1393 est
1858 1360 1952 1392 enim
1967 1359 2060 1392 inter
2081 1357 2147 1393 has
2168 1372 2228 1393 co-

1245 1418 1365 1453 gnatas
1390 1417 1480 1443 artes
1505 1410 1721 1450 similitudo,
1748 1417 1787 1443 ut
1812 1410 1993 1455 plaerique
2017 1410 2228 1444 illustriores

1245 1461 1313 1493 loci
1323 1460 1503 1494 Ciceronis
1521 1473 1558 1494 ac
1574 1460 1681 1499 Livii,
1709 1461 1738 1493 si
1755 1469 1846 1496 recte
1865 1461 2117 1503 existimemus,
2142 1462 2229 1506 poe'-

1217 1543 1220 1553 ,
1245 1519 1337 1546 mata
1353 1513 1428 1545 iure
1447 1512 1516 1545 dici
1535 1512 1681 1555 possint.

1434 1598 1492 1631 De
1515 1596 1632 1630 tribus
1657 1595 1851 1643 yeneribus
1878 1596 2044 1632 dicendi·

1349 1663 1547 1697 Plurimum
1584 1663 1689 1698 etiam
1718 1665 1885 1698 conducit
1911 1666 1952 1698 ad
1988 1664 2230 1705 iudicandum,

1247 1726 1434 1759 agnoscere
1452 1715 1588 1748 diversa
1607 1726 1732 1758 genera
1748 1715 1900 1751 dicendi.
1952 1714 2041 1749 Nam
2066 1715 2229 1758 ingenio-

1247 1779 1325 1800 rum
1342 1765 1612 1806 dissimilitudo,
1635 1766 1790 1799 diversas
1807 1767 1949 1807 formas,
1976 1778 2036 1800 seu
2052 1773 2092 1801 ut
2103 1764 2232 1800 Graeci

1247 1817 1435 1850 nominant
1448 1818 1685 1863 χαρακτῆρας
1703 1829 1867 1861 operum,
1893 1829 1966 1850 non
1981 1817 2094 1850 solum
2112 1817 2149 1850 in
2166 1814 2232 1849 hac

1248 1875 1341 1907 arte,
1369 1868 1427 1900 sed
1453 1868 1491 1902 in
1518 1868 1718 1912 plaerisque
1741 1868 1820 1901 aliis
1844 1868 1988 1912 peperit.
2040 1866 2089 1901 Et
2113 1874 2232 1901 tamen

1250 1919 1333 1953 certi
1355 1918 1452 1964 quasi
1478 1920 1606 1962 gradus
1630 1919 1865 1952 animadversi
1890 1925 1994 1959 sunt,
2019 1918 2113 1952 intra
2141 1930 2231 1963 quos

1249 1968 1314 2003 hae
1327 1970 1461 2003 formae
1479 1970 1687 2009 consistunt,
1713 1969 1876 2002 videlicet
1893 1966 2029 2002 humile
2041 1980 2171 2012 genus,
2198 1976 2233 2003 et

1250 2020 1303 2053 illi
1335 2020 1535 2064 oppositum
1567 2020 1711 2063 grande.
1773 2019 1936 2053 Tertium
1966 2026 2016 2053 est
2043 2020 2233 2060 mediocre,

1251 2071 1346 2116 quod
1365 2070 1479 2114 primo
1495 2082 1620 2114 genere
1640 2070 1778 2114 plenius
1795 2077 1857 2111 est,
1885 2077 1917 2104 et
1935 2077 2052 2104 tamen
2069 2070 2231 2116 aliquan-

1251 2122 1365 2156 tulum
1389 2133 1407 2153 a
1434 2132 1571 2154 summo
1595 2122 1710 2161 abest,
1746 2121 1783 2154 in
1810 2121 1956 2165 picturis
1981 2121 2083 2155 facile
2107 2123 2232 2166 depre-

1251 2170 1361 2206 hendi
1392 2168 1458 2204 hae
1487 2172 1708 2205 differentiae
1738 2179 1895 2216 possunt.
1955 2170 2116 2207 Durerus
2133 2173 2231 2206 enim

1252 2223 1418 2268 pingebat
1437 2223 1555 2256 omnia
1578 2224 1784 2266 grandiora,
1810 2231 1844 2257 et
1867 2223 2164 2268 frequentissimis
2187 2224 2232 2257 li-

1224 2313 1225 2327 *
1251 2274 1325 2308 neis
1343 2274 1487 2308 variata.
1541 2273 1655 2307 Lucae
1675 2274 1831 2318 picturae
1858 2275 2002 2317 graciles
2019 2281 2118 2316 sunt,
2143 2286 2232 2319 quae

1224 2356 1225 2360 ,
1251 2332 1285 2359 et
1301 2325 1327 2358 si
1347 2325 1498 2358 blandae
1514 2332 1613 2365 sunt,
1640 2332 1757 2358 tamen
1781 2332 1951 2370 quantum
1975 2325 2138 2359 distenta
2155 2323 2231 2359 Du-

1224 2393 1225 2398 =
1251 2376 1319 2409 reri
1344 2376 1529 2420 operibus,
1564 2376 1705 2409 collatio
1732 2376 1896 2409 ostendit.
1936 2374 2106 2409 Matthias
2131 2377 2230 2420 quasi

1223 2429 1225 2469 ᾗ
1253 2427 1527 2460 mediocritatem
1553 2428 1723 2462 servabat.
1785 2426 1982 2460 Miscentur
2004 2433 2119 2459 autem
2147 2424 2231 2461 haec

1224 2470 1226 2478 ’
1251 2489 1375 2520 genera
1392 2478 1484 2511 inter
1502 2490 1555 2518 se,
1583 2478 1671 2511 sicut
1688 2478 1811 2511 musici
1828 2485 1931 2511 tonos
1946 2477 2103 2510 miscent.
2141 2476 2231 2511 Nam

1223 2516 1226 2603 ἱ
1252 2535 1283 2562 et
1310 2528 1362 2561 illi
1386 2529 1447 2573 qui
1470 2535 1552 2562 sunt
1577 2530 1770 2569 tenuiores,
1799 2529 1976 2562 interdum
1999 2528 2135 2573 aliquid
2159 2528 2233 2562 effi-

1224 2605 1226 2619 ,
1250 2579 1347 2613 ciunt
1373 2580 1523 2623 plenius.
1587 2577 1634 2613 Et
1660 2580 1696 2612 in
1727 2581 1846 2613 eedem
1874 2585 2032 2622 tempore
2067 2579 2129 2612 alii
2163 2579 2231 2612 loci

1224 2629 1226 2654 ἱ
1250 2632 1398 2673 grandes
1415 2637 1515 2667 sunt,
1544 2631 1604 2663 alii
1623 2631 1746 2672 exiles,
1772 2630 1865 2664 iuxta
1884 2641 2003 2663 rernm
2020 2629 2236 2671 varietatem,

1224 2674 1225 2681 ἵ
1250 2683 1293 2714 de
1311 2682 1439 2727 quibus
1462 2681 1602 2718 dicitur.
