2379 2948
194 122 288 157 1243

192 211 318 244 timore
336 213 367 240 et
386 206 464 238 fule.
486 202 577 237 Nam
596 201 702 235 timor
718 198 928 243 generaliter
944 209 1045 242 saepe
1065 204 1177 231 totum

191 261 324 295 cultum
350 256 541 300 significat,
575 259 628 286 ut:
663 248 778 284 Beati
809 260 931 283 omnes
961 247 1026 296 qui
1055 247 1182 282 timent

192 309 417 345 Dominum,
445 304 510 353 qui
525 301 722 337 ambulant
742 301 779 334 1'n
800 300 868 334 viis
885 300 973 336 eius.

293 360 458 394 Decimus
482 367 622 396 versus,
659 351 800 387 Leones
823 352 1007 392 esuriunt,
1034 349 1182 395 illustris

191 409 396 457 metaphora
414 416 483 449 est,
512 407 605 454 qnod
627 407 745 439 leones
768 405 931 437 nominat
947 402 1091 442 divites,
1119 413 1182 445 po-

191 472 321 503 tentes,
346 470 532 507 tyrannos:
561 465 594 492 et
610 458 760 490 affirmat
778 453 842 490 hos
866 465 1007 500 quoque
1023 465 1064 486 ex
1086 464 1182 486 sum-

190 529 248 551 mo
274 513 413 557 fastigio
447 510 570 550 defici,
605 508 717 552 redigi
747 508 791 541 ad
821 507 1002 551 inopiam,
1037 503 1182 538 destitui

190 565 394 614 praesidiis,
421 569 454 596 et
479 573 580 595 ruere
603 560 639 593 in
666 566 847 593 aeternum
867 557 1031 596 exitium,
1060 562 1098 588 ut
1122 566 1183 599 pe-

191 620 327 653 rierunt
350 613 507 652 Pharao,
533 612 639 652 Saul,
666 610 815 655 Apries‚
840 608 1060 654 Polycrates,
1088 605 1180 639 Nero

311 667 448 701 Interea
465 663 619 698 custodit
634 663 728 696 Deus
748 660 959 695 imbecillem
975 656 1181 692 Ecclesiam.

299 717 429 753 Venite
451 713 532 760 filii
561 711 687 747 audite
722 723 795 753 mc,
827 711 991 744 {imorem
1021 706 1185 741 Domini

193 769 322 807 docebo
342 780 413 804 ros,
467 766 560 810 Quia
579 764 777 798 nominavit
797 763 960 796 timorem
970 759 1057 801 Dei,
1085 759 1183 792 addit

192 823 390 859 doctrinam
408 820 450 852 ‹le
467 817 641 851 exercitiis
665 815 739 848 veri
757 814 894 848 timoris
922 819 954 846 et
980 810 1183 845 conversio-

191 876 257 910 nis.
313 872 473 905 Primum
498 870 540 901 de
563 868 683 911 lingua
707 865 895 911 praecipit,
922 863 982 897 ubi
1008 862 1186 905 intelliga-

193 935 251 961 tur
269 931 459 967 utrumque
477 931 604 964 genus,
631 919 821 962 loquamur
846 915 1030 948 veritatem
1057 914 1094 946 in
1121 914 1185 946 do-

192 978 304 1012 ctrina
330 975 371 1007 de
395 972 489 1013 Deo,
518 978 551 1004 et
575 970 612 1002 in
637 968 795 1009 iudiciis,
823 974 857 1001 et
878 966 986 1012 pactis
1012 962 1187 1008 ergalio-

192 1030 316 1062 mines.

295 1073 460 1110 Declina
491 1085 513 1106 a
540 1070 653 1108 muln.
693 1070 872 1116 Loquitur
890 1069 934 1103 de
952 1068 1089 1102 iusticia
1104 1066 1187 1101 uni-

193 1130 336 1164 versali:
376 1126 446 1160 Fac
476 1126 631 1164 bonnm,
663 1121 908 1166 complectitur
940 1120 1034 1153 enim
1067 1118 1187 1152 omnia

192 1181 357 1216 mandata
384 1177 476 1215 Dei,
504 1177 593 1209 sicut
616 1173 793 1208 Dominus
816 1171 950 1218 inquit:
987 1169 1026 1205 Si
1051 1170 1104 1203 vis
1129 1170 1187 1202 in-

193 1232 291 1277 gredi
312 1232 350 1264 in
364 1230 484 1269 vitam,
502 1225 657 1260 servabis
674 1225 850 1259 mandata.
888 1221 935 1257 Et
945 1221 1094 1255 Paulus:
1112 1219 1187 1253 Mi-

193 1286 254 1319 lita
273 1284 403 1317 bonam
422 1279 588 1314 militiam
606 1274 740 1310 habens
757 1276 862 1308 fidem
886 1280 919 1307 et
944 1273 1076 1305 bonam
1101 1283 1187 1304 con-

195 1334 389 1369 scientiam.
450 1329 557 1364 Item:
594 1327 712 1361 Nolite
745 1337 882 1365 errare,
917 1329 1126 1358 scortatores
1145 1328 1187 1357 ,et

195 1385 367 1424 adulteri,
407 1380 626 1419 homicidae,
665 1390 739 1411 non
774 1376 1007 1421 possidebunt
1037 1385 1186 1417 regnum

194 1437 276 1472 Dei.
332 1434 419 1468 Item
441 1429 565 1465 Iollan,
585 1431 636 1463 3.:
666 1428 739 1471 Qui
756 1428 840 1461 facit
855 1433 1034 1471 peccatum
1053 1437 1093 1458 ex
1110 1425 1187 1458 dia-

195 1489 279 1522 bolo
300 1493 361 1521 est.
413 1483 456 1517 In
475 1488 627 1527 quatuor
652 1479 882 1525 sequentibus
903 1476 1063 1511 versibus
1087 1487 1187 1520 repe-

197 1545 321 1573 tuntur
338 1534 589 1580 promissiones
606 1538 639 1565 et
656 1530 962 1564 comminationes-

299 1584 455 1621 ,Multae
476 1587 561 1617 sunt
588 1579 849 1615 tribulationes
875 1579 1066 1613 iustorum.
1119 1577 1188 1611 Hic

198 1640 387 1685 respondet
411 1635 571 1670 omnium
603 1633 815 1667 obiectioni:
852 1643 931 1665 curn
968 1637 1086 1665 tantae
1118 1629 1189 1662 sint

192 680 255 706 GIC.

780 112 907 149 PHIL.
934 111 1050 147 MEL.
1086 109 1299 146 SCRIPTA
1332 108 1633 146 EXEGETICA.

2124 112 2220 148 1244

1231 208 1419 230 aerumnae
1434 195 1631 238 Ecclesiae,
1658 208 1721 230 cur
1740 196 1827 230 dicis
1852 208 1928 230 eam
1949 197 2018 240 tegi
2038 198 2159 232 castris
2186 204 2219 231 et

1231 248 1343 282 oculis
1366 247 1456 289 Dei,
1484 249 1685 293 respondet.
1739 247 1872 281 Verum
1903 255 1953 282 est
1979 259 2051 281 esse
2076 261 2219 293 magnas

1232 306 1266 333 et
1288 299 1416 333 multas
1439 311 1626 334 aerumnas
1649 298 1847 340 Ecclesiae,
1878 310 2000 332 causae
2026 299 2112 332 alibi
2134 306 2220 333 reci-

1232 357 1373 392 tantur,
1402 351 1461 384 sed
1486 358 1605 384 tamen
1631 357 1708 395 post
1734 348 1826 384 hanc
1851 351 1959 384 vitam
1986 350 2052 384 erit
2077 350 2221 384 univer-

1233 402 1314 435 salis
1339 402 1520 441 liberatio,
1548 402 1636 443 vita,
1664 402 1823 444 iusticia,
1850 407 1884 435 et
1909 401 2045 435 laeticia
2071 407 2222 435 aeterna.

1232 451 1312 487 Erit
1340 453 1376 486 in
1403 451 1468 487 hac
1491 454 1562 487 vita
1593 453 1788 497 mitigatio,
1827 460 1862 487 et
1890 464 2018 497 corpus
2043 449 2222 487 Ecclesiae

1233 505 1431 538 servabitur
1450 505 1553 539 etiam
1572 505 1759 539 ruentibus
1775 504 1945 549 imperiis.

1335 576 1446 613 Mors
1461 584 1688 627 peccatorum
1705 578 1880 627 pgssima.
1922 578 2166 614 Concionatur
2179 580 2223 613 de

1233 631 1427 665 universali
1457 643 1570 675 poena
1602 631 1816 676 impiorum,
1861 629 1919 664 hic
1953 631 2047 664 clare
2077 630 2224 665 dicitur:

1234 681 1335 716 Mors
1352 682 1471 727 impiis
1489 683 1598 721 mala,
1626 694 1707 726 ergo
1726 681 1863 716 etiamsi
1888 682 2017 715 ssorent
2033 682 2070 714 in
2090 679 2155 715 hac
2172 683 2225 716 vi-

1233 741 1286 775 ta,
1313 740 1432 767 tamen
1459 740 1543 767 tunc
1566 734 1735 778 peribunt
1760 745 1838 767 cum
1864 733 2088 774 moriuntur,
2112 733 2158 767 ita
2187 741 2226 768 ut

1236 797 1309 818 non
1328 784 1372 819 sit
1391 784 1472 818 finis
1490 796 1703 830 poenarum,
1731 784 1791 818 sed
1808 796 1930 818 sensus
1951 785 2023 818 irae
2047 791 2080 818 et
2103 784 2227 818 iudicii

1235 835 1302 870 Dei
1325 836 1363 868 in
1388 848 1530 869 omnem
1554 836 1809 870 aeternitatem.
1868 835 2058 870 Traditum
2085 842 2135 869 est
2160 836 2227 880 igi-

1236 894 1312 929 tur,
1339 894 1370 920 et
1396 885 1463 921 hoc
1488 888 1566 921 loco
1591 889 1635 921 de
1658 888 1730 922 vita
1756 893 1791 921 et
1807 886 1938 921 iudicio
1958 893 2035 931 post
2057 884 2149 920 hanc
2173 888 2227 920 vi-

1236 946 1328 980 tam,
1356 940 1458 972 docet
1484 939 1590 973 etiam
1615 937 1673 972 hic
1695 939 1794 973 locus
1818 945 1982 983 oportere
2005 938 2044 970 in
2065 935 2132 971 hac
2156 939 2227 973 vita

1238 997 1318 1024 ante
1346 996 1494 1024 mortem
1520 990 1596 1023 fieri
1620 989 1887 1024 conversionem
1911 989 1953 1022 ad
1975 988 2111 1034 Deum,
2139 990 2229 1023 sicut

1239 1041 1384 1075 dicitur:
1415 1040 1517 1075 Beati
1541 1042 1603 1087 qui
1621 1042 1658 1075 in
1679 1040 1836 1075 Domino
1853 1040 2069 1075 moriuntur.
2124 1039 2228 1074 Item:

1238 1092 1294 1127 Sis
1310 1093 1424 1126 fidelis
1442 1105 1553 1138 usque
1571 1094 1613 1126 ad
1632 1099 1796 1128 mortem.
1851 1091 1955 1126 Item:
1984 1091 2230 1135 Superindue-

1237 1156 1337 1185 mur,
1372 1144 1400 1177 si
1430 1150 1552 1177 tamen
1585 1156 1660 1177 non
1688 1143 1779 1177 nudi
1801 1143 2032 1187 reperiemur.
2086 1140 2229 1176 Phrasis

1236 1195 1458 1228 observanda
1491 1202 1560 1233 est,
1594 1195 1652 1239 qui
1678 1195 1832 1228 oderunt
1854 1194 2005 1234 iustum,
2036 1200 2142 1227 erunt
2168 1193 2231 1234 rei,

1237 1257 1320 1278 nam
1352 1245 1499 1279 verbum
1525 1244 1728 1279 Hebraeum
1759 1242 1828 1279 hoc
1852 1245 1929 1278 loco
1957 1256 2031 1277 non
2058 1244 2231 1288 significat

1238 1296 1434 1335 actionem,
1461 1302 1501 1330 ut
1523 1296 1673 1331 Latinus
1691 1296 1817 1337 vertit,
1844 1296 2071 1341 delinquent:
2099 1297 2159 1330 sed
2182 1296 2230 1329 si-

1237 1347 1378 1391 gnificat
1404 1354 1508 1381 erunt
1532 1348 1602 1387 rei,
1629 1355 1663 1382 et
1687 1347 1821 1381 malum
1844 1359 1978 1391 poenae
2003 1347 2230 1390 significatur,

1238 1399 1405 1433 videlicet
1420 1398 1570 1441 deletio,
1595 1405 1634 1432 ut
1651 1410 1752 1443 saepe
1770 1398 1869 1433 alias.

1341 1474 1500 1508 Ultimus
1516 1485 1638 1508 versus
1665 1473 1792 1518 repetit
1817 1473 2092 1518 promissionem
2118 1479 2152 1507 et
2170 1484 2232 1517 ap-

1238 1526 1466 1571 plicationem
1496 1526 1539 1559 de
1561 1525 1648 1567 fide,
1684 1537 1757 1559 non
1784 1532 1888 1559 erunt
1913 1524 1983 1565 rei,
2025 1535 2146 1557 omnes
2170 1525 2233 1570 qui

1239 1576 1424 1611 confidunt
1448 1576 1485 1609 in
1511 1588 1562 1612 e0.
