2379 2948
228 129 300 166 907
816 118 939 153 PH1L.
969 116 1087 154 MEL.
1115 116 1325 152 SCRIPTA
1353 115 1655 152 EXEGETICA.
2181 118 2256 153 908

230 217 383 252 tionem,
415 209 675 256 eloquentiam,
708 206 861 251 copiam,
895 205 1056 239 ardorem
1096 202 1218 243 animi,
1242 204 1243 208 ’
1370 202 1542 237 Nominat
1567 209 1683 236 autem
1709 200 1865 235 Graecos
1888 201 2017 243 lavan,
2043 215 2103 238 seu
2125 211 2165 239 ut
2190 205 2258 250 ipsi

229 264 434 312 praesertim
467 262 506 295 in
536 260 597 294 tali
624 269 726 292 causa
752 263 938 297 metueret,
973 255 1116 289 simulat
1139 266 1173 288 se
1197 264 1218 287 a
1270 254 1486 299 loquuntur,
1513 252 1625 289 Ioues.
1678 252 1750 286 Nec
1774 253 1923 286 dubium
1948 260 1999 287 est
2017 253 2054 286 in
2071 253 2257 299 Prophetis

231 329 309 361 rege
326 321 485 348 vocatum
504 322 592 352 esse,
620 322 684 343 nec
700 320 772 342 esse
790 320 885 342 nunc
901 307 1016 341 ocium
1036 307 1077 339 ad
1096 305 1218 348 dispu-
1244 342 1247 352 Ι
1271 305 1403 350 ubique
1427 304 1532 338 Ionas
1554 304 1706 347 intelligi
1730 302 1902 337 Graecam
1927 310 2082 346 gentem,
2109 318 2199 350 quae
2226 314 2259 341 et

231 368 400 404 tationem
435 365 479 397 de
513 374 549 396 re
580 361 740 395 omnium
774 359 924 392 maxima
960 357 1220 402 pertexendam·
1271 356 1370 390 littus
1387 356 1423 388 in
1441 355 1524 389 Asia
1541 355 1673 396 tenuit,
1700 361 1733 388 et
1748 355 1844 388 sedes
1863 352 1989 388 habuit
2006 355 2043 388 in
2060 355 2185 389 vicinis
2202 358 2259 390 in·-

232 417 385 454 Simulat
398 427 433 448 se
449 413 599 448 maxime
616 411 784 455 cupidum
802 421 873 443 esse
892 407 1114 443 etamiciciae
1126 405 1220 451 Gry·
1245 407 1249 411 ’
1273 407 1359 441 sulis
1383 414 1416 441 et
1439 407 1478 440 in
1499 404 1663 450 Europae
1685 412 1804 450 parte,
1835 418 1941 451 quae,
1966 406 2030 439 etsi
2057 418 2158 451 saepe
2181 419 2261 440 mu-

232 469 311 503 naei
342 474 376 502 et
405 464 576 509 colloquii
605 462 789 505 longioris.
842 459 889 494 Et
919 471 998 493 cum
1022 470 1083 492 sua
1109 468 1222 497 causa,
1247 499 1249 502 .
1273 464 1364 491 tatae
1388 464 1469 491 sunt
1486 458 1757 501 appellationeS,
1785 464 1900 491 tamen
1919 457 2060 490 tandem
2079 458 2262 493 communi

234 528 309 555 tum
334 524 478 563 propter
499 514 770 559 Rempublicam
795 524 894 546 orare
918 509 1061 553 incipit,
1087 515 1125 542 ut
1148 518 1222 541 cras
1247 537 1250 543 Δ
1276 508 1421 542 nomine
1439 507 1588 542 Graecia
1606 508 1698 541 dicta
1714 514 1776 543 est.

234 572 279 605 ad
295 582 329 603 se
348 569 484 608 redeat,
512 571 685 599 monstrat
703 562 916 608 hospitium,
943 559 1116 594 ethoram
1136 570 1222 592 con-
1248 561 1250 592 ἓ
1378 558 1462 592 Fuit
1484 565 1599 592 autem
1618 558 1681 591 lon
1705 570 1765 591 seu
1787 557 1893 591 lavan
1919 557 2012 593 filins
2030 556 2196 603 Iapheth,
2225 566 2263 593 ut

235 621 358 656 stituit.
412 617 600 664 Grynaeus
616 616 705 650 serio
725 613 808 648 haec
825 613 893 647 dici
910 619 1037 657 putans
1055 622 1127 643 non
1145 620 1223 653 gra—
1275 616 1422 643 testatur
1441 609 1617 652 catalogus
1641 610 1677 641 in
1696 608 1827 642 Genesi
1845 609 1957 653 capite
1977 609 2031 644 10.
2056 621 2074 642 a
2091 622 2160 655 quo
2180 622 2264 655 pro-

235 672 343 707 vatim
364 670 547 714 promittit.
1276 667 1420 705 pagatos
1451 672 1523 692 esse
1548 659 1651 693 lonas
1678 657 1741 693 hac
1764 672 1905 705 quoque
1930 661 2131 694 coniectura
2155 661 2264 695 ratio-

336 721 476 756 Relicto
508 719 616 763 igitur
640 716 756 750 Fabro
788 715 830 748 ad
866 725 930 746 nos
960 718 1050 745 recta
1080 710 1224 744 accedit.
1249 741 1252 745 ,
1277 711 1389 744 cinari
1414 722 1609 755 possumus,
1664 709 1756 752 Quia
1784 712 1875 754 apud
1901 710 2056 745 Graecos
2083 711 2265 757 utriusque

235 773 305 807 Vix
329 772 511 807 adsederat
536 779 695 807 mensae,
724 767 791 799 iam
818 765 911 797 enim
935 774 1061 796 coenae
1087 769 1225 805 tempus
1277 762 1433 795 nominis
1457 761 1624 794 memoria
1649 760 1914 805 mansit'lapeti
1939 769 1972 796 et
1995 761 2104 796 Ionis.
2158 761 2266 796 Euri-

237 831 330 864 erat,
362 830 393 857 et
419 823 625 855 recitaverat
650 824 782 861 partem
805 814 1056 859 disputationis
1079 810 1169 845 mihi
1193 819 1226 845 et
1252 850 1253 853 Ἰ
1278 814 1377 858 pides
1404 814 1505 857 poe'ta
1529 812 1627 855 fingit
1646 810 1766 844 Ionem
1786 810 2014 846 Deucalionis
2035 820 2266 858 pronepotem

237 876 326 910 aliis.
377 872 466 907 Cum
495 883 556 914 ego
581 870 744 903 adsidens
770 868 811 899 ad
839 877 1014 905 mensam,
1041 864 1158 897 subito
1186 875 1226 895 ex
1252 907 1253 916 ἵ
1279 865 1395 898 fuisse.
1449 862 1518 897 Sed
1544 869 1615 896 tota
1640 863 1699 894 illa
1726 863 1882 895 narratio
1902 861 2087 908 Euripidis
2104 865 2146 897 de
2163 865 2267 898 rebus

238 924 397 960 conclavi
429 934 568 957 evocor.
629 919 696 952 Hic
727 930 802 960 me,
849 916 966 949 nescio
998 915 1078 960 quis
1111 926 1226 954 senex,
1251 921 1253 936 ²
1279 914 1535 948 recentioribus
1561 913 1737 958 loquitur,
1764 925 1868 958 quam
1892 926 1981 958 quae
2005 915 2112 947 tribui
2133 915 2268 959 possint

239 976 452 1020 singularem
475 972 681 1017 gravitatem
705 969 823 1008 vultu,
858 967 1017 1001 oratione
1043 973 1076 999 et
1100 965 1228 998 vestitu
1281 966 1352 999 filio
1370 962 1505 1009 Iaphet.
1556 963 1646 997 Nam
1666 962 1812 997 Graecis
1836 975 1960 1007 magna
1985 976 2025 997 ex
2052 972 2148 1009 parte
2167 966 2269 1009 igno-

241 1040 323 1073 prae
347 1038 381 1059 se
405 1026 540 1063 serens,
569 1034 631 1055 nec
650 1020 728 1066 quis
745 1019 852 1053 fuerit
868 1029 1025 1063 unquam
1044 1016 1228 1049 resciscere
1253 1030 1255 1060 3
1282 1024 1335 1051 tae
1361 1023 1443 1049 sunt
1468 1027 1522 1048 res
1547 1021 1680 1048 veteres
1705 1021 1784 1047 ante
1803 1014 1967 1058 Pelopem
1987 1015 2022 1048 in
2043 1015 2192 1050 Graecia
2209 1028 2269 1059 ge-

240 1079 357 1123 potui,
384 1075 596 1119 alloquitur,
623 1085 661 1105 ac
683 1076 822 1109 narrat,
849 1081 931 1102 mox
954 1069 1138 1102 adfuturos
1156 1077 1229 1099 esse
1283 1075 1364 1101 stae.
1417 1064 1464 1100 Et
1477 1066 1649 1103 arbitror,
1678 1073 1716 1099 ut
1733 1065 1904 1108 significat
1921 1063 2168 1112 Thucydides,
2197 1067 2270 1111 pri-

240 1131 279 1162 in
309 1127 461 1171 hospitio
494 1131 614 1158 nostro
649 1122 810 1161 lictores,
847 1121 971 1153 missos
1006 1119 1102 1151 iussu
1129 1117 1230 1160 regis,
1284 1129 1359 1151 mos
1390 1118 1470 1150 illos
1500 1116 1643 1157 lonum,
1678 1117 1739 1161 qui
1771 1117 1805 1148 in
1835 1114 2015 1161 Europam
2048 1118 2272 1157 traiecerunt,

240 1180 332 1225 apud
358 1190 463 1224 quem
489 1176 604 1209 Faber
628 1172 834 1219 Grynaeum
859 1177 1069 1207 accusasset,
1097 1169 1139 1201 ad
1168 1168 1231 1201 ab-
1255 1183 1259 1218 ’,-
1284 1170 1345 1203 diu
1370 1168 1513 1202 incertis
1537 1167 1679 1201 sedibus
1704 1174 1863 1213 vagatos,
1891 1180 1964 1200 non
1984 1169 2166 1214 reliquisse
2180 1175 2272 1202 certa

241 1231 443 1265 ducendum
477 1226 684 1272 Grynaeum
717 1224 754 1256 in
785 1234 970 1256 carcerem.
1039 1220 1159 1259 Iubet,
1193 1225 1232 1252 ut
1257 1223 1259 1261 ζ
1285 1226 1515 1254 monumenta
1532 1230 1673 1252 suarum
1691 1230 1820 1252 rerum.
1866 1217 1916 1252 Ita
1933 1227 1966 1253 et
1982 1220 2094 1263 prima
2111 1220 2272 1254 doctrina

243 1282 358 1316 statim
376 1292 414 1313 ex
433 1280 520 1312 urbe
537 1277 713 1315 discedat,
741 1287 778 1308 ac
795 1271 956 1307 hortatur
973 1284 1017 1305 ne
1035 1278 1232 1305 contemur.
1258 1278 1259 1284 ¹
1286 1274 1328 1306 de
1345 1269 1421 1305 Deo
1446 1271 1537 1314 apud
1563 1276 1721 1313 posteros
1746 1269 1897 1303 extincta
1920 1277 1988 1309 est,
2016 1277 2049 1304 et
2069 1271 2203 1304 oblivio
2220 1282 2274 1304 se-

245 1332 297 1367 Ita
315 1333 405 1365 dicta
424 1330 535 1363 salute
554 1339 654 1360 senex
674 1326 758 1360 abit.
1287 1330 1364 1356 cuta
1383 1333 1501 1354 rerum
1520 1327 1678 1353 veterum
1698 1321 1871 1356 omnium,

345 1380 420 1424 Ego
445 1381 487 1413 ad
508 1379 643 1412 sodales
666 1378 789 1416 redeo,
818 1376 921 1407 iubeo
946 1381 984 1407 ut
1002 1379 1166 1416 surgant,
1195 1384 1234 1404 ac
1390 1371 1500 1405 Porro
1540 1383 1559 1404 a
1598 1370 1733 1403 diluvio
1766 1368 1889 1403 Nohae
1920 1382 2030 1416 usque
2063 1372 2104 1405 ad
2141 1372 2273 1405 bellum

248 1445 353 1467 narro
380 1431 465 1477 quid
491 1441 593 1462 senex
619 1426 808 1460 nunciat-it.
863 1424 948 1458 Mox
973 1436 1033 1467 per
1054 1423 1232 1467 publicam
1287 1423 1485 1457 Troianum
1522 1421 1608 1454 anni
1627 1428 1630 1457 ζ
1648 1428 1727 1454 sunt
1766 1421 1904 1455 circiter
1942 1422 2038 1455 mille
2079 1429 2138 1456 aut
2168 1423 2274 1466 paulo

247 1485 398 1530 plateam
430 1480 636 1515 deducimus
660 1477 865 1522 Grynaeum
892 1481 1073 1519 acceptum
1099 1474 1137 1506 in
1162 1484 1234 1506 me·
1289 1475 1376 1520 plus.
1432 1472 1569 1506 Horum
1596 1471 1624 1504 si
1650 1469 1834 1505 historiam
1859 1473 2006 1515 cogites,
2035 1485 2107 1506 non
2126 1474 2275 1506 dubium

247 1536 345 1569 dium
370 1544 513 1577 agmen,
539 1538 572 1564 et
596 1530 638 1562 ad
665 1526 833 1562 Rhenum
858 1527 1053 1570 pergimus,
1082 1525 1142 1558 ubi
1171 1534 1235 1556 nos
1260 1513 1263 1546 Ι
1289 1533 1339 1559 est
1369 1524 1535 1556 mansisse
1568 1520 1761 1555 Ecclesiam
1787 1521 1850 1555 Dei
1885 1523 1922 1555 in
1955 1523 2100 1557 familiis
2128 1524 2278 1565 duabus,

247 1587 284 1619 in
317 1586 392 1629 ripa
426 1582 587 1616 citeriore
618 1580 789 1622 tantisper
813 1577 1024 1616 restitimus,
1061 1577 1173 1608 donec
1199 1575 1236 1606 in
1260 1551 1263 1601 Ι
1290 1576 1370 1610 Sem
1396 1582 1428 1608 et
1454 1570 1621 1617 [apheth‚
1649 1573 1733 1605 dum
1760 1573 1845 1606 ΨῖΧῖῑ
1873 1582 1969 1617 paler
1987 1572 2107 1613 N0h³‚
2134 1582 2167 1608 θῑ
2191 1576 2277 1608 dUm

247 1638 393 1671 alteram
412 1634 525 1678 rIpam
544 1630 732 1676 Grynaeus
750 1641 828 1662 cum
848 1640 911 1661 suo
931 1627 1058 1660 comite
1077 1626 1114 1658 in
1132 1636 1236 1668 parva
1262 1638 1265 1672 ¹.
1290 1627 1357 1670 ipsi
1384 1625 1587 1669 superstites
1608 1623 1763 1657 fuerunt.
1819 1623 1918 1658 Vixit
1943 1631 2058 1658 autem
2078 1623 2178 1659 Noha
2201 1632 2280 1669 post

248 1688 372 1734 cymba
395 1690 613 1719 transvectus
636 1687 697 1716 est.
752 1679 877 1713 Postea
901 1677 1032 1711 reversi
1057 1677 1093 1709 in
1114 1674 1237 1720 hospi·
1262 1674 1264 1706 ἶ
1291 1676 1466 1711 diluvium
1493 1686 1606 1708 annos
1626 1681 1800 1708 trecentos
1823 1682 1855 1708 et
1876 1675 2144 1721 quinquaginta.
2197 1676 2279 1710 Sem

249 1740 338 1773 tium
374 1735 606 1778 intelligimus
635 1731 752 1765 statim
784 1729 936 1763 adfuisse
961 1728 1121 1766 lictores,
1157 1738 1237 1759 cum
1263 1733 1265 1760 ἐ
1292 1740 1374 1761 vero
1400 1726 1504 1760 etiam
1531 1732 1609 1769 post
1633 1723 1815 1758 Abraham
1841 1726 1939 1762 vixit.
1992 1725 2278 1760 Consentaneum

250 1802 312 1823 nos
330 1789 453 1832 exiguo
471 1785 586 1830 spacio
606 1784 650 1817 ab
665 1794 704 1815 ea
722 1783 826 1815 domo
844 1779 1018 1824 progressi
1037 1789 1199 1811 essemuS.
1293 1786 1342 1812 est
1367 1786 1398 1812 et
1422 1774 1570 1820 Iapheth
1594 1776 1656 1809 diu
1679 1777 1814 1812 vixisse.
1876 1775 2015 1810 Horum
2041 1778 2148 1821 igitur
2170 1785 2280 1812 aetate

353 1847 496 1890 Quanto
513 1851 628 1878 autem
646 1843 682 1875 in
701 1841 857 1885 periculo
873 1840 1012 1873 futurus
1028 1836 1240 1882 fucritGry-
1293 1830 1390 1863 fulsit
1419 1825 1533 1860 adhuc
1565 1827 1657 1860 inter
1689 1835 1808 1870 gentes
1838 1828 1997 1862 coelestis
2019 1829 2201 1868 doctrina,
2236 1830 2279 1861 de

251 1911 380 1939 naeus,
417 1898 447 1930 si
480 1897 517 1929 in
543 1905 716 1928 carcerem
740 1893 905 1935 abreptus
929 1897 1035 1930 esset,
1072 1901 1112 1922 ex
1135 1887 1240 1921 Fabri
1295 1879 1526 1925 promissione
1557 1878 1696 1911 venturi
1722 1878 1940 1919 liberatoris,
1967 1886 2000 1912 et
2019 1881 2061 1913 de
2081 1880 2281 1913 misericor-

253 1949 417 1989 saevitia,
444 1947 545 1980 facile
572 1943 748 1979 aestimari
767 1948 913 1987 poterat.
970 1940 1089 1984 Quare
1108 1939 1242 1972 iudica·
1266 1947 1269 1962 ‘
1296 1931 1352 1964 (Ῑῖἱὶ
1376 1930 1443 1964 Dei
1469 1936 1612 1973 Propter
1635 1926 1731 1962 hunc
1755 1929 1936 1973 promissa·
1999 1929 2085 1963 hem
2111 1931 2154 1963 de
2176 1930 2281 1964 bonis

254 2003 378 2034 bamus
402 1998 589 2032 consilium
615 1995 705 2028 illud
728 1993 869 2026 crudele
892 1992 1036 2025 illusum
1061 2003 1133 2024 esse
1151 1990 1242 2023 divi-
1269 2027 1271 2030 Ι
1296 1990 1329 2016 et
1364 1981 1466 2015 castis
1497 1980 1667 2014 moribUS·
1726 1977 1772 2013 Et
1803 1980 1958 2013 fortassis
1983 1992 2022 2013 ex
2048 1979 2111 2013 hac
2143 1988 2281 2025 patrum

256 2052 365 2085 nitus.
419 2048 466 2083 Et
492 2054 529 2081 nt
553 2047 725 2079 affirmare
749 2056 821 2077 non
846 2054 1009 2086 possum,
1037 2042 1115 2087 quis
1138 2041 1244 2074 fuerit
1297 2032 1457 2066 doctrina
1481 2030 1609 2075 reliqui
1634 2031 1777 2063 fuerunt
1800 2031 1982 2071 versiculi,
2012 2032 2070 2076 qui
2098 2033 2140 2063 de
2157 2031 2283 2065 mundi

254 2103 314 2136 ille
339 2112 443 2135 senex
465 2095 657 2144 μηνυτὴς),
686 2096 733 2128 ita
757 2094 923 2127 lictorum
950 2105 988 2126 ea
1014 2093 1080 2126 fuit
1101 2092 1245 2125 festina·
1297 2082 1593 2125 conflagratione,
1620 2082 1664 2114 de
1679 2087 1818 2113 aelerna
1838 2081 1926 2121 vita,
1956 2083 1998 2115 de
2017 2082 2166 2120 iudicio,
2194 2090 2226 2116 et
2240 2084 2283 2115 de

255 2154 325 2193 tio,
365 2159 404 2186 ut
439 2151 506 2184 nisi
537 2149 581 2181 ab
605 2146 736 2190 augelis
765 2152 874 2179 tectus
898 2144 1020 2177 fuisset
1045 2142 1245 2189 Grynaeus,
1270 2136 1271 2157 l
1298 2135 1472 2178 Placalorss
1495 2131 1560 2165 Del
1585 2131 1840 2172 v‘'¹1i<³i‘¹³¹¹ffl¹'›
1868 2133 1930 2178 qui
1955 2140 2073 2167 extant
2096 2134 2191 2179 apud
2215 2133 2284 2166 La-

256 2204 402 2238 evadere
420 2214 493 2235 non
512 2199 692 2244 potuisset.
839 2227 844 2232 ,
1271 2208 1273 2218 ·
1299 2185 1467 2219 dantium
1483 2190 1516 2216 et
1533 2183 1630 2216 alios·

359 2261 450 2296 Rem
467 2267 582 2293 amem
602 2257 647 2290 {13
665 2263 794 2300 gestam
812 2265 900 2293 esse,
927 2259 967 2286 ut
984 2253 1142 2293 narravi,
1172 2265 1246 2285 CH,-
1269 2223 1274 2277 i
1402 2234 1526 2291 Postea
1549 2241 1663 2266 secuta
1689 2242 1738 2268 est
1765 2242 1856 2268 actas
1880 2235 2052 2274 deterior,
2078 2242 2110 2268 et
2135 2235 2284 2269 extincta

258 2322 332 2348 tum
353 2319 414 2354 est,
441 2318 472 2345 et
491 2316 625 2344 norunt
642 2308 787 2352 quidam
805 2304 891 2338 boni
908 2303 975 2335 viri
993 2300 1108 2336 adhuc
1125 2315 1247 2347 super·
1272 2296 1274 2326 l
1301 2288 1377 2321 1⁰⁰⁰
1396 2287 1576 2341 doetrfffae
1593 2286 1761 2323 ⁶0⁰'⁰⁵¹5⁵³
1789 2293 1885 2318 orme
1900 2293 1982 2319 sunt
1999 2287 2157 2330 ‘lumime
2176 2298 2286 2319 novae

261 2365 366 2404 sines,
394 2363 454 2408 qui
473 2362 673 2395 adsuerunt·
729 2356 884 2399 Agamus
902 2354 1008 2397 igilur
1025 2353 1249 2397 gratiflsDeo,
1302 2335 1582 2394 eidwkoptm'tctt,
1613 2344 1770 2395 receptae
1784 2337 1976 2394 flagitiosae
1993 2337 2171 2378 libidines,
2200 2348 2286 2382 quas

262 2416 357 2460 quod
388 2414 492 2447 nobis
517 2411 677 2445 custodes
703 2408 845 2450 angelos
870 2405 988 2444 addit,
1027 2411 1060 2438 et
1085 2417 1123 2438 eo
1152 2412 1249 2438 mm-
1274 2406 1276 2430 ε
1302 2389 1396 2424 Deus
1418 2387 1621 2429 lugentibus
1647 2388 1749 2421 bellis
1775 2395 1806 2422 et
1828 2388 1970 2421 excidiis
1994 2388 2136 2421 urbium
2154 2394 2184 2420 et
2202 2399 2286 2430 gen-

263 2465 488 2510 quillioribus
507 2461 635 2496 animis
651 2458 847 2493 vocationis
865 2456 978 2490 officia
997 2456 1173 2489 obeamus.
1275 2467 1277 2479 ⁴
1303 2447 1390 2473 uum
1416 2445 1587 2495 P¹¹¹¹JV¹f·‚
1627 2438 1701 2471 Hae
1725 2439 1947 2472 ⁰⁰¹¹f⁰⁸i⁰¹¹e⁵
1970 2450 2086 2472 serum
2114 2435 2287 2471 humana-

1275 2491 1278 2525 ἲ
1304 2502 1383 2524 rum
1408 2499 1517 2531 magis
1544 2495 1647 2522 etlam
1671 2490 1877 2523 deleverunt
1901 2489 2105 2522 memoriam
2131 2489 2289 2534 antiqui·

365 2548 470 2582 Nunc
494 2549 536 2580 ad
563 2552 693 2579 textum
718 2545 834 2578 redeo.
889 2542 931 2576 ln
957 2543 1025 2575 fine
1048 2553 1169 2575 rursus
1196 2542 1251 2574 in-
1277 2534 1279 2565 ἶ
1304 2541 1396 2576 tatis.
1449 2538 1500 2573 Ac
1524 2539 1652 2573 multas
1679 2552 1821 2585 magnas
1845 2547 1878 2573 et
1902 2540 2055 2573 exitiales
2078 2540 2288 2573 mutationes

264 2599 342 2646 quit
368 2597 543 2641 Angelus,
580 2609 614 2630 se
647 2608 726 2630 cum
750 2606 829 2638 rege
853 2593 994 2627 Persico
1020 2593 1252 2627 militaturum
1277 2595 1279 2610 ¹
1305 2591 1462 2635 gentium
1487 2591 1652 2624 accidisse
1671 2591 1762 2625 iutra
1779 2602 1889 2624 annos
1907 2590 2119 2635 quingentos
2137 2597 2215 2634 post
2236 2589 2289 2623 la-

267 2662 359 2689 esse,
393 2650 560 2684 adversus
588 2646 741 2681 Graecos
768 2653 801 2680 et
826 2645 938 2686 malos
961 2644 1106 2689 spiritus
1133 2656 1253 2678 eorum
1305 2641 1409 2688 phet,
1445 2642 1614 2675 credibile
1644 2648 1706 2677 est.
1761 2642 1878 2684 Quare
1907 2653 1981 2674 non
2012 2648 2062 2675 est
2086 2640 2289 2675 mirandum

269 2702 385 2737 duces.
1276 2722 1279 2726 .
1307 2693 1453 2728 Graecis
1471 2705 1543 2727 non
1560 2693 1642 2727 satis
1659 2699 1777 2726 notam
1796 2703 1867 2725 esse
1884 2703 1982 2726 suam
1998 2693 2181 2735 originem.
