2379 2948
225 123 270 157 19

228 205 334 249 Quod
352 204 446 239 unde
461 210 638 248 sumptum
657 202 701 235 sit
718 202 851 244 ignoro.
903 198 991 233 Nam
1007 199 1043 232 in
1061 199 1198 233 Aristo-

227 257 293 290 tele
312 266 483 300 nusquam
497 261 598 287 extat.
648 251 695 285 Et
710 249 988 283 commenticium
1004 256 1071 290 est,
1096 250 1197 283 etiam

230 308 257 340 si
281 306 359 351 quis
383 311 518 338 tantum
553 304 596 336 de
618 300 772 334 hominis
800 300 916 333 anima
947 300 1136 342 intelliget,
1167 305 1199 332 et

231 357 372 396 sentiet,
401 354 553 387 animam
579 351 732 384 hominis
754 362 823 383 esse
840 350 1001 394 spiritum
1024 349 1200 394 separabi—

231 408 309 440 lem.
364 404 456 447 Quia
471 402 611 445 spiritus
626 401 714 433 finiti
733 412 932 445 quanquam
950 413 1022 433 non
1049 407 1131 434 sunt
1148 410 1201 432 res

232 455 443 493 divisibiles,
469 458 508 484 ut
532 463 695 495 corpora,
720 457 835 485 tamen
864 458 943 484 sunt
960 451 1004 483 'in
1022 450 1126 483 unico
1147 450 1201 481 lo—

233 519 291 546 co,
318 517 355 538 ex
381 514 448 546 quo
471 508 578 544 agunt
603 502 644 533 ad
661 507 788 533 certam
807 501 1026 541 distantiam,
1052 500 1110 533 alii
1129 511 1202 531 ma—

232 557 300 599 gis,
326 552 385 587 alii
407 551 523 584 minus
545 551 682 594 procul,
709 558 746 584 ut
771 563 872 583 suum
906 551 1072 594 cuiusque
1096 550 1204 582 robur

232 613 292 638 est.
337 602 492 635 Galenus
509 602 659 633 animam
679 601 887 633 racionalein
909 601 944 632 in
965 601 1105 633 cerebro
1132 599 1204 632 col-

231 656 343 693 locat,
377 652 458 696 quia
487 651 537 684 ibi
572 657 652 684 sunt
676 662 794 684 sensus
820 651 1020 690 interiores,
1054 661 1204 694 quorum
1230 665 1232 676 ›

231 703 425 737 ministerio
449 701 607 744 proximo
631 701 745 733 anima
766 701 949 734 racionalis
965 701 1000 732 in
1024 699 1205 743 cogitatio-

231 766 275 787 ne
293 759 326 786 et
342 751 610 786 ratiocinatione
628 751 749 785 utitur.
802 751 875 783 Alii
893 751 1046 788 malunt,
1071 761 1130 782 cor
1153 760 1205 782 se-

233 805 313 836 dem
339 813 410 835 esse
431 801 587 841 animae,
610 801 691 845 quia
717 812 776 833 cor
800 801 891 834 vitae
912 802 990 833 sons
1015 807 1064 833 est
1091 807 1123 833 et
1153 810 1205 831 se-

233 855 293 886 des
309 852 466 886 omnium
482 852 677 884 adfectuum
690 877 698 891 ‚
725 851 784 896 qui
802 851 1035 893 coguitionem
1054 860 1206 894 sequun-

234 911 302 938 tur.
353 900 400 935 Et
426 913 538 934 sermo
560 898 783 945 propheticus
807 913 845 934 ac
872 901 1083 945 apostolicus
1105 910 1206 942 saepe

234 953 394 986 nominat
415 963 493 992 cor,
528 963 605 984 curn
634 952 792 996 loquitur
814 963 886 983 non
912 952 955 984 de
984 952 1080 983 fonte
1110 949 1206 982 adse-

235 1011 374 1042 ctuum,
408 1003 465 1034 sed
500 1002 541 1033 de
568 1007 665 1045 parte
697 1007 933 1044 cognoscente.
987 999 1034 1033 Ut
1059 1011 1137 1033 cum
1161 998 1208 1031 ait

233 1053 382 1086 Paulus:
416 1051 587 1084 Homines
608 1048 735 1084 habere
757 1051 866 1092 legem
885 1050 1047 1093 scriptam
1072 1050 1109 1081 in
1131 1060 1208 1081 cor-

235 1104 350 1137 dibus.
403 1101 456 1135 Sit
474 1101 580 1142 igitur
600 1113 659 1133 cor
674 1101 809 1133 animae
828 1101 1059 1139 domicilium,
1085 1099 1122 1130 in
1139 1109 1208 1142 quo

234 1154 277 1185 ad
305 1159 432 1185 certam
462 1150 662 1183 distantiam
703 1150 739 1182 in
777 1149 921 1182 coeteris
952 1149 1119 1182 membris
1145 1149 1209 1180 ciet

235 1202 399 1235 actiones,
456 1199 531 1233 Hac
554 1200 653 1233 brevi
685 1200 923 1233 admonitione
954 1201 996 1232 de
1023 1197 1089 1232 hoc
1118 1198 1209 1230 dicto

236 1251 392 1285 contenti
408 1251 525 1284 simus.
577 1249 679 1283 Nunc
698 1250 868 1293 potentias
885 1256 917 1282 et
935 1262 1052 1283 earum
1070 1260 1210 1291 organa,

235 1310 268 1335 et
299 1302 475 1334 actionum
517 1311 641 1339 genera
674 1300 944 1334 consideremus,
1005 1299 1093 1333 Nam
1128 1296 1212 1330 haec

235 1350 393 1383 doctrina
416 1348 524 1390 magis
546 1347 647 1379 obvia
671 1353 721 1379 est
744 1344 925 1378 hoininum
953 1349 1212 1388 intelligentiae,

237 1407 271 1433 ct
297 1398 460 1432 conducit
485 1398 527 1430 ad
555 1397 719 1429 tuendam
741 1395 996 1436 valetudinem,
1024 1397 1066 1428 ad
1091 1406 1212 1436 regen—
1237 1401 1240 1407 ⁴

238 1452 301 1483 dos
318 1459 448 1488 mores,
476 1454 508 1480 et
533 1447 576 1480 ad
600 1447 826 1480 monstranda
848 1446 997 1481 illustria
1015 1445 1212 1480 testimonia
1238 1455 1241 1504 Ι

238 1502 281 1533 de
299 1499 372 1534 Deo
393 1499 430 1531 in
447 1498 561 1531 nobis.

317 1616 408 1655 Quot
437 1617 524 1647 sunt
555 1615 745 1657 potentiae
769 1613 928 1647 Animae
955 1608 1140 1645 hominis?

343 1688 430 1721 Tres
461 1689 587 1731 gradus
623 1694 703 1721 sunt
730 1687 953 1721 Animarum.

243 1746 379 1773 tantum
408 1745 456 1772 est
478 1738 681 1779 vegetativa.

1009 1686 1050 1719 ln
1086 1685 1215 1730 plantis

741 1738 782 1771 In
817 1737 930 1771 brutis
960 1737 1150 1779 vegetativa
1184 1742 1217 1769 et

243 1790 406 1824 sentiens.
459 1787 500 1820 ln
528 1786 673 1821 homine
696 1789 907 1829 vegetativa‚
935 1788 1087 1820 sentiens
1111 1793 1144 1819 et
1161 1799 1216 1819 ra-

243 1839 396 1873 tionalis·
446 1837 640 1882 Receptum
672 1845 721 1871 est
750 1839 785 1871 in
808 1837 936 1871 scholis
956 1849 1062 1871 unam
1088 1848 1216 1880 ponere

245 1890 399 1922 animam
421 1887 456 1919 in
488 1888 645 1930 quolibet
676 1888 841 1921 animato.
896 1887 980 1921 Ideo
1013 1887 1125 1921 brutis
1154 1887 1216 1920 tri-

244 1939 368 1972 buitur
401 1937 516 1970 anima
545 1938 715 1978 sentiens,
759 1940 816 1970 sed
855 1938 998 1970 additur
1027 1937 1217 1980 vegetativa

246 1996 413 2033 tanquam
451 1988 623 2030 potentia,
664 1999 767 2031 quam
805 1988 959 2020 continet
996 1988 1110 2019 anima
1141 1998 1219 2020 sen-

248 2040 355 2076 tiens,
382 2038 471 2072 sicut
485 2044 518 2071 et
537 2038 707 2081 potentias
725 2037 911 2081 appetendi
931 2044 962 2070 et
978 2037 1055 2070 loco
1075 2049 1219 2070 moven-

245 2090 281 2122 di
298 2088 464 2122 continet.

349 2146 407 2180 Sic
423 2146 616 2190 loquuntur
632 2142 770 2177 scholae
794 2152 825 2178 et
841 2146 883 2177 de
899 2143 1052 2178 homine.
1105 2143 1219 2178 Unam

249 2197 410 2230 tribuunt
439 2193 575 2228 homini
605 2195 777 2236 animam,
811 2195 972 2229 videlicet
1004 2195 1221 2235 rationalem,

250 2248 309 2279 sed
333 2247 468 2279 addunt
491 2245 715 2288 vegetativam
743 2252 775 2279 et
798 2245 1021 2286 sentientem,
1055 2253 1222 2290 tanquam
1248 2254 1250 2258 ’

251 2297 325 2329 eius
343 2296 525 2328 inferiores
539 2295 721 2339 potentias,
771 2295 975 2340 Loquemur
990 2302 1021 2328 et
1045 2307 1108 2327 nos
1122 2293 1224 2328 scho-

252 2347 364 2379 larum
383 2358 497 2384 more,
523 2347 669 2389 perinde
693 2357 731 2378 ac
746 2346 774 2378 si
795 2346 839 2379 sit
854 2345 954 2378 unica
977 2345 1130 2378 hominis
1147 2345 1224 2378 ani-

252 2409 306 2429 ma
323 2396 505 2428 continens
523 2397 640 2439 plures
657 2396 841 2440 potentias.
889 2395 936 2429 Ut
953 2396 989 2428 in
1007 2408 1076 2428 uua
1095 2407 1132 2428 re
1145 2407 1224 2439 pos-

253 2453 334 2479 sunt
362 2457 433 2478 esse
457 2446 586 2478 multae
602 2442 777 2490 δυνάμεις
844 2444 884 2478 In
910 2445 1017 2479 radiis
1032 2445 1158 2479 Martis
1175 2451 1225 2479 est

255 2496 308 2529 xis
331 2495 455 2529 urendi
479 2503 511 2528 et
536 2496 635 2528 valde
659 2496 866 2529 desiccandi.
920 2495 959 2529 ln
982 2496 1089 2529 radiis
1104 2495 1225 2529 Lunae

256 2553 307 2579 est
332 2546 383 2578 vis
415 2545 541 2579 leniter
565 2545 788 2578 calefaciendi
819 2553 852 2579 et
880 2544 1116 2580 humectandi.
1168 2544 1227 2579 Sic

463 116 670 155 SCRIPTA
694 118 770 153 PH,
796 115 911 157 MEL.
935 114 1001 151 AD
1028 114 1154 151 HtsT.
1181 113 1326 152 PROF.
1352 115 1418 151 ET
1444 114 1633 152 PHILOS,
1659 114 1976 155 SPECTANTIA.

1246 2144 1248 2184 ἲ
1274 2145 1380 2189 petita
1404 2150 1463 2176 est.

2168 117 2218 154 20

1351 200 1442 236 Sunt
1470 201 1576 245 igitur
1603 202 1640 234 in
1675 198 1820 235 homine
1850 202 2025 245 potentiae
2049 201 2221 248 quinque:

1251 249 1471 294 Vegetativa,
1498 251 1678 293 Sentiens,
1711 251 1932 295 Adpetitiva,
1956 251 2049 286 Loco
2078 253 2223 295 motiva,

1252 300 1461 337 Rationalis.

1354 375 1565 417 Agnoscitur
1581 381 1696 407 autem
1713 372 1797 407 haec
1814 375 1996 408 diversitas
2022 386 2063 407 ex
2080 375 2227 408 actioni-

1226 462 1229 474 1
1254 426 1336 466 bus,
1363 437 1451 469 quae
1475 436 1552 457 cum
1578 424 1758 457 incurrant
1776 425 1812 456 in
1838 436 1978 466 sensus,
2003 431 2162 462 movent,
2189 431 2229 457 ut

1254 476 1470 518 singularum
1493 485 1621 516 organa
1645 481 1678 507 et
1708 475 1822 507 sontes
1844 486 2062 519 quaeramus.
2112 473 2229 508 Huius

1255 526 1434 559 doctrinae
1451 524 1661 567 amplissima
1680 530 1730 557 cst
1745 525 1890 559 utilitas,

1357 590 1487 633 Magna
1520 596 1552 622 et
1581 589 1696 632 inepta
1728 591 1907 623 contentio
1935 591 2002 624 suit
2030 590 2066 623 in
2091 587 2230 630 scholis,

1257 642 1433 687 quomodo
1457 640 1718 682 distinguantur
1741 640 1926 683 potentiae.
1984 640 2036 673 De
2059 641 2231 683 organicis

1257 692 1479 725 manifestum
1510 696 1579 727 est,
1620 690 1787 732 distingui
1823 701 1877 722 eas
1908 691 2055 732 organis.
2114 689 2162 724 Et
2193 690 2231 722 in

1258 743 1336 775 aliis
1353 741 1492 783 organis
1506 740 1656 772 animam
1669 739 1753 772 alias
1770 740 1966 773 effectiones
1983 738 2122 781 habere,
2144 740 2233 774 sicut

1259 805 1299 826 ex
1315 792 1393 826 aliis
1410 790 1534 825 fistulis
1550 790 1610 822 alii
1630 789 1707 822 soni
1725 791 1889 824 eduntur.

1548 885 1643 928 Quid
1667 891 1722 922 est
1747 893 1926 935 organwm
1934 887 1952 922 ,⁹

1360 959 1424 996 Est
1452 974 1532 1006 pars
1563 962 1720 1006 corporis
1748 963 1912 1004 animati,
1946 969 2040 996 certo
2064 969 2236 1008 tempera-

1259 1019 1395 1052 mento,
1422 1013 1531 1055 figura
1559 1020 1592 1046 et
1616 1014 1704 1053 situ,
1732 1014 1871 1046 condita
1889 1015 1931 1047 ad
1947 1013 2144 1046 functiones
2160 1025 2236 1046 cer-

1261 1069 1329 1102 tas,
1366 1062 1419 1094 illi
1452 1069 1596 1095 naturae
1627 1063 1886 1096 convenientes.
1947 1063 1993 1096 Ut
2024 1064 2061 1096 in
2091 1061 2235 1098 homine

1262 1113 1354 1145 oculi
1380 1119 1472 1145 certo
1497 1119 1788 1156 temperamento,
1822 1114 1909 1154 situ,
1943 1114 2068 1156 figura,
2103 1114 2238 1147 conditi

1263 1170 1344 1196 sunt
1360 1163 1401 1195 ad
1419 1162 1621 1195 videndum.
1678 1162 1717 1195 ln
1742 1163 1870 1206 plantis
1890 1165 2023 1197 radices
2045 1171 2127 1197 sunt
2143 1165 2239 1198 velut

1264 1225 1321 1252 os,
1354 1225 1423 1257 quo
1449 1213 1704 1245 nutrimentum
1730 1211 1911 1247 attrahunt
1938 1220 1970 1246 et
1997 1214 2239 1248 transmittunt

1264 1263 1300 1295 in
1317 1263 1491 1307 reliquum
1510 1274 1646 1306 corpus.
1699 1262 1804 1296 Rami
1824 1271 1904 1296 sunt
1926 1263 2037 1293 baiuli
2051 1263 2239 1305 fructuum,

1264 1313 1348 1346 solia
1367 1320 1487 1355 tegunt
1505 1313 1647 1346 fruetus.
1866 1316 1872 1318 ’

1367 1373 1412 1407 Ut
1438 1380 1552 1406 autem
1578 1374 1662 1407 alias
1686 1371 1850 1419 physicae
1872 1382 1985 1418 partes
2006 1377 2165 1410 ordimur
2196 1380 2240 1413 ab

1266 1425 1326 1465 iis,
1353 1436 1440 1469 quae
1463 1424 1570 1466 magis
1592 1425 1709 1458 sensui
1727 1425 1828 1457 obvia
1852 1432 1951 1466 sunt,
1978 1426 2025 1460 ita
2040 1427 2076 1459 in
2096 1425 2159 1460 hac
2175 1430 2239 1462 do-

1266 1474 1395 1514 ctrina,
1422 1475 1625 1519 priusquam
1650 1477 1692 1508 de
1716 1476 1881 1518 potentiis
1900 1476 2072 1517 dicemus,
2099 1480 2241 1521 prodest

1267 1525 1420 1569 aspicere
1444 1537 1569 1568 corpus
1591 1522 1764 1566 hominis,
1799 1533 1831 1558 et
1861 1527 1997 1559 diversa
2025 1528 2181 1561 membra
2207 1537 2241 1564 et

1267 1587 1417 1619 organa,
1451 1575 1549 1620 quasi
1580 1573 1758 1608 machinas
1788 1576 2016 1610 considerare.
2078 1577 2123 1612 Ut
2147 1579 2240 1613 enim

1268 1633 1450 1670 conspecta
1474 1626 1566 1658 mola
1591 1637 1651 1658 seu
1675 1627 1867 1659 bombarda
1896 1633 1928 1659 et
1951 1627 2072 1668 globo,
2098 1640 2135 1661 ac
2161 1630 2240 1672 pul-

1268 1688 1348 1709 vere
1365 1676 1609 1714 tormentatio,
1635 1677 1771 1709 facilius
1791 1676 1996 1709 raciocinari
2020 1690 2138 1712 causas
2162 1691 2243 1723 pos-

1269 1739 1407 1767 sumus,
1435 1727 1481 1760 ita
1504 1727 1540 1758 in
1564 1739 1710 1770 corpore
1737 1733 1856 1759 nostro
1881 1727 2082 1760 monstratis
2111 1727 2243 1763 machi-

1270 1778 1344 1818 nis,
1371 1777 1543 1820 potentias
1566 1777 1702 1810 facilius
1727 1776 1921 1819 intelligere
1943 1783 1975 1810 et
1993 1777 2147 1812 iudicare
2161 1790 2242 1823 pos-

1270 1838 1401 1863 sumus,

1371 1892 1527 1926 Pertinet
1542 1898 1656 1925 autem
1674 1889 1758 1924 haec
1773 1892 1958 1936 descriptio
1976 1904 2186 1937 organorum
2199 1897 2243 1931 ad

1271 1950 1440 1978 vetustam
1464 1943 1559 1974 illam
1578 1942 1799 1975 Medicorum
1820 1943 2034 1982 doctrinam,
2062 1956 2150 1988 quae
2169 1954 2245 1981 orta

1273 2001 1321 2028 est
1337 2006 1375 2027 ex
1391 1993 1542 2026 sectione
1559 2004 1758 2035 corporum,
1786 2005 1889 2037 quam
1907 2000 2032 2027 vocant
2044 1991 2244 2040 ἀνατομήν,

1274 2056 1361 2090 quae
1376 2055 1447 2076 non
1466 2043 1562 2074 inani
1579 2042 1778 2076 curiositate
1796 2048 1924 2076 tentata
1941 2050 2002 2084 est,
2029 2045 2086 2077 sed
2104 2053 2246 2090 propter

1273 2095 1400 2127 multas
1421 2092 1640 2135 gravissimas
1667 2104 1784 2125 causas
1812 2093 1977 2126 omnibus
2000 2094 2168 2128 aetatibus
2188 2108 2246 2129 ex-

1517 2142 1613 2184 Quid
1637 2143 1729 2175 enim
1757 2143 1857 2176 saciet
1882 2144 2057 2183 medicus,
2084 2144 2111 2177 si
2130 2145 2245 2180 locum

1275 2195 1445 2228 adfectum
1466 2193 1624 2234 ignoret?
1675 2193 1726 2226 Ac
1748 2199 1896 2226 vetustas
1918 2194 2004 2227 adeo
2022 2196 2246 2230 necessariam

1276 2256 1346 2278 esse
1369 2242 1604 2286 cognitionem
1628 2242 1778 2286 partium
1802 2243 1958 2286 corporis
1983 2242 2127 2278 humani
2154 2246 2248 2279 iudi—

1276 2295 1385 2332 cavit,
1412 2300 1450 2327 ut
1473 2293 1508 2325 in
1532 2292 1751 2326 Medicorum
1774 2293 1915 2326 familiis
1940 2294 2103 2328 usitatum
2130 2296 2247 2337 suerit,

1276 2343 1481 2378 domesticas
1514 2342 1736 2377 dissectiones
1764 2344 1876 2377 facere
1900 2346 2103 2388 spectandas
2128 2346 2248 2379 adole-

1277 2394 1452 2428 scentibus
1476 2393 1558 2426 inde
1582 2405 1691 2438 usque
1713 2406 1732 2426 a
1750 2393 1867 2437 'prima
1889 2401 2008 2430 aetate.
2059 2394 2147 2429 Nam
2162 2395 2246 2429 olim

1278 2451 1367 2478 artes
1383 2444 1420 2477 in
1443 2443 1656 2487 possessione
1681 2444 1869 2478 illustrium
1893 2445 2103 2478 familiarum
2120 2445 2250 2480 retine-

1278 2496 1425 2535 bantur,
1452 2501 1485 2528 et
1501 2493 1691 2536 gloriosum
1715 2506 1786 2527 csse
1804 2495 2012 2534 ducebatur,
2039 2495 2186 2538 posteris
2211 2496 2248 2529 in

1278 2544 1409 2578 familia
1441 2545 1576 2577 tradere
1602 2544 1775 2577 maiorum
1803 2544 1997 2578 doctrinam
2035 2551 2069 2578 et
2095 2545 2248 2581 inventa.

257 2603 386 2629 certum
411 2602 461 2628 est
484 2595 638 2628 eiusdem
654 2596 790 2628 animae
812 2597 904 2629 vires
920 2608 1008 2637 esse,
1032 2595 1224 2640 potentiam
1250 2597 1254 2642 Ι
1279 2595 1337 2628 Sic
1351 2595 1387 2627 in
1399 2593 1623 2638 Hippocratis
1638 2594 1785 2632 familia,
1808 2606 1896 2639 quae
1909 2602 1984 2628 orta
1997 2601 2047 2628 est
2063 2593 2249 2629 abAescu-

257 2646 505 2689 cognoscendi,
528 2652 561 2679 et
571 2646 765 2690 potentiam
782 2647 969 2690 appetendi
986 2653 1019 2680 et
1033 2645 1226 2680 aversandi.

1278 2645 1389 2690 lapio,
1415 2645 1583 2690 possessio
1608 2644 1692 2678 artis
1714 2644 1868 2678 medicae
1889 2655 1999 2690 usque
2016 2645 2060 2678 ad
2077 2644 2249 2680 Aristote-
