<?xml version="1.0" encoding="UTF-8"?>
<!DOCTYPE html PUBLIC "-//W3C//DTD XHTML 1.0 Transitional//EN"
    "http://www.w3.org/TR/xhtml1/DTD/xhtml1-transitional.dtd">
<html xmlns="http://www.w3.org/1999/xhtml" xml:lang="en" lang="en">
 <head>
  <title>
</title>
<meta http-equiv="Content-Type" content="text/html;charset=utf-8" />
  <meta name='ocr-system' content='tesseract 3.04.00' />
  <meta name='ocr-capabilities' content='ocr_page ocr_carea ocr_par ocr_line ocrx_word'/>
</head>
<body>
  <div class='ocr_page' id='page_1' title='image "./operaquaesupersu13melauoft_0566.png"; bbox 0 0 2379 2948; ppageno 0'>
   <div class='ocr_carea' id='block_1_1' title="bbox 190 70 283 105">
    <p class='ocr_par' dir='ltr' id='par_1_1' title="bbox 190 70 283 105">
     <span class='ocr_line' id='line_1_1' title="bbox 190 70 283 105; baseline 0 -1"><span class='ocrx_word' id='word_1_1' title='bbox 190 70 283 105; x_wconf 81' lang='lat'>1211</span> 
     </span>
    </p>
   </div>
   <div class='ocr_carea' id='block_1_2' title="bbox 189 146 1188 847">
    <p class='ocr_par' dir='ltr' id='par_1_2' title="bbox 189 146 1188 847">
     <span class='ocr_line' id='line_1_2' title="bbox 289 146 1182 197; baseline -0.009 -10"><span class='ocrx_word' id='word_1_2' title='bbox 289 152 386 187; x_wconf 86' lang='lat' dir='ltr'>Haec</span> <span class='ocrx_word' id='word_1_3' title='bbox 415 153 524 197; x_wconf 88' lang='lat' dir='ltr'>igitur</span> <span class='ocrx_word' id='word_1_4' title='bbox 547 149 685 184; x_wconf 88' lang='lat' dir='ltr'>concio:</span> <span class='ocrx_word' id='word_1_5' title='bbox 720 146 846 190; x_wconf 84' lang='lat' dir='ltr'>Deus,</span> <span class='ocrx_word' id='word_1_6' title='bbox 877 147 984 182; x_wconf 82' lang='lat' dir='ltr'>Deus</span> <span class='ocrx_word' id='word_1_7' title='bbox 1007 152 1092 181; x_wconf 78' lang='lat' dir='ltr'>tuus</span> <span class='ocrx_word' id='word_1_8' title='bbox 1119 157 1182 191; x_wconf 83' lang='lat' dir='ltr'>ego</span> 
     </span>
     <span class='ocr_line' id='line_1_3' title="bbox 189 197 1181 243; baseline -0.009 -4"><span class='ocrx_word' id='word_1_9' title='bbox 189 216 289 243; x_wconf 74' lang='lat' dir='ltr'>sum,</span> <span class='ocrx_word' id='word_1_10' title='bbox 316 210 456 238; x_wconf 88' lang='lat' dir='ltr'>revocat</span> <span class='ocrx_word' id='word_1_11' title='bbox 481 202 640 237; x_wconf 88' lang='lat' dir='ltr'>omnium</span> <span class='ocrx_word' id='word_1_12' title='bbox 667 198 854 234; x_wconf 90' lang='lat' dir='ltr'>hominum</span> <span class='ocrx_word' id='word_1_13' title='bbox 880 206 1016 233; x_wconf 82' lang='lat' dir='ltr'><strong>mentes</strong></span> <span class='ocrx_word' id='word_1_14' title='bbox 1040 200 1083 231; x_wconf 93' lang='lat' dir='ltr'>ad</span> <span class='ocrx_word' id='word_1_15' title='bbox 1109 197 1181 241; x_wconf 90' lang='lat' dir='ltr'>pri-</span> 
     </span>
     <span class='ocr_line' id='line_1_4' title="bbox 191 248 1182 300; baseline -0.009 -10"><span class='ocrx_word' id='word_1_16' title='bbox 191 268 289 290; x_wconf 87' lang='lat' dir='ltr'>mum</span> <span class='ocrx_word' id='word_1_17' title='bbox 317 262 538 300; x_wconf 90' lang='lat' dir='ltr'>praeceptum</span> <span class='ocrx_word' id='word_1_18' title='bbox 572 259 604 285; x_wconf 90' lang='lat' dir='ltr'>et</span> <span class='ocrx_word' id='word_1_19' title='bbox 627 264 707 284; x_wconf 85' lang='lat' dir='ltr'>vera</span> <span class='ocrx_word' id='word_1_20' title='bbox 733 263 839 296; x_wconf 89' lang='lat' dir='ltr'>opera</span> <span class='ocrx_word' id='word_1_21' title='bbox 861 251 969 295; x_wconf 91' lang='lat' dir='ltr'>primi</span> <span class='ocrx_word' id='word_1_22' title='bbox 996 248 1182 294; x_wconf 81' lang='lat' dir='ltr'>praecepti,</span> 
     </span>
     <span class='ocr_line' id='line_1_5' title="bbox 191 297 1183 349; baseline -0.011 -8"><span class='ocrx_word' id='word_1_23' title='bbox 191 314 225 341; x_wconf 88' lang='lat' dir='ltr'>et</span> <span class='ocrx_word' id='word_1_24' title='bbox 248 307 291 340; x_wconf 90' lang='lat' dir='ltr'>ad</span> <span class='ocrx_word' id='word_1_25' title='bbox 316 305 533 349; x_wconf 82' lang='lat' dir='ltr'>agnitionem</span> <span class='ocrx_word' id='word_1_26' title='bbox 552 302 800 348; x_wconf 79' lang='lat' dir='ltr'>promissionis</span> <span class='ocrx_word' id='word_1_27' title='bbox 817 314 904 347; x_wconf 83' lang='lat' dir='ltr'>quae</span> <span class='ocrx_word' id='word_1_28' title='bbox 920 301 1075 334; x_wconf 79' lang='lat' dir='ltr'><strong>declarat</strong></span> <span class='ocrx_word' id='word_1_29' title='bbox 1092 297 1183 332; x_wconf 89' lang='lat' dir='ltr'>hanc</span> 
     </span>
     <span class='ocr_line' id='line_1_6' title="bbox 192 350 1185 402; baseline -0.009 -12"><span class='ocrx_word' id='word_1_30' title='bbox 192 357 399 402; x_wconf 75' lang='lat' dir='ltr'>particulam</span> <span class='ocrx_word' id='word_1_31' title='bbox 418 353 523 388; x_wconf 79' lang='lat' dir='ltr'>Deus</span> <span class='ocrx_word' id='word_1_32' title='bbox 550 357 656 394; x_wconf 78' lang='lat' dir='ltr'>tuus,</span> <span class='ocrx_word' id='word_1_33' title='bbox 680 354 717 386; x_wconf 88' lang='lat' dir='ltr'>id</span> <span class='ocrx_word' id='word_1_34' title='bbox 741 360 811 394; x_wconf 90' lang='lat' dir='ltr'>est,</span> <span class='ocrx_word' id='word_1_35' title='bbox 838 365 919 385; x_wconf 93' lang='lat' dir='ltr'>vere</span> <span class='ocrx_word' id='word_1_36' title='bbox 943 359 975 385; x_wconf 93' lang='lat' dir='ltr'>te</span> <span class='ocrx_word' id='word_1_37' title='bbox 998 350 1185 394; x_wconf 87' lang='lat' dir='ltr'>recipiens,</span> 
     </span>
     <span class='ocr_line' id='line_1_7' title="bbox 194 402 1186 448; baseline -0.01 -6"><span class='ocrx_word' id='word_1_38' title='bbox 194 416 227 442; x_wconf 89' lang='lat' dir='ltr'>te</span> <span class='ocrx_word' id='word_1_39' title='bbox 253 418 396 447; x_wconf 83' lang='lat' dir='ltr'>curans,</span> <span class='ocrx_word' id='word_1_40' title='bbox 424 407 489 440; x_wconf 87' lang='lat' dir='ltr'>tibi</span> <span class='ocrx_word' id='word_1_41' title='bbox 514 407 600 439; x_wconf 87' lang='lat' dir='ltr'>dans</span> <span class='ocrx_word' id='word_1_42' title='bbox 626 417 699 437; x_wconf 90' lang='lat' dir='ltr'>non</span> <span class='ocrx_word' id='word_1_43' title='bbox 724 404 838 438; x_wconf 91' lang='lat' dir='ltr'>solum</span> <span class='ocrx_word' id='word_1_44' title='bbox 862 403 1058 448; x_wconf 86' lang='lat' dir='ltr'>praesentia</span> <span class='ocrx_word' id='word_1_45' title='bbox 1082 402 1186 439; x_wconf 87' lang='lat' dir='ltr'>bona,</span> 
     </span>
     <span class='ocr_line' id='line_1_8' title="bbox 195 451 1186 501; baseline -0.009 -10"><span class='ocrx_word' id='word_1_46' title='bbox 195 459 325 492; x_wconf 83' lang='lat' dir='ltr'>victum</span> <span class='ocrx_word' id='word_1_47' title='bbox 349 465 383 492; x_wconf 89' lang='lat' dir='ltr'>et</span> <span class='ocrx_word' id='word_1_48' title='bbox 405 455 496 490; x_wconf 90' lang='lat' dir='ltr'>hanc</span> <span class='ocrx_word' id='word_1_49' title='bbox 521 455 702 501; x_wconf 82' lang='lat' dir='ltr'>politiam,</span> <span class='ocrx_word' id='word_1_50' title='bbox 727 456 786 488; x_wconf 89' lang='lat' dir='ltr'>sed</span> <span class='ocrx_word' id='word_1_51' title='bbox 811 455 915 487; x_wconf 91' lang='lat' dir='ltr'>etiam</span> <span class='ocrx_word' id='word_1_52' title='bbox 933 461 1090 492; x_wconf 85' lang='lat' dir='ltr'>aeterna,</span> <span class='ocrx_word' id='word_1_53' title='bbox 1117 451 1186 483; x_wconf 91' lang='lat' dir='ltr'>mi-</span> 
     </span>
     <span class='ocr_line' id='line_1_9' title="bbox 194 505 1187 548; baseline -0.009 -6"><span class='ocrx_word' id='word_1_54' title='bbox 194 509 377 542; x_wconf 89' lang='lat' dir='ltr'>nisterium</span> <span class='ocrx_word' id='word_1_55' title='bbox 401 509 600 548; x_wconf 86' lang='lat' dir='ltr'>doctrinae,</span> <span class='ocrx_word' id='word_1_56' title='bbox 627 506 801 539; x_wconf 86' lang='lat' dir='ltr'>iusticiam</span> <span class='ocrx_word' id='word_1_57' title='bbox 826 512 860 539; x_wconf 86' lang='lat' dir='ltr'>et</span> <span class='ocrx_word' id='word_1_58' title='bbox 875 505 981 538; x_wconf 88' lang='lat' dir='ltr'>vitam</span> <span class='ocrx_word' id='word_1_59' title='bbox 999 511 1187 541; x_wconf 83' lang='lat' dir='ltr'>aeternam,</span> 
     </span>
     <span class='ocr_line' id='line_1_10' title="bbox 196 552 1187 604; baseline -0.009 -11"><span class='ocrx_word' id='word_1_60' title='bbox 196 566 341 604; x_wconf 90' lang='lat' dir='ltr'>propter</span> <span class='ocrx_word' id='word_1_61' title='bbox 358 558 608 593; x_wconf 84' lang='lat' dir='ltr'>Mediatorem.</span> <span class='ocrx_word' id='word_1_62' title='bbox 661 558 745 590; x_wconf 92' lang='lat' dir='ltr'>Ideo</span> <span class='ocrx_word' id='word_1_63' title='bbox 770 557 850 590; x_wconf 90' lang='lat' dir='ltr'>volo</span> <span class='ocrx_word' id='word_1_64' title='bbox 875 568 931 588; x_wconf 88' lang='lat' dir='ltr'>me</span> <span class='ocrx_word' id='word_1_65' title='bbox 957 566 1037 587; x_wconf 88' lang='lat' dir='ltr'>vere</span> <span class='ocrx_word' id='word_1_66' title='bbox 1056 552 1187 592; x_wconf 87' lang='lat' dir='ltr'>timeri,</span> 
     </span>
     <span class='ocr_line' id='line_1_11' title="bbox 196 603 1187 654; baseline -0.009 -10"><span class='ocrx_word' id='word_1_67' title='bbox 196 611 403 644; x_wconf 82' lang='lat' dir='ltr'>irascentem</span> <span class='ocrx_word' id='word_1_68' title='bbox 430 610 597 654; x_wconf 87' lang='lat' dir='ltr'>peccatis,</span> <span class='ocrx_word' id='word_1_69' title='bbox 625 620 664 642; x_wconf 90' lang='lat' dir='ltr'>ac</span> <span class='ocrx_word' id='word_1_70' title='bbox 686 608 792 641; x_wconf 91' lang='lat' dir='ltr'>simul</span> <span class='ocrx_word' id='word_1_71' title='bbox 812 607 907 640; x_wconf 92' lang='lat' dir='ltr'>credi</span> <span class='ocrx_word' id='word_1_72' title='bbox 925 603 1013 638; x_wconf 87' lang='lat' dir='ltr'>mihi</span> <span class='ocrx_word' id='word_1_73' title='bbox 1031 604 1187 648; x_wconf 90' lang='lat' dir='ltr'>postulo:</span> 
     </span>
     <span class='ocr_line' id='line_1_12' title="bbox 196 655 1188 703; baseline -0.008 -9"><span class='ocrx_word' id='word_1_74' title='bbox 196 662 278 694; x_wconf 80' lang='lat' dir='ltr'>volo</span> <span class='ocrx_word' id='word_1_75' title='bbox 305 674 360 694; x_wconf 93' lang='lat' dir='ltr'>me</span> <span class='ocrx_word' id='word_1_76' title='bbox 376 661 443 693; x_wconf 86' lang='lat' dir='ltr'>fide</span> <span class='ocrx_word' id='word_1_77' title='bbox 461 659 639 699; x_wconf 90' lang='lat' dir='ltr'>invocari,</span> <span class='ocrx_word' id='word_1_78' title='bbox 668 659 738 703; x_wconf 90' lang='lat' dir='ltr'>peti</span> <span class='ocrx_word' id='word_1_79' title='bbox 755 671 772 691; x_wconf 91' lang='lat' dir='ltr'>a</span> <span class='ocrx_word' id='word_1_80' title='bbox 791 670 863 698; x_wconf 89' lang='lat' dir='ltr'>me,</span> <span class='ocrx_word' id='word_1_81' title='bbox 891 664 924 690; x_wconf 91' lang='lat' dir='ltr'>et</span> <span class='ocrx_word' id='word_1_82' title='bbox 939 655 1111 699; x_wconf 86' lang='lat' dir='ltr'>expectari</span> <span class='ocrx_word' id='word_1_83' title='bbox 1127 655 1188 687; x_wconf 90' lang='lat' dir='ltr'>de-</span> 
     </span>
     <span class='ocr_line' id='line_1_13' title="bbox 196 704 1188 755; baseline -0.009 -10"><span class='ocrx_word' id='word_1_84' title='bbox 196 712 394 745; x_wconf 86' lang='lat' dir='ltr'>fensionem</span> <span class='ocrx_word' id='word_1_85' title='bbox 410 711 602 755; x_wconf 88' lang='lat' dir='ltr'>praesentis</span> <span class='ocrx_word' id='word_1_86' title='bbox 619 710 722 750; x_wconf 89' lang='lat' dir='ltr'>vitae,</span> <span class='ocrx_word' id='word_1_87' title='bbox 743 716 776 742; x_wconf 93' lang='lat' dir='ltr'>et</span> <span class='ocrx_word' id='word_1_88' title='bbox 793 716 932 742; x_wconf 88' lang='lat' dir='ltr'>aeterna</span> <span class='ocrx_word' id='word_1_89' title='bbox 949 708 1051 739; x_wconf 89' lang='lat' dir='ltr'>bona.</span> <span class='ocrx_word' id='word_1_90' title='bbox 1087 704 1188 738; x_wconf 90' lang='lat' dir='ltr'>Hanc</span> 
     </span>
     <span class='ocr_line' id='line_1_14' title="bbox 196 757 1188 803; baseline -0.008 -7"><span class='ocrx_word' id='word_1_91' title='bbox 196 770 307 797; x_wconf 82' lang='lat' dir='ltr'>totam</span> <span class='ocrx_word' id='word_1_92' title='bbox 340 762 537 796; x_wconf 85' lang='lat' dir='ltr'>doctrinam</span> <span class='ocrx_word' id='word_1_93' title='bbox 570 762 728 795; x_wconf 87' lang='lat' dir='ltr'>continet</span> <span class='ocrx_word' id='word_1_94' title='bbox 763 759 952 803; x_wconf 88' lang='lat' dir='ltr'>particula:</span> <span class='ocrx_word' id='word_1_95' title='bbox 1004 757 1078 800; x_wconf 83' lang='lat' dir='ltr'>Ego</span> <span class='ocrx_word' id='word_1_96' title='bbox 1112 767 1188 789; x_wconf 92' lang='lat' dir='ltr'>sum</span> 
     </span>
     <span class='ocr_line' id='line_1_15' title="bbox 197 812 401 847; baseline -0.01 0"><span class='ocrx_word' id='word_1_97' title='bbox 197 812 294 847; x_wconf 85' lang='lat' dir='ltr'>Deus</span> <span class='ocrx_word' id='word_1_98' title='bbox 311 820 401 847; x_wconf 87' lang='lat' dir='ltr'>tuus.</span> 
     </span>
    </p>
   </div>
   <div class='ocr_carea' id='block_1_3' title="bbox 199 864 1193 1365">
    <p class='ocr_par' dir='ltr' id='par_1_3' title="bbox 199 864 1193 1365">
     <span class='ocr_line' id='line_1_16' title="bbox 300 864 1189 916; baseline -0.01 -10"><span class='ocrx_word' id='word_1_99' title='bbox 300 872 469 916; x_wconf 80' lang='lat' dir='ltr'>Sequitur</span> <span class='ocrx_word' id='word_1_100' title='bbox 492 872 652 915; x_wconf 81' lang='lat' dir='ltr'>negativa</span> <span class='ocrx_word' id='word_1_101' title='bbox 677 869 887 914; x_wconf 84' lang='lat' dir='ltr'>propositio:</span> <span class='ocrx_word' id='word_1_102' title='bbox 916 864 1006 901; x_wconf 88' lang='lat' dir='ltr'>Non</span> <span class='ocrx_word' id='word_1_103' title='bbox 1033 877 1189 912; x_wconf 76' lang='lat' dir='ltr'>arguam</span> 
     </span>
     <span class='ocr_line' id='line_1_17' title="bbox 199 915 1189 970; baseline -0.007 -14"><span class='ocrx_word' id='word_1_104' title='bbox 199 928 230 956; x_wconf 74' lang='lat' dir='ltr'>te</span> <span class='ocrx_word' id='word_1_105' title='bbox 248 927 394 970; x_wconf 78' lang='lat' dir='ltr'>propter</span> <span class='ocrx_word' id='word_1_106' title='bbox 412 920 617 967; x_wconf 81' lang='lat' dir='ltr'>sacrificia,</span> <span class='ocrx_word' id='word_1_107' title='bbox 647 933 719 954; x_wconf 88' lang='lat' dir='ltr'>non</span> <span class='ocrx_word' id='word_1_108' title='bbox 739 919 918 966; x_wconf 81' lang='lat' dir='ltr'>accipiam</span> <span class='ocrx_word' id='word_1_109' title='bbox 940 916 980 951; x_wconf 73' lang='lat' dir='ltr'>de</span> <span class='ocrx_word' id='word_1_110' title='bbox 1001 915 1107 951; x_wconf 86' lang='lat' dir='ltr'>domo</span> <span class='ocrx_word' id='word_1_111' title='bbox 1125 921 1189 950; x_wconf 76' lang='lat' dir='ltr'>tua</span> 
     </span>
     <span class='ocr_line' id='line_1_18' title="bbox 199 969 1190 1009; baseline -0.007 -2"><span class='ocrx_word' id='word_1_112' title='bbox 199 978 361 1009; x_wconf 77' lang='lat' dir='ltr'>taurum.</span> <span class='ocrx_word' id='word_1_113' title='bbox 413 973 508 1007; x_wconf 90' lang='lat' dir='ltr'>Haec</span> <span class='ocrx_word' id='word_1_114' title='bbox 535 971 718 1006; x_wconf 82' lang='lat' dir='ltr'>antithesis</span> <span class='ocrx_word' id='word_1_115' title='bbox 741 972 893 1004; x_wconf 89' lang='lat' dir='ltr'>illustrat</span> <span class='ocrx_word' id='word_1_116' title='bbox 917 969 1115 1008; x_wconf 84' lang='lat' dir='ltr'>Psalmum,</span> <span class='ocrx_word' id='word_1_117' title='bbox 1151 974 1190 1000; x_wconf 86' lang='lat' dir='ltr'>ut</span> 
     </span>
     <span class='ocr_line' id='line_1_19' title="bbox 200 1019 1190 1070; baseline -0.006 -12"><span class='ocrx_word' id='word_1_118' title='bbox 200 1027 304 1069; x_wconf 87' lang='lat' dir='ltr'>plane</span> <span class='ocrx_word' id='word_1_119' title='bbox 326 1025 409 1070; x_wconf 89' lang='lat' dir='ltr'>quid</span> <span class='ocrx_word' id='word_1_120' title='bbox 428 1025 511 1058; x_wconf 88' lang='lat' dir='ltr'>velit</span> <span class='ocrx_word' id='word_1_121' title='bbox 531 1023 681 1066; x_wconf 83' lang='lat' dir='ltr'>intelligi</span> <span class='ocrx_word' id='word_1_122' title='bbox 701 1023 822 1066; x_wconf 87' lang='lat' dir='ltr'>possit:</span> <span class='ocrx_word' id='word_1_123' title='bbox 852 1032 1002 1065; x_wconf 91' lang='lat' dir='ltr'>cumque</span> <span class='ocrx_word' id='word_1_124' title='bbox 1020 1026 1128 1054; x_wconf 82' lang='lat' dir='ltr'>status</span> <span class='ocrx_word' id='word_1_125' title='bbox 1146 1019 1190 1052; x_wconf 87' lang='lat' dir='ltr'>sit</span> 
     </span>
     <span class='ocr_line' id='line_1_20' title="bbox 201 1068 1191 1116; baseline -0.009 -6"><span class='ocrx_word' id='word_1_126' title='bbox 201 1076 359 1110; x_wconf 78' lang='lat' dir='ltr'>finitivus</span> <span class='ocrx_word' id='word_1_127' title='bbox 383 1076 420 1108; x_wconf 93' lang='lat' dir='ltr'>in</span> <span class='ocrx_word' id='word_1_128' title='bbox 443 1073 510 1109; x_wconf 88' lang='lat' dir='ltr'>hoc</span> <span class='ocrx_word' id='word_1_129' title='bbox 534 1074 694 1113; x_wconf 89' lang='lat' dir='ltr'>Psalmo,</span> <span class='ocrx_word' id='word_1_130' title='bbox 729 1073 889 1116; x_wconf 86' lang='lat' dir='ltr'>negativa</span> <span class='ocrx_word' id='word_1_131' title='bbox 913 1070 1109 1116; x_wconf 88' lang='lat' dir='ltr'>propositio</span> <span class='ocrx_word' id='word_1_132' title='bbox 1135 1068 1191 1102; x_wconf 91' lang='lat' dir='ltr'>hic</span> 
     </span>
     <span class='ocr_line' id='line_1_21' title="bbox 201 1122 1193 1167; baseline -0.009 -6"><span class='ocrx_word' id='word_1_133' title='bbox 201 1127 446 1161; x_wconf 84' lang='lat' dir='ltr'>constituitur:</span> <span class='ocrx_word' id='word_1_134' title='bbox 477 1125 559 1159; x_wconf 72' lang='lat' dir='ltr'>Non</span> <span class='ocrx_word' id='word_1_135' title='bbox 590 1132 639 1158; x_wconf 86' lang='lat' dir='ltr'>est</span> <span class='ocrx_word' id='word_1_136' title='bbox 672 1125 787 1157; x_wconf 90' lang='lat' dir='ltr'>cultus</span> <span class='ocrx_word' id='word_1_137' title='bbox 811 1122 895 1164; x_wconf 86' lang='lat' dir='ltr'>Dei,</span> <span class='ocrx_word' id='word_1_138' title='bbox 929 1122 991 1167; x_wconf 85' lang='lat' dir='ltr'>qui</span> <span class='ocrx_word' id='word_1_139' title='bbox 1018 1127 1193 1154; x_wconf 83' lang='lat' dir='ltr'>mereatur</span> 
     </span>
     <span class='ocr_line' id='line_1_22' title="bbox 201 1172 1193 1221; baseline -0.007 -10"><span class='ocrx_word' id='word_1_140' title='bbox 201 1177 444 1212; x_wconf 86' lang='lat' dir='ltr'>remissionem</span> <span class='ocrx_word' id='word_1_141' title='bbox 477 1183 720 1221; x_wconf 88' lang='lat' dir='ltr'>peccatorum,</span> <span class='ocrx_word' id='word_1_142' title='bbox 755 1181 919 1208; x_wconf 83' lang='lat' dir='ltr'>externus</span> <span class='ocrx_word' id='word_1_143' title='bbox 949 1174 1038 1206; x_wconf 90' lang='lat' dir='ltr'>ritus</span> <span class='ocrx_word' id='word_1_144' title='bbox 1061 1172 1193 1205; x_wconf 80' lang='lat' dir='ltr'>sacrifi-</span> 
     </span>
     <span class='ocr_line' id='line_1_23' title="bbox 203 1222 1193 1263; baseline -0.007 -1"><span class='ocrx_word' id='word_1_145' title='bbox 203 1229 350 1263; x_wconf 88' lang='lat' dir='ltr'>ciorum.</span> <span class='ocrx_word' id='word_1_146' title='bbox 404 1227 499 1261; x_wconf 83' lang='lat' dir='ltr'>Haec</span> <span class='ocrx_word' id='word_1_147' title='bbox 514 1235 563 1261; x_wconf 93' lang='lat' dir='ltr'>est</span> <span class='ocrx_word' id='word_1_148' title='bbox 580 1227 752 1260; x_wconf 90' lang='lat' dir='ltr'>sententia</span> <span class='ocrx_word' id='word_1_149' title='bbox 769 1226 975 1258; x_wconf 89' lang='lat' dir='ltr'>verborum:</span> <span class='ocrx_word' id='word_1_150' title='bbox 1003 1223 1084 1257; x_wconf 66' lang='lat' dir='ltr'>Non</span> <span class='ocrx_word' id='word_1_151' title='bbox 1102 1222 1193 1255; x_wconf 90' lang='lat' dir='ltr'>acci—</span> 
     </span>
     <span class='ocr_line' id='line_1_24' title="bbox 202 1273 1192 1324; baseline -0.006 -12"><span class='ocrx_word' id='word_1_152' title='bbox 202 1280 297 1324; x_wconf 87' lang='lat' dir='ltr'>piam</span> <span class='ocrx_word' id='word_1_153' title='bbox 325 1286 485 1318; x_wconf 87' lang='lat' dir='ltr'>taurum,</span> <span class='ocrx_word' id='word_1_154' title='bbox 515 1285 579 1314; x_wconf 78' lang='lat' dir='ltr'>etc.</span> <span class='ocrx_word' id='word_1_155' title='bbox 639 1276 777 1311; x_wconf 88' lang='lat' dir='ltr'>Deinde</span> <span class='ocrx_word' id='word_1_156' title='bbox 806 1282 972 1309; x_wconf 89' lang='lat' dir='ltr'>venustae</span> <span class='ocrx_word' id='word_1_157' title='bbox 1001 1273 1192 1318; x_wconf 86' lang='lat' dir='ltr'>amplifica—</span> 
     </span>
     <span class='ocr_line' id='line_1_25' title="bbox 202 1331 513 1365; baseline -0.003 -1"><span class='ocrx_word' id='word_1_158' title='bbox 202 1331 316 1365; x_wconf 88' lang='lat' dir='ltr'>tiones</span> <span class='ocrx_word' id='word_1_159' title='bbox 333 1331 513 1363; x_wconf 85' lang='lat' dir='ltr'>accedunt.</span> 
     </span>
    </p>
   </div>
   <div class='ocr_carea' id='block_1_4' title="bbox 205 1390 1193 1531">
    <p class='ocr_par' dir='ltr' id='par_1_4' title="bbox 205 1390 1193 1531">
     <span class='ocr_line' id='line_1_26' title="bbox 307 1390 1193 1439; baseline -0.008 -10"><span class='ocrx_word' id='word_1_160' title='bbox 307 1395 477 1439; x_wconf 83' lang='lat' dir='ltr'>Sequitur</span> <span class='ocrx_word' id='word_1_161' title='bbox 505 1394 573 1427; x_wconf 88' lang='lat' dir='ltr'>alia</span> <span class='ocrx_word' id='word_1_162' title='bbox 602 1392 820 1426; x_wconf 83' lang='lat' dir='ltr'>adfirmativa</span> <span class='ocrx_word' id='word_1_163' title='bbox 846 1390 1060 1435; x_wconf 86' lang='lat' dir='ltr'>propositio,</span> <span class='ocrx_word' id='word_1_164' title='bbox 1095 1390 1193 1423; x_wconf 89' lang='lat' dir='ltr'>cuius</span> 
     </span>
     <span class='ocr_line' id='line_1_27' title="bbox 206 1439 1192 1493; baseline -0.01 -12"><span class='ocrx_word' id='word_1_165' title='bbox 206 1443 410 1493; x_wconf 68' lang='grc' dir='ltr'><strong><em>αἰτιολογία</em></strong></span> <span class='ocrx_word' id='word_1_166' title='bbox 436 1457 541 1489; x_wconf 86' lang='lat' dir='ltr'>supra</span> <span class='ocrx_word' id='word_1_167' title='bbox 568 1444 681 1489; x_wconf 86' lang='lat' dir='ltr'>posita</span> <span class='ocrx_word' id='word_1_168' title='bbox 705 1450 772 1483; x_wconf 90' lang='lat' dir='ltr'>est,</span> <span class='ocrx_word' id='word_1_169' title='bbox 800 1455 878 1475; x_wconf 92' lang='lat' dir='ltr'>cum</span> <span class='ocrx_word' id='word_1_170' title='bbox 901 1442 965 1475; x_wconf 86' lang='lat' dir='ltr'>ait:</span> <span class='ocrx_word' id='word_1_171' title='bbox 1001 1439 1089 1486; x_wconf 70' lang='lat' dir='ltr'>Ego</span> <span class='ocrx_word' id='word_1_172' title='bbox 1112 1452 1192 1473; x_wconf 79' lang='lat' dir='ltr'>sum</span> 
     </span>
     <span class='ocr_line' id='line_1_28' title="bbox 205 1496 421 1531; baseline 0 0"><span class='ocrx_word' id='word_1_173' title='bbox 205 1496 310 1531; x_wconf 81' lang='lat' dir='ltr'>Deus</span> <span class='ocrx_word' id='word_1_174' title='bbox 326 1501 421 1531; x_wconf 76' lang='lat' dir='ltr'>tuus.</span> 
     </span>
    </p>
   </div>
   <div class='ocr_carea' id='block_1_5' title="bbox 207 1547 1198 2101">
    <p class='ocr_par' dir='ltr' id='par_1_5' title="bbox 207 1547 1198 2101">
     <span class='ocr_line' id='line_1_29' title="bbox 310 1547 1194 1599; baseline -0.007 -11"><span class='ocrx_word' id='word_1_175' title='bbox 310 1556 398 1589; x_wconf 89' lang='lat' dir='ltr'>Inde</span> <span class='ocrx_word' id='word_1_176' title='bbox 435 1554 594 1599; x_wconf 90' lang='lat' dir='ltr'>sequitur</span> <span class='ocrx_word' id='word_1_177' title='bbox 633 1551 718 1586; x_wconf 88' lang='lat' dir='ltr'>haec</span> <span class='ocrx_word' id='word_1_178' title='bbox 759 1551 971 1596; x_wconf 80' lang='lat' dir='ltr'>propositio:</span> <span class='ocrx_word' id='word_1_179' title='bbox 1015 1547 1194 1594; x_wconf 71' lang='lat' dir='ltr'>Sacrifica</span> 
     </span>
     <span class='ocr_line' id='line_1_30' title="bbox 207 1599 1196 1642; baseline -0.009 0"><span class='ocrx_word' id='word_1_180' title='bbox 207 1607 292 1642; x_wconf 78' lang='lat' dir='ltr'>Deo</span> <span class='ocrx_word' id='word_1_181' title='bbox 316 1603 475 1640; x_wconf 83' lang='lat' dir='ltr'>laudem.</span> <span class='ocrx_word' id='word_1_182' title='bbox 539 1603 677 1637; x_wconf 66' lang='lat' dir='ltr'>Invoca</span> <span class='ocrx_word' id='word_1_183' title='bbox 701 1614 754 1635; x_wconf 77' lang='lat' dir='ltr'>me</span> <span class='ocrx_word' id='word_1_184' title='bbox 780 1601 818 1634; x_wconf 89' lang='lat' dir='ltr'>in</span> <span class='ocrx_word' id='word_1_185' title='bbox 843 1599 899 1634; x_wconf 74' lang='lat' dir='ltr'>die</span> <span class='ocrx_word' id='word_1_186' title='bbox 926 1599 1196 1640; x_wconf 76' lang='lat' dir='ltr'>tribulationis,</span> 
     </span>
     <span class='ocr_line' id='line_1_31' title="bbox 208 1653 1195 1699; baseline -0.01 -5"><span class='ocrx_word' id='word_1_187' title='bbox 208 1662 243 1694; x_wconf 92' lang='lat' dir='ltr'>id</span> <span class='ocrx_word' id='word_1_188' title='bbox 278 1665 346 1699; x_wconf 86' lang='lat' dir='ltr'>est,</span> <span class='ocrx_word' id='word_1_189' title='bbox 381 1669 461 1690; x_wconf 89' lang='lat' dir='ltr'>vera</span> <span class='ocrx_word' id='word_1_190' title='bbox 488 1655 655 1689; x_wconf 89' lang='lat' dir='ltr'>sacrificia</span> <span class='ocrx_word' id='word_1_191' title='bbox 682 1660 762 1687; x_wconf 89' lang='lat' dir='ltr'>sunt</span> <span class='ocrx_word' id='word_1_192' title='bbox 788 1653 825 1685; x_wconf 89' lang='lat' dir='ltr'>in</span> <span class='ocrx_word' id='word_1_193' title='bbox 849 1653 973 1691; x_wconf 88' lang='lat' dir='ltr'>corde,</span> <span class='ocrx_word' id='word_1_194' title='bbox 1010 1663 1195 1695; x_wconf 85' lang='lat' dir='ltr'>agnoscere</span> 
     </span>
     <span class='ocr_line' id='line_1_32' title="bbox 207 1704 1196 1748; baseline -0.01 -4"><span class='ocrx_word' id='word_1_195' title='bbox 207 1722 330 1744; x_wconf 85' lang='lat' dir='ltr'>verum</span> <span class='ocrx_word' id='word_1_196' title='bbox 364 1707 499 1747; x_wconf 89' lang='lat' dir='ltr'>Deum,</span> <span class='ocrx_word' id='word_1_197' title='bbox 541 1706 629 1739; x_wconf 89' lang='lat' dir='ltr'>sicut</span> <span class='ocrx_word' id='word_1_198' title='bbox 662 1717 696 1737; x_wconf 90' lang='lat' dir='ltr'>se</span> <span class='ocrx_word' id='word_1_199' title='bbox 729 1704 908 1748; x_wconf 84' lang='lat' dir='ltr'>patefecit,</span> <span class='ocrx_word' id='word_1_200' title='bbox 949 1704 1072 1737; x_wconf 87' lang='lat' dir='ltr'>timere</span> <span class='ocrx_word' id='word_1_201' title='bbox 1104 1715 1196 1742; x_wconf 91' lang='lat' dir='ltr'>eum,</span> 
     </span>
     <span class='ocr_line' id='line_1_33' title="bbox 209 1755 1196 1800; baseline -0.01 -5"><span class='ocrx_word' id='word_1_202' title='bbox 209 1762 349 1796; x_wconf 89' lang='lat' dir='ltr'>credere</span> <span class='ocrx_word' id='word_1_203' title='bbox 373 1759 424 1799; x_wconf 89' lang='lat' dir='ltr'>ei,</span> <span class='ocrx_word' id='word_1_204' title='bbox 460 1758 627 1800; x_wconf 80' lang='lat' dir='ltr'>diligere,</span> <span class='ocrx_word' id='word_1_205' title='bbox 662 1756 837 1789; x_wconf 90' lang='lat' dir='ltr'>celebrare</span> <span class='ocrx_word' id='word_1_206' title='bbox 862 1761 894 1787; x_wconf 91' lang='lat' dir='ltr'>et</span> <span class='ocrx_word' id='word_1_207' title='bbox 916 1755 1080 1787; x_wconf 76' lang='lat' dir='ltr'>invocare</span> <span class='ocrx_word' id='word_1_208' title='bbox 1105 1766 1196 1792; x_wconf 88' lang='lat' dir='ltr'>eum,</span> 
     </span>
     <span class='ocr_line' id='line_1_34' title="bbox 209 1804 1196 1857; baseline -0.009 -12"><span class='ocrx_word' id='word_1_209' title='bbox 209 1820 241 1847; x_wconf 89' lang='lat' dir='ltr'>et</span> <span class='ocrx_word' id='word_1_210' title='bbox 273 1812 358 1857; x_wconf 85' lang='lat' dir='ltr'>quid</span> <span class='ocrx_word' id='word_1_211' title='bbox 390 1811 432 1842; x_wconf 89' lang='lat' dir='ltr'>de</span> <span class='ocrx_word' id='word_1_212' title='bbox 464 1821 503 1842; x_wconf 91' lang='lat' dir='ltr'>eo</span> <span class='ocrx_word' id='word_1_213' title='bbox 535 1808 726 1840; x_wconf 86' lang='lat' dir='ltr'>sentiamus</span> <span class='ocrx_word' id='word_1_214' title='bbox 761 1806 798 1838; x_wconf 91' lang='lat' dir='ltr'>in</span> <span class='ocrx_word' id='word_1_215' title='bbox 826 1805 1050 1839; x_wconf 81' lang='lat' dir='ltr'>invocatione</span> <span class='ocrx_word' id='word_1_216' title='bbox 1076 1804 1196 1837; x_wconf 81' lang='lat' dir='ltr'>decla—</span> 
     </span>
     <span class='ocr_line' id='line_1_35' title="bbox 209 1856 1198 1902; baseline -0.01 -5"><span class='ocrx_word' id='word_1_217' title='bbox 209 1875 303 1902; x_wconf 88' lang='lat' dir='ltr'>rare,</span> <span class='ocrx_word' id='word_1_218' title='bbox 326 1860 491 1893; x_wconf 70' lang='lat' dir='ltr'>videlicet</span> <span class='ocrx_word' id='word_1_219' title='bbox 510 1871 589 1891; x_wconf 79' lang='lat' dir='ltr'>vere</span> <span class='ocrx_word' id='word_1_220' title='bbox 605 1870 684 1891; x_wconf 85' lang='lat' dir='ltr'>eum</span> <span class='ocrx_word' id='word_1_221' title='bbox 703 1857 867 1890; x_wconf 82' lang='lat' dir='ltr'>exaudire</span> <span class='ocrx_word' id='word_1_222' title='bbox 882 1856 1032 1897; x_wconf 76' lang='lat' dir='ltr'>gemitus</span> <span class='ocrx_word' id='word_1_223' title='bbox 1049 1863 1198 1895; x_wconf 90' lang='lat' dir='ltr'>nostros,</span> 
     </span>
     <span class='ocr_line' id='line_1_36' title="bbox 210 1906 1198 1953; baseline -0.01 -5"><span class='ocrx_word' id='word_1_224' title='bbox 210 1922 244 1948; x_wconf 91' lang='lat' dir='ltr'>et</span> <span class='ocrx_word' id='word_1_225' title='bbox 265 1911 513 1946; x_wconf 77' lang='lat' dir='ltr'>invocantibus</span> <span class='ocrx_word' id='word_1_226' title='bbox 536 1921 636 1953; x_wconf 92' lang='lat' dir='ltr'>opem</span> <span class='ocrx_word' id='word_1_227' title='bbox 661 1909 764 1941; x_wconf 82' lang='lat' dir='ltr'>serre.</span> <span class='ocrx_word' id='word_1_228' title='bbox 818 1907 906 1940; x_wconf 88' lang='lat' dir='ltr'>Nam</span> <span class='ocrx_word' id='word_1_229' title='bbox 926 1907 1129 1940; x_wconf 90' lang='lat' dir='ltr'>concionari</span> <span class='ocrx_word' id='word_1_230' title='bbox 1147 1906 1198 1939; x_wconf 91' lang='lat' dir='ltr'>le-</span> 
     </span>
     <span class='ocr_line' id='line_1_37' title="bbox 210 1958 1197 2009; baseline -0.008 -12"><span class='ocrx_word' id='word_1_231' title='bbox 210 1976 286 2009; x_wconf 87' lang='lat' dir='ltr'>gem</span> <span class='ocrx_word' id='word_1_232' title='bbox 304 1964 346 1995; x_wconf 89' lang='lat' dir='ltr'>de</span> <span class='ocrx_word' id='word_1_233' title='bbox 365 1962 490 2001; x_wconf 90' lang='lat' dir='ltr'>corde,</span> <span class='ocrx_word' id='word_1_234' title='bbox 518 1972 589 1992; x_wconf 93' lang='lat' dir='ltr'>non</span> <span class='ocrx_word' id='word_1_235' title='bbox 608 1960 650 1992; x_wconf 91' lang='lat' dir='ltr'>de</span> <span class='ocrx_word' id='word_1_236' title='bbox 664 1958 816 1991; x_wconf 84' lang='lat' dir='ltr'>externis</span> <span class='ocrx_word' id='word_1_237' title='bbox 833 1965 971 1992; x_wconf 88' lang='lat' dir='ltr'>tantum</span> <span class='ocrx_word' id='word_1_238' title='bbox 988 1958 1197 1995; x_wconf 87' lang='lat' dir='ltr'>actionibus,</span> 
     </span>
     <span class='ocr_line' id='line_1_38' title="bbox 211 2006 1196 2052; baseline -0.01 -2"><span class='ocrx_word' id='word_1_239' title='bbox 211 2022 358 2051; x_wconf 82' lang='lat' dir='ltr'>testatur</span> <span class='ocrx_word' id='word_1_240' title='bbox 395 2009 461 2044; x_wconf 88' lang='lat' dir='ltr'>hoc</span> <span class='ocrx_word' id='word_1_241' title='bbox 499 2011 649 2044; x_wconf 89' lang='lat' dir='ltr'>dictum:</span> <span class='ocrx_word' id='word_1_242' title='bbox 688 2008 822 2052; x_wconf 80' lang='lat' dir='ltr'>Diligas</span> <span class='ocrx_word' id='word_1_243' title='bbox 855 2007 1049 2042; x_wconf 90' lang='lat' dir='ltr'>Dominum</span> <span class='ocrx_word' id='word_1_244' title='bbox 1081 2006 1196 2041; x_wconf 91' lang='lat' dir='ltr'>Deum</span> 
     </span>
     <span class='ocr_line' id='line_1_39' title="bbox 210 2062 591 2101; baseline -0.021 0"><span class='ocrx_word' id='word_1_245' title='bbox 210 2074 309 2101; x_wconf 87' lang='lat' dir='ltr'>tuum</span> <span class='ocrx_word' id='word_1_246' title='bbox 328 2076 366 2098; x_wconf 85' lang='lat' dir='ltr'>ex</span> <span class='ocrx_word' id='word_1_247' title='bbox 384 2069 456 2096; x_wconf 87' lang='lat' dir='ltr'>toto</span> <span class='ocrx_word' id='word_1_248' title='bbox 476 2062 591 2097; x_wconf 88' lang='lat' dir='ltr'>corde.</span> 
     </span>
    </p>
   </div>
   <div class='ocr_carea' id='block_1_6' title="bbox 211 2126 1198 2680">
    <p class='ocr_par' dir='ltr' id='par_1_6' title="bbox 211 2126 1198 2680">
     <span class='ocr_line' id='line_1_40' title="bbox 314 2126 1197 2172; baseline -0.007 -7"><span class='ocrx_word' id='word_1_249' title='bbox 314 2131 485 2165; x_wconf 75' lang='lat' dir='ltr'>inseritur</span> <span class='ocrx_word' id='word_1_250' title='bbox 507 2136 623 2163; x_wconf 87' lang='lat' dir='ltr'>autem</span> <span class='ocrx_word' id='word_1_251' title='bbox 648 2126 900 2172; x_wconf 88' lang='lat' dir='ltr'>propositioni,</span> <span class='ocrx_word' id='word_1_252' title='bbox 928 2138 1015 2171; x_wconf 88' lang='lat' dir='ltr'>quae</span> <span class='ocrx_word' id='word_1_253' title='bbox 1032 2138 1127 2159; x_wconf 92' lang='lat' dir='ltr'>nunc</span> <span class='ocrx_word' id='word_1_254' title='bbox 1143 2138 1197 2159; x_wconf 89' lang='lat' dir='ltr'>re-</span> 
     </span>
     <span class='ocr_line' id='line_1_41' title="bbox 211 2177 1198 2223; baseline -0.01 -4"><span class='ocrx_word' id='word_1_255' title='bbox 211 2186 314 2220; x_wconf 86' lang='lat' dir='ltr'>citata</span> <span class='ocrx_word' id='word_1_256' title='bbox 346 2189 414 2223; x_wconf 88' lang='lat' dir='ltr'>est,</span> <span class='ocrx_word' id='word_1_257' title='bbox 451 2180 652 2214; x_wconf 88' lang='lat' dir='ltr'>dulcissima</span> <span class='ocrx_word' id='word_1_258' title='bbox 683 2177 887 2223; x_wconf 88' lang='lat' dir='ltr'>promissio,</span> <span class='ocrx_word' id='word_1_259' title='bbox 921 2189 1009 2221; x_wconf 87' lang='lat' dir='ltr'>quae</span> <span class='ocrx_word' id='word_1_260' title='bbox 1043 2189 1115 2210; x_wconf 92' lang='lat' dir='ltr'>non</span> <span class='ocrx_word' id='word_1_261' title='bbox 1149 2184 1198 2210; x_wconf 88' lang='lat' dir='ltr'>est</span> 
     </span>
     <span class='ocr_line' id='line_1_42' title="bbox 213 2225 1196 2277; baseline -0.008 -8"><span class='ocrx_word' id='word_1_262' title='bbox 213 2237 328 2269; x_wconf 88' lang='lat' dir='ltr'>ociose</span> <span class='ocrx_word' id='word_1_263' title='bbox 358 2232 631 2277; x_wconf 87' lang='lat' dir='ltr'>praetereunda,</span> <span class='ocrx_word' id='word_1_264' title='bbox 670 2241 748 2263; x_wconf 88' lang='lat' dir='ltr'>cum</span> <span class='ocrx_word' id='word_1_265' title='bbox 783 2229 847 2262; x_wconf 88' lang='lat' dir='ltr'>ait:</span> <span class='ocrx_word' id='word_1_266' title='bbox 883 2225 935 2260; x_wconf 77' lang='lat' dir='ltr'>Et</span> <span class='ocrx_word' id='word_1_267' title='bbox 966 2227 1120 2271; x_wconf 79' lang='lat' dir='ltr'>eripiam</span> <span class='ocrx_word' id='word_1_268' title='bbox 1154 2232 1196 2263; x_wconf 84' lang='lat' dir='ltr'>te.</span> 
     </span>
     <span class='ocr_line' id='line_1_43' title="bbox 212 2279 1196 2323; baseline -0.01 -3"><span class='ocrx_word' id='word_1_269' title='bbox 212 2286 403 2320; x_wconf 91' lang='lat' dir='ltr'>Pollicetur</span> <span class='ocrx_word' id='word_1_270' title='bbox 421 2295 537 2316; x_wconf 86' lang='lat' dir='ltr'>veram</span> <span class='ocrx_word' id='word_1_271' title='bbox 556 2281 829 2319; x_wconf 77' lang='lat' dir='ltr'>invocationem,</span> <span class='ocrx_word' id='word_1_272' title='bbox 859 2291 946 2323; x_wconf 88' lang='lat' dir='ltr'>quae</span> <span class='ocrx_word' id='word_1_273' title='bbox 963 2279 1000 2311; x_wconf 83' lang='lat' dir='ltr'>fit</span> <span class='ocrx_word' id='word_1_274' title='bbox 1018 2279 1096 2317; x_wconf 88' lang='lat' dir='ltr'>fide,</span> <span class='ocrx_word' id='word_1_275' title='bbox 1125 2291 1196 2311; x_wconf 89' lang='lat' dir='ltr'>non</span> 
     </span>
     <span class='ocr_line' id='line_1_44' title="bbox 213 2330 1197 2375; baseline -0.009 -5"><span class='ocrx_word' id='word_1_276' title='bbox 213 2350 285 2370; x_wconf 87' lang='lat' dir='ltr'>esse</span> <span class='ocrx_word' id='word_1_277' title='bbox 302 2336 452 2369; x_wconf 83' lang='lat' dir='ltr'>irritam.</span> <span class='ocrx_word' id='word_1_278' title='bbox 505 2333 573 2367; x_wconf 90' lang='lat' dir='ltr'>Hic</span> <span class='ocrx_word' id='word_1_279' title='bbox 591 2332 780 2375; x_wconf 83' lang='lat' dir='ltr'>diligenter</span> <span class='ocrx_word' id='word_1_280' title='bbox 795 2330 1049 2363; x_wconf 86' lang='lat' dir='ltr'>consideranda</span> <span class='ocrx_word' id='word_1_281' title='bbox 1069 2336 1118 2362; x_wconf 88' lang='lat' dir='ltr'>est</span> <span class='ocrx_word' id='word_1_282' title='bbox 1135 2342 1197 2362; x_wconf 87' lang='lat' dir='ltr'>an-</span> 
     </span>
     <span class='ocr_line' id='line_1_45' title="bbox 213 2380 1198 2428; baseline -0.01 -7"><span class='ocrx_word' id='word_1_283' title='bbox 213 2386 359 2422; x_wconf 86' lang='lat' dir='ltr'>tithesis.</span> <span class='ocrx_word' id='word_1_284' title='bbox 425 2384 515 2418; x_wconf 79' lang='lat' dir='ltr'>Nam</span> <span class='ocrx_word' id='word_1_285' title='bbox 543 2391 575 2417; x_wconf 90' lang='lat' dir='ltr'>et</span> <span class='ocrx_word' id='word_1_286' title='bbox 606 2381 810 2428; x_wconf 79' lang='lat' dir='ltr'>hypocritae</span> <span class='ocrx_word' id='word_1_287' title='bbox 836 2381 1068 2414; x_wconf 86' lang='lat' dir='ltr'>sacrificantes</span> <span class='ocrx_word' id='word_1_288' title='bbox 1095 2380 1198 2413; x_wconf 81' lang='lat' dir='ltr'>invo-</span> 
     </span>
     <span class='ocr_line' id='line_1_46' title="bbox 215 2431 1198 2478; baseline -0.006 -7"><span class='ocrx_word' id='word_1_289' title='bbox 215 2446 311 2478; x_wconf 86' lang='lat' dir='ltr'>cant,</span> <span class='ocrx_word' id='word_1_290' title='bbox 340 2438 398 2470; x_wconf 89' lang='lat' dir='ltr'>sed</span> <span class='ocrx_word' id='word_1_291' title='bbox 418 2442 477 2470; x_wconf 92' lang='lat' dir='ltr'>aut</span> <span class='ocrx_word' id='word_1_292' title='bbox 493 2435 606 2469; x_wconf 91' lang='lat' dir='ltr'>securi</span> <span class='ocrx_word' id='word_1_293' title='bbox 627 2434 667 2466; x_wconf 81' lang='lat' dir='ltr'>in</span> <span class='ocrx_word' id='word_1_294' title='bbox 683 2434 788 2466; x_wconf 88' lang='lat' dir='ltr'>rebus</span> <span class='ocrx_word' id='word_1_295' title='bbox 805 2432 987 2472; x_wconf 87' lang='lat' dir='ltr'>secundis,</span> <span class='ocrx_word' id='word_1_296' title='bbox 1015 2431 1198 2465; x_wconf 88' lang='lat' dir='ltr'>confidunt</span> 
     </span>
     <span class='ocr_line' id='line_1_47' title="bbox 215 2482 1196 2527; baseline -0.007 -6"><span class='ocrx_word' id='word_1_297' title='bbox 215 2489 286 2522; x_wconf 85' lang='lat' dir='ltr'>suis</span> <span class='ocrx_word' id='word_1_298' title='bbox 316 2488 510 2527; x_wconf 88' lang='lat' dir='ltr'>sacrificiis,</span> <span class='ocrx_word' id='word_1_299' title='bbox 540 2493 599 2519; x_wconf 90' lang='lat' dir='ltr'>ant</span> <span class='ocrx_word' id='word_1_300' title='bbox 622 2485 658 2517; x_wconf 91' lang='lat' dir='ltr'>in</span> <span class='ocrx_word' id='word_1_301' title='bbox 683 2485 788 2517; x_wconf 85' lang='lat' dir='ltr'>rebus</span> <span class='ocrx_word' id='word_1_302' title='bbox 815 2482 969 2516; x_wconf 77' lang='lat' dir='ltr'>adversis</span> <span class='ocrx_word' id='word_1_303' title='bbox 991 2489 1136 2515; x_wconf 86' lang='lat' dir='ltr'>manent</span> <span class='ocrx_word' id='word_1_304' title='bbox 1160 2483 1196 2515; x_wconf 91' lang='lat' dir='ltr'>in</span> 
     </span>
     <span class='ocr_line' id='line_1_48' title="bbox 215 2534 1196 2580; baseline -0.006 -9"><span class='ocrx_word' id='word_1_305' title='bbox 215 2538 451 2573; x_wconf 85' lang='lat' dir='ltr'>dubitatione:</span> <span class='ocrx_word' id='word_1_306' title='bbox 484 2536 677 2570; x_wconf 86' lang='lat' dir='ltr'>sacrificant</span> <span class='ocrx_word' id='word_1_307' title='bbox 709 2535 871 2580; x_wconf 88' lang='lat' dir='ltr'>quidem,</span> <span class='ocrx_word' id='word_1_308' title='bbox 905 2534 964 2567; x_wconf 89' lang='lat' dir='ltr'>sed</span> <span class='ocrx_word' id='word_1_309' title='bbox 996 2534 1089 2577; x_wconf 89' lang='lat' dir='ltr'>apud</span> <span class='ocrx_word' id='word_1_310' title='bbox 1123 2544 1196 2566; x_wconf 88' lang='lat' dir='ltr'>sese</span> 
     </span>
     <span class='ocr_line' id='line_1_49' title="bbox 214 2584 1194 2633; baseline -0.007 -10"><span class='ocrx_word' id='word_1_311' title='bbox 214 2590 387 2633; x_wconf 87' lang='lat' dir='ltr'>cogitant,</span> <span class='ocrx_word' id='word_1_312' title='bbox 415 2600 448 2620; x_wconf 89' lang='lat' dir='ltr'>se</span> <span class='ocrx_word' id='word_1_313' title='bbox 472 2587 621 2630; x_wconf 82' lang='lat' dir='ltr'>negligi,</span> <span class='ocrx_word' id='word_1_314' title='bbox 649 2598 683 2620; x_wconf 91' lang='lat' dir='ltr'>se</span> <span class='ocrx_word' id='word_1_315' title='bbox 707 2585 851 2629; x_wconf 85' lang='lat' dir='ltr'>proiici,</span> <span class='ocrx_word' id='word_1_316' title='bbox 881 2596 916 2618; x_wconf 90' lang='lat' dir='ltr'>se</span> <span class='ocrx_word' id='word_1_317' title='bbox 941 2597 1014 2617; x_wconf 90' lang='lat' dir='ltr'>non</span> <span class='ocrx_word' id='word_1_318' title='bbox 1037 2584 1194 2617; x_wconf 80' lang='lat' dir='ltr'>exaudiri</span> 
     </span>
     <span class='ocr_line' id='line_1_50' title="bbox 212 2635 1195 2680; baseline -0.007 -5"><span class='ocrx_word' id='word_1_319' title='bbox 212 2653 230 2675; x_wconf 93' lang='lat' dir='ltr'>a</span> <span class='ocrx_word' id='word_1_320' title='bbox 249 2639 344 2680; x_wconf 84' lang='lat' dir='ltr'>Deo,</span> <span class='ocrx_word' id='word_1_321' title='bbox 372 2644 405 2671; x_wconf 85' lang='lat' dir='ltr'>et</span> <span class='ocrx_word' id='word_1_322' title='bbox 421 2639 575 2671; x_wconf 86' lang='lat' dir='ltr'>fremunt</span> <span class='ocrx_word' id='word_1_323' title='bbox 592 2639 758 2671; x_wconf 85' lang='lat' dir='ltr'>adversus</span> <span class='ocrx_word' id='word_1_324' title='bbox 773 2635 899 2670; x_wconf 89' lang='lat' dir='ltr'>Deum.</span> <span class='ocrx_word' id='word_1_325' title='bbox 952 2635 1000 2669; x_wconf 89' lang='lat' dir='ltr'>At</span> <span class='ocrx_word' id='word_1_326' title='bbox 1017 2635 1098 2669; x_wconf 82' lang='lat' dir='ltr'>fidei</span> <span class='ocrx_word' id='word_1_327' title='bbox 1115 2647 1195 2668; x_wconf 86' lang='lat' dir='ltr'>ora-</span> 
     </span>
    </p>
   </div>
   <div class='ocr_carea' id='block_1_7' title="bbox 785 56 1626 98">
    <p class='ocr_par' dir='ltr' id='par_1_7' title="bbox 785 56 1626 98">
     <span class='ocr_line' id='line_1_51' title="bbox 785 56 1626 98; baseline -0.005 -1"><span class='ocrx_word' id='word_1_328' title='bbox 785 62 910 98; x_wconf 85' lang='lat' dir='ltr'>PHIL.</span> <span class='ocrx_word' id='word_1_329' title='bbox 937 59 1056 98; x_wconf 81' lang='lat' dir='ltr'>MEL.</span> <span class='ocrx_word' id='word_1_330' title='bbox 1083 57 1294 96; x_wconf 89' lang='lat' dir='ltr'><strong>SCRIPTA</strong></span> <span class='ocrx_word' id='word_1_331' title='bbox 1323 56 1626 94; x_wconf 84' lang='lat' dir='ltr'><strong>EXEGETICA.</strong></span> 
     </span>
    </p>
   </div>
   <div class='ocr_carea' id='block_1_8' title="bbox 1215 1251 1230 2599">
    <p class='ocr_par' dir='ltr' id='par_1_8' title="bbox 1215 1251 1230 2599">
     <span class='ocr_line' id='line_1_52' title="bbox 1215 1251 1230 2599; baseline 0 0"><span class='ocrx_word' id='word_1_332' title='bbox 1215 1251 1230 2599; x_wconf 95' lang='lat' dir='ltr'> </span> 
     </span>
    </p>
   </div>
   <div class='ocr_carea' id='block_1_9' title="bbox 2126 60 2223 95">
    <p class='ocr_par' dir='ltr' id='par_1_9' title="bbox 2126 60 2223 95">
     <span class='ocr_line' id='line_1_53' title="bbox 2126 60 2223 95; baseline -0.01 0"><span class='ocrx_word' id='word_1_333' title='bbox 2126 60 2223 95; x_wconf 73' lang='lat'>1112</span> 
     </span>
    </p>
   </div>
   <div class='ocr_carea' id='block_1_10' title="bbox 1233 143 2237 1205">
    <p class='ocr_par' dir='ltr' id='par_1_10' title="bbox 1233 143 2237 1205">
     <span class='ocr_line' id='line_1_54' title="bbox 1233 143 2224 190; baseline 0.003 -12"><span class='ocrx_word' id='word_1_334' title='bbox 1233 145 1282 179; x_wconf 87' lang='lat' dir='ltr'>tio</span> <span class='ocrx_word' id='word_1_335' title='bbox 1318 144 1507 190; x_wconf 86' lang='lat' dir='ltr'>acquiescit</span> <span class='ocrx_word' id='word_1_336' title='bbox 1537 144 1574 177; x_wconf 92' lang='lat' dir='ltr'>in</span> <span class='ocrx_word' id='word_1_337' title='bbox 1599 143 1690 178; x_wconf 91' lang='lat' dir='ltr'>Deo:</span> <span class='ocrx_word' id='word_1_338' title='bbox 1725 151 1758 178; x_wconf 85' lang='lat' dir='ltr'>et</span> <span class='ocrx_word' id='word_1_339' title='bbox 1783 156 1984 190; x_wconf 77' lang='lat' dir='ltr'>quanquam</span> <span class='ocrx_word' id='word_1_340' title='bbox 2008 146 2130 181; x_wconf 86' lang='lat' dir='ltr'>multis</span> <span class='ocrx_word' id='word_1_341' title='bbox 2153 155 2224 181; x_wconf 89' lang='lat' dir='ltr'>ter-</span> 
     </span>
     <span class='ocr_line' id='line_1_55' title="bbox 1234 196 2225 240; baseline 0.002 -11"><span class='ocrx_word' id='word_1_342' title='bbox 1234 196 1375 229; x_wconf 88' lang='lat' dir='ltr'>roribus</span> <span class='ocrx_word' id='word_1_343' title='bbox 1409 196 1629 236; x_wconf 89' lang='lat' dir='ltr'>concutitur,</span> <span class='ocrx_word' id='word_1_344' title='bbox 1663 202 1780 229; x_wconf 89' lang='lat' dir='ltr'>tamen</span> <span class='ocrx_word' id='word_1_345' title='bbox 1813 202 1974 240; x_wconf 88' lang='lat' dir='ltr'>superata</span> <span class='ocrx_word' id='word_1_346' title='bbox 2003 197 2225 231; x_wconf 83' lang='lat' dir='ltr'>dubitatione</span> 
     </span>
     <span class='ocr_line' id='line_1_56' title="bbox 1235 246 2226 282; baseline 0.002 -2"><span class='ocrx_word' id='word_1_347' title='bbox 1235 249 1354 280; x_wconf 83' lang='lat' dir='ltr'>statuit</span> <span class='ocrx_word' id='word_1_348' title='bbox 1373 247 1490 280; x_wconf 91' lang='lat' dir='ltr'>Deum</span> <span class='ocrx_word' id='word_1_349' title='bbox 1516 258 1589 279; x_wconf 86' lang='lat' dir='ltr'>non</span> <span class='ocrx_word' id='word_1_350' title='bbox 1613 246 1816 280; x_wconf 87' lang='lat' dir='ltr'>defuturum</span> <span class='ocrx_word' id='word_1_351' title='bbox 1839 246 1944 279; x_wconf 91' lang='lat' dir='ltr'>nobis</span> <span class='ocrx_word' id='word_1_352' title='bbox 1968 258 2056 279; x_wconf 82' lang='lat' dir='ltr'>esse:</span> <span class='ocrx_word' id='word_1_353' title='bbox 2085 248 2148 281; x_wconf 87' lang='lat' dir='ltr'>scit</span> <span class='ocrx_word' id='word_1_354' title='bbox 2171 260 2226 282; x_wconf 90' lang='lat' dir='ltr'>re-</span> 
     </span>
     <span class='ocr_line' id='line_1_57' title="bbox 1235 296 2228 342; baseline 0.001 -12"><span class='ocrx_word' id='word_1_355' title='bbox 1235 298 1326 332; x_wconf 91' lang='lat' dir='ltr'>mitti</span> <span class='ocrx_word' id='word_1_356' title='bbox 1351 304 1489 342; x_wconf 86' lang='lat' dir='ltr'>peccata</span> <span class='ocrx_word' id='word_1_357' title='bbox 1516 304 1659 341; x_wconf 89' lang='lat' dir='ltr'>propter</span> <span class='ocrx_word' id='word_1_358' title='bbox 1677 296 1932 338; x_wconf 88' lang='lat' dir='ltr'>Mediatorem,</span> <span class='ocrx_word' id='word_1_359' title='bbox 1961 304 1993 331; x_wconf 88' lang='lat' dir='ltr'>et</span> <span class='ocrx_word' id='word_1_360' title='bbox 2016 309 2145 340; x_wconf 92' lang='lat' dir='ltr'>poenas</span> <span class='ocrx_word' id='word_1_361' title='bbox 2159 299 2228 331; x_wconf 90' lang='lat' dir='ltr'>mi-</span> 
     </span>
     <span class='ocr_line' id='line_1_58' title="bbox 1235 347 2229 392; baseline -0.001 -10"><span class='ocrx_word' id='word_1_362' title='bbox 1235 348 1349 391; x_wconf 84' lang='lat' dir='ltr'>tigari.</span> <span class='ocrx_word' id='word_1_363' title='bbox 1402 347 1496 382; x_wconf 88' lang='lat' dir='ltr'>Haec</span> <span class='ocrx_word' id='word_1_364' title='bbox 1521 355 1671 382; x_wconf 87' lang='lat' dir='ltr'>statuere</span> <span class='ocrx_word' id='word_1_365' title='bbox 1695 348 1732 380; x_wconf 93' lang='lat' dir='ltr'>in</span> <span class='ocrx_word' id='word_1_366' title='bbox 1757 347 1931 392; x_wconf 88' lang='lat' dir='ltr'>praesenti</span> <span class='ocrx_word' id='word_1_367' title='bbox 1954 348 2111 392; x_wconf 90' lang='lat' dir='ltr'>periculo</span> <span class='ocrx_word' id='word_1_368' title='bbox 2135 349 2229 381; x_wconf 85' lang='lat' dir='ltr'>diffi-</span> 
     </span>
     <span class='ocr_line' id='line_1_59' title="bbox 1237 398 2231 444; baseline 0 -12"><span class='ocrx_word' id='word_1_369' title='bbox 1237 400 1302 432; x_wconf 89' lang='lat' dir='ltr'>cile</span> <span class='ocrx_word' id='word_1_370' title='bbox 1329 406 1393 433; x_wconf 85' lang='lat' dir='ltr'>est.</span> <span class='ocrx_word' id='word_1_371' title='bbox 1447 398 1567 442; x_wconf 86' lang='lat' dir='ltr'>Quare</span> <span class='ocrx_word' id='word_1_372' title='bbox 1591 399 1675 444; x_wconf 90' lang='lat' dir='ltr'>quid</span> <span class='ocrx_word' id='word_1_373' title='bbox 1700 399 1744 432; x_wconf 93' lang='lat' dir='ltr'>sit</span> <span class='ocrx_word' id='word_1_374' title='bbox 1765 399 1848 432; x_wconf 88' lang='lat' dir='ltr'>fides</span> <span class='ocrx_word' id='word_1_375' title='bbox 1876 406 1911 432; x_wconf 84' lang='lat' dir='ltr'>et</span> <span class='ocrx_word' id='word_1_376' title='bbox 1936 399 2112 432; x_wconf 86' lang='lat' dir='ltr'>invocatio</span> <span class='ocrx_word' id='word_1_377' title='bbox 2138 399 2231 441; x_wconf 83' lang='lat' dir='ltr'>fidei,</span> 
     </span>
     <span class='ocr_line' id='line_1_60' title="bbox 1238 449 2231 494; baseline 0 -11"><span class='ocrx_word' id='word_1_378' title='bbox 1238 462 1310 483; x_wconf 92' lang='lat' dir='ltr'>non</span> <span class='ocrx_word' id='word_1_379' title='bbox 1335 450 1372 482; x_wconf 90' lang='lat' dir='ltr'>in</span> <span class='ocrx_word' id='word_1_380' title='bbox 1396 449 1522 483; x_wconf 88' lang='lat' dir='ltr'>ociosis</span> <span class='ocrx_word' id='word_1_381' title='bbox 1547 450 1868 494; x_wconf 81' lang='lat' dir='ltr'>speculationibus,</span> <span class='ocrx_word' id='word_1_382' title='bbox 1895 452 1953 482; x_wconf 88' lang='lat' dir='ltr'>sed</span> <span class='ocrx_word' id='word_1_383' title='bbox 1981 449 2019 482; x_wconf 90' lang='lat' dir='ltr'>in</span> <span class='ocrx_word' id='word_1_384' title='bbox 2043 449 2135 482; x_wconf 79' lang='lat' dir='ltr'>veris</span> <span class='ocrx_word' id='word_1_385' title='bbox 2155 461 2231 483; x_wconf 87' lang='lat' dir='ltr'>cer-</span> 
     </span>
     <span class='ocr_line' id='line_1_61' title="bbox 1237 498 2231 545; baseline 0 -11"><span class='ocrx_word' id='word_1_386' title='bbox 1237 501 1432 534; x_wconf 87' lang='lat' dir='ltr'>taminibus</span> <span class='ocrx_word' id='word_1_387' title='bbox 1463 500 1669 534; x_wconf 90' lang='lat' dir='ltr'>discendum</span> <span class='ocrx_word' id='word_1_388' title='bbox 1703 509 1764 536; x_wconf 87' lang='lat' dir='ltr'>est.</span> <span class='ocrx_word' id='word_1_389' title='bbox 1819 500 1860 533; x_wconf 93' lang='lat' dir='ltr'>In</span> <span class='ocrx_word' id='word_1_390' title='bbox 1891 498 1946 533; x_wconf 84' lang='lat' dir='ltr'>his</span> <span class='ocrx_word' id='word_1_391' title='bbox 1980 500 2231 545; x_wconf 77' lang='lat' dir='ltr'>promissiones</span> 
     </span>
     <span class='ocr_line' id='line_1_62' title="bbox 1241 551 2231 594; baseline 0 -10"><span class='ocrx_word' id='word_1_392' title='bbox 1241 551 1308 584; x_wconf 91' lang='lat' dir='ltr'>Dei</span> <span class='ocrx_word' id='word_1_393' title='bbox 1324 552 1536 591; x_wconf 87' lang='lat' dir='ltr'>intueamur,</span> <span class='ocrx_word' id='word_1_394' title='bbox 1562 558 1593 584; x_wconf 93' lang='lat' dir='ltr'>et</span> <span class='ocrx_word' id='word_1_395' title='bbox 1609 563 1664 584; x_wconf 92' lang='lat' dir='ltr'>eas</span> <span class='ocrx_word' id='word_1_396' title='bbox 1679 559 1770 585; x_wconf 91' lang='lat' dir='ltr'>recte</span> <span class='ocrx_word' id='word_1_397' title='bbox 1786 552 2035 594; x_wconf 73' lang='lat' dir='ltr'>intelligamus,</span> <span class='ocrx_word' id='word_1_398' title='bbox 2063 558 2096 585; x_wconf 85' lang='lat' dir='ltr'>et</span> <span class='ocrx_word' id='word_1_399' title='bbox 2111 563 2231 585; x_wconf 86' lang='lat' dir='ltr'>earum</span> 
     </span>
     <span class='ocr_line' id='line_1_63' title="bbox 1240 602 2232 640; baseline 0 -5"><span class='ocrx_word' id='word_1_400' title='bbox 1240 602 1316 635; x_wconf 92' lang='lat' dir='ltr'>voci</span> <span class='ocrx_word' id='word_1_401' title='bbox 1340 602 1387 634; x_wconf 91' lang='lat' dir='ltr'>ita</span> <span class='ocrx_word' id='word_1_402' title='bbox 1413 603 1615 640; x_wconf 86' lang='lat' dir='ltr'>credamus,</span> <span class='ocrx_word' id='word_1_403' title='bbox 1649 614 1687 635; x_wconf 90' lang='lat' dir='ltr'>ac</span> <span class='ocrx_word' id='word_1_404' title='bbox 1711 603 1739 635; x_wconf 94' lang='lat' dir='ltr'>si</span> <span class='ocrx_word' id='word_1_405' title='bbox 1764 615 1892 636; x_wconf 88' lang='lat' dir='ltr'>novam</span> <span class='ocrx_word' id='word_1_406' title='bbox 1920 614 2039 635; x_wconf 73' lang='lat' dir='ltr'>vocem</span> <span class='ocrx_word' id='word_1_407' title='bbox 2066 603 2109 635; x_wconf 90' lang='lat' dir='ltr'>de</span> <span class='ocrx_word' id='word_1_408' title='bbox 2133 602 2232 636; x_wconf 89' lang='lat' dir='ltr'>coelo</span> 
     </span>
     <span class='ocr_line' id='line_1_64' title="bbox 1240 651 2233 698; baseline 0 -13"><span class='ocrx_word' id='word_1_409' title='bbox 1240 660 1424 686; x_wconf 89' lang='lat' dir='ltr'>sonantem</span> <span class='ocrx_word' id='word_1_410' title='bbox 1450 652 1664 687; x_wconf 84' lang='lat' dir='ltr'>audiremus.</span> <span class='ocrx_word' id='word_1_411' title='bbox 1716 651 1877 698; x_wconf 87' lang='lat' dir='ltr'>Cumque</span> <span class='ocrx_word' id='word_1_412' title='bbox 1903 653 1939 685; x_wconf 90' lang='lat' dir='ltr'>in</span> <span class='ocrx_word' id='word_1_413' title='bbox 1963 653 2153 696; x_wconf 86' lang='lat' dir='ltr'>pavoribus</span> <span class='ocrx_word' id='word_1_414' title='bbox 2167 663 2233 686; x_wconf 87' lang='lat' dir='ltr'>nos</span> 
     </span>
     <span class='ocr_line' id='line_1_65' title="bbox 1240 703 2233 749; baseline 0.001 -13"><span class='ocrx_word' id='word_1_415' title='bbox 1240 705 1306 736; x_wconf 90' lang='lat' dir='ltr'>fide</span> <span class='ocrx_word' id='word_1_416' title='bbox 1324 710 1570 744; x_wconf 85' lang='lat' dir='ltr'>sustentamus,</span> <span class='ocrx_word' id='word_1_417' title='bbox 1598 703 1771 737; x_wconf 89' lang='lat' dir='ltr'>discemus</span> <span class='ocrx_word' id='word_1_418' title='bbox 1788 705 1873 749; x_wconf 88' lang='lat' dir='ltr'>qnid</span> <span class='ocrx_word' id='word_1_419' title='bbox 1891 704 1933 737; x_wconf 91' lang='lat' dir='ltr'>sit</span> <span class='ocrx_word' id='word_1_420' title='bbox 1949 704 2045 745; x_wconf 89' lang='lat' dir='ltr'>fides,</span> <span class='ocrx_word' id='word_1_421' title='bbox 2074 711 2107 738; x_wconf 90' lang='lat' dir='ltr'>et</span> <span class='ocrx_word' id='word_1_422' title='bbox 2123 716 2233 737; x_wconf 89' lang='lat' dir='ltr'>even-</span> 
     </span>
     <span class='ocr_line' id='line_1_66' title="bbox 1242 751 2233 799; baseline -0.001 -11"><span class='ocrx_word' id='word_1_423' title='bbox 1242 762 1296 788; x_wconf 89' lang='lat' dir='ltr'>tus</span> <span class='ocrx_word' id='word_1_424' title='bbox 1315 755 1560 794; x_wconf 88' lang='lat' dir='ltr'>testabnntur,</span> <span class='ocrx_word' id='word_1_425' title='bbox 1586 751 1677 787; x_wconf 84' lang='lat' dir='ltr'>hanc</span> <span class='ocrx_word' id='word_1_426' title='bbox 1696 755 1798 787; x_wconf 86' lang='lat' dir='ltr'>fidem</span> <span class='ocrx_word' id='word_1_427' title='bbox 1818 767 1890 787; x_wconf 92' lang='lat' dir='ltr'>non</span> <span class='ocrx_word' id='word_1_428' title='bbox 1906 766 1976 787; x_wconf 85' lang='lat' dir='ltr'>esse</span> <span class='ocrx_word' id='word_1_429' title='bbox 1993 755 2137 789; x_wconf 87' lang='lat' dir='ltr'>inanem</span> <span class='ocrx_word' id='word_1_430' title='bbox 2154 754 2233 799; x_wconf 91' lang='lat' dir='ltr'>opi-</span> 
     </span>
     <span class='ocr_line' id='line_1_67' title="bbox 1240 805 2235 847; baseline 0.001 -9"><span class='ocrx_word' id='word_1_431' title='bbox 1240 806 1402 845; x_wconf 89' lang='lat' dir='ltr'>nionem,</span> <span class='ocrx_word' id='word_1_432' title='bbox 1436 812 1469 838; x_wconf 89' lang='lat' dir='ltr'>et</span> <span class='ocrx_word' id='word_1_433' title='bbox 1499 805 1759 838; x_wconf 82' lang='lat' dir='ltr'>invocationem</span> <span class='ocrx_word' id='word_1_434' title='bbox 1794 818 1868 838; x_wconf 92' lang='lat' dir='ltr'>non</span> <span class='ocrx_word' id='word_1_435' title='bbox 1898 817 1972 838; x_wconf 82' lang='lat' dir='ltr'>esse</span> <span class='ocrx_word' id='word_1_436' title='bbox 2007 807 2162 847; x_wconf 87' lang='lat' dir='ltr'>irritam,</span> <span class='ocrx_word' id='word_1_437' title='bbox 2194 811 2235 839; x_wconf 85' lang='lat' dir='ltr'>ut</span> 
     </span>
     <span class='ocr_line' id='line_1_68' title="bbox 1240 853 2235 901; baseline 0 -12"><span class='ocrx_word' id='word_1_438' title='bbox 1240 856 1406 900; x_wconf 82' lang='lat' dir='ltr'>Epicurei</span> <span class='ocrx_word' id='word_1_439' title='bbox 1438 862 1471 889; x_wconf 90' lang='lat' dir='ltr'>et</span> <span class='ocrx_word' id='word_1_440' title='bbox 1497 853 1700 901; x_wconf 80' lang='lat' dir='ltr'>hypocritae</span> <span class='ocrx_word' id='word_1_441' title='bbox 1732 856 1899 891; x_wconf 85' lang='lat' dir='ltr'>iudicant.</span> <span class='ocrx_word' id='word_1_442' title='bbox 1971 855 2022 889; x_wconf 86' lang='lat' dir='ltr'>Ac</span> <span class='ocrx_word' id='word_1_443' title='bbox 2053 857 2099 890; x_wconf 90' lang='lat' dir='ltr'>ita</span> <span class='ocrx_word' id='word_1_444' title='bbox 2126 856 2235 901; x_wconf 84' lang='lat' dir='ltr'>profi-</span> 
     </span>
     <span class='ocr_line' id='line_1_69' title="bbox 1242 907 2236 950; baseline -0.001 -10"><span class='ocrx_word' id='word_1_445' title='bbox 1242 908 1407 940; x_wconf 86' lang='lat' dir='ltr'>ciendum</span> <span class='ocrx_word' id='word_1_446' title='bbox 1437 907 1540 939; x_wconf 89' lang='lat' dir='ltr'>nobis</span> <span class='ocrx_word' id='word_1_447' title='bbox 1573 913 1640 948; x_wconf 86' lang='lat' dir='ltr'>est,</span> <span class='ocrx_word' id='word_1_448' title='bbox 1675 914 1714 940; x_wconf 93' lang='lat' dir='ltr'>ut</span> <span class='ocrx_word' id='word_1_449' title='bbox 1745 907 1824 950; x_wconf 89' lang='lat' dir='ltr'>plus</span> <span class='ocrx_word' id='word_1_450' title='bbox 1859 907 1945 940; x_wconf 88' lang='lat' dir='ltr'>lucis</span> <span class='ocrx_word' id='word_1_451' title='bbox 1973 907 2016 940; x_wconf 90' lang='lat' dir='ltr'>sit</span> <span class='ocrx_word' id='word_1_452' title='bbox 2042 908 2079 940; x_wconf 93' lang='lat' dir='ltr'>in</span> <span class='ocrx_word' id='word_1_453' title='bbox 2102 907 2236 941; x_wconf 84' lang='lat' dir='ltr'>nostris</span> 
     </span>
     <span class='ocr_line' id='line_1_70' title="bbox 1241 957 2236 1003; baseline 0 -13"><span class='ocrx_word' id='word_1_454' title='bbox 1241 959 1419 991; x_wconf 85' lang='lat' dir='ltr'>mentibus</span> <span class='ocrx_word' id='word_1_455' title='bbox 1451 960 1493 990; x_wconf 87' lang='lat' dir='ltr'>de</span> <span class='ocrx_word' id='word_1_456' title='bbox 1526 957 1601 991; x_wconf 89' lang='lat' dir='ltr'>Deo</span> <span class='ocrx_word' id='word_1_457' title='bbox 1634 969 1672 990; x_wconf 91' lang='lat' dir='ltr'>ac</span> <span class='ocrx_word' id='word_1_458' title='bbox 1706 957 2019 1001; x_wconf 77' lang='lat' dir='ltr'>promissionibus,</span> <span class='ocrx_word' id='word_1_459' title='bbox 2060 970 2164 1003; x_wconf 85' lang='lat' dir='ltr'>quam</span> <span class='ocrx_word' id='word_1_460' title='bbox 2196 958 2236 991; x_wconf 88' lang='lat' dir='ltr'>in</span> 
     </span>
     <span class='ocr_line' id='line_1_71' title="bbox 1242 1006 2235 1053; baseline 0 -12"><span class='ocrx_word' id='word_1_461' title='bbox 1242 1007 1427 1052; x_wconf 81' lang='lat' dir='ltr'>Epicureis</span> <span class='ocrx_word' id='word_1_462' title='bbox 1451 1015 1509 1041; x_wconf 89' lang='lat' dir='ltr'>aut</span> <span class='ocrx_word' id='word_1_463' title='bbox 1528 1006 1722 1053; x_wconf 82' lang='lat' dir='ltr'>hypocritis</span> <span class='ocrx_word' id='word_1_464' title='bbox 1741 1021 1812 1042; x_wconf 86' lang='lat' dir='ltr'>esse</span> <span class='ocrx_word' id='word_1_465' title='bbox 1830 1009 1930 1044; x_wconf 85' lang='lat' dir='ltr'>solet.</span> <span class='ocrx_word' id='word_1_466' title='bbox 1993 1007 2083 1042; x_wconf 90' lang='lat' dir='ltr'>Cum</span> <span class='ocrx_word' id='word_1_467' title='bbox 2102 1006 2159 1042; x_wconf 87' lang='lat' dir='ltr'>hic</span> <span class='ocrx_word' id='word_1_468' title='bbox 2177 1009 2235 1042; x_wconf 91' lang='lat' dir='ltr'>iu-</span> 
     </span>
     <span class='ocr_line' id='line_1_72' title="bbox 1243 1058 2236 1104; baseline 0 -12"><span class='ocrx_word' id='word_1_469' title='bbox 1243 1060 1322 1093; x_wconf 88' lang='lat' dir='ltr'>beat</span> <span class='ocrx_word' id='word_1_470' title='bbox 1346 1058 1442 1092; x_wconf 87' lang='lat' dir='ltr'>Deus</span> <span class='ocrx_word' id='word_1_471' title='bbox 1476 1071 1511 1091; x_wconf 89' lang='lat' dir='ltr'>se</span> <span class='ocrx_word' id='word_1_472' title='bbox 1544 1059 1701 1092; x_wconf 80' lang='lat' dir='ltr'>invocari</span> <span class='ocrx_word' id='word_1_473' title='bbox 1734 1060 1770 1092; x_wconf 92' lang='lat' dir='ltr'>in</span> <span class='ocrx_word' id='word_1_474' title='bbox 1799 1060 1981 1103; x_wconf 90' lang='lat' dir='ltr'>periculis,</span> <span class='ocrx_word' id='word_1_475' title='bbox 2015 1061 2236 1104; x_wconf 90' lang='lat' dir='ltr'>obtempere-</span> 
     </span>
     <span class='ocr_line' id='line_1_73' title="bbox 1245 1110 2237 1154; baseline 0.002 -12"><span class='ocrx_word' id='word_1_476' title='bbox 1245 1122 1339 1149; x_wconf 88' lang='lat' dir='ltr'>mus,</span> <span class='ocrx_word' id='word_1_477' title='bbox 1375 1122 1524 1154; x_wconf 89' lang='lat' dir='ltr'>cumque</span> <span class='ocrx_word' id='word_1_478' title='bbox 1547 1110 1652 1143; x_wconf 86' lang='lat' dir='ltr'>addat</span> <span class='ocrx_word' id='word_1_479' title='bbox 1676 1110 1964 1154; x_wconf 86' lang='lat' dir='ltr'>promissionem,</span> <span class='ocrx_word' id='word_1_480' title='bbox 1999 1111 2074 1144; x_wconf 85' lang='lat' dir='ltr'>vult</span> <span class='ocrx_word' id='word_1_481' title='bbox 2096 1112 2237 1144; x_wconf 84' lang='lat' dir='ltr'>credere</span> 
     </span>
     <span class='ocr_line' id='line_1_74' title="bbox 1245 1161 2053 1205; baseline 0 -10"><span class='ocrx_word' id='word_1_482' title='bbox 1245 1162 1330 1195; x_wconf 89' lang='lat' dir='ltr'>tales</span> <span class='ocrx_word' id='word_1_483' title='bbox 1348 1161 1600 1205; x_wconf 89' lang='lat' dir='ltr'>promissiones</span> <span class='ocrx_word' id='word_1_484' title='bbox 1617 1174 1691 1194; x_wconf 91' lang='lat' dir='ltr'>non</span> <span class='ocrx_word' id='word_1_485' title='bbox 1709 1173 1781 1194; x_wconf 89' lang='lat' dir='ltr'>esse</span> <span class='ocrx_word' id='word_1_486' title='bbox 1798 1162 1920 1195; x_wconf 87' lang='lat' dir='ltr'>inanes</span> <span class='ocrx_word' id='word_1_487' title='bbox 1937 1173 2053 1197; x_wconf 89' lang='lat' dir='ltr'>sonos.</span> 
     </span>
    </p>
   </div>
   <div class='ocr_carea' id='block_1_11' title="bbox 1246 1236 2238 1533">
    <p class='ocr_par' dir='ltr' id='par_1_11' title="bbox 1246 1236 2238 1533">
     <span class='ocr_line' id='line_1_75' title="bbox 1348 1236 2238 1282; baseline -0.001 -11"><span class='ocrx_word' id='word_1_488' title='bbox 1348 1237 1417 1271; x_wconf 87' lang='lat' dir='ltr'>Sed</span> <span class='ocrx_word' id='word_1_489' title='bbox 1436 1237 1546 1270; x_wconf 89' lang='lat' dir='ltr'>dices:</span> <span class='ocrx_word' id='word_1_490' title='bbox 1574 1236 1652 1270; x_wconf 92' lang='lat' dir='ltr'>Hae</span> <span class='ocrx_word' id='word_1_491' title='bbox 1670 1237 1921 1282; x_wconf 88' lang='lat' dir='ltr'>promissiones</span> <span class='ocrx_word' id='word_1_492' title='bbox 1937 1245 2031 1271; x_wconf 88' lang='lat' dir='ltr'>ratae</span> <span class='ocrx_word' id='word_1_493' title='bbox 2048 1243 2130 1271; x_wconf 86' lang='lat' dir='ltr'>sunt</span> <span class='ocrx_word' id='word_1_494' title='bbox 2147 1237 2238 1270; x_wconf 87' lang='lat' dir='ltr'>bene</span> 
     </span>
     <span class='ocr_line' id='line_1_76' title="bbox 1247 1287 2236 1333; baseline -0.001 -12"><span class='ocrx_word' id='word_1_495' title='bbox 1247 1288 1392 1322; x_wconf 80' lang='lat' dir='ltr'>meritis.</span> <span class='ocrx_word' id='word_1_496' title='bbox 1472 1287 1545 1320; x_wconf 90' lang='lat' dir='ltr'>lmo</span> <span class='ocrx_word' id='word_1_497' title='bbox 1582 1295 1676 1322; x_wconf 89' lang='lat' dir='ltr'>ratae</span> <span class='ocrx_word' id='word_1_498' title='bbox 1714 1296 1796 1322; x_wconf 90' lang='lat' dir='ltr'>sunt</span> <span class='ocrx_word' id='word_1_499' title='bbox 1832 1296 1975 1333; x_wconf 88' lang='lat' dir='ltr'>propter</span> <span class='ocrx_word' id='word_1_500' title='bbox 2000 1288 2236 1321; x_wconf 72' lang='lat' dir='ltr'>Mediator-em</span> 
     </span>
     <span class='ocr_line' id='line_1_77' title="bbox 1246 1338 2237 1382; baseline -0.001 -10"><span class='ocrx_word' id='word_1_501' title='bbox 1246 1339 1412 1372; x_wconf 88' lang='lat' dir='ltr'>omnibus</span> <span class='ocrx_word' id='word_1_502' title='bbox 1439 1339 1481 1371; x_wconf 90' lang='lat' dir='ltr'>ad</span> <span class='ocrx_word' id='word_1_503' title='bbox 1506 1350 1584 1371; x_wconf 90' lang='lat' dir='ltr'>eum</span> <span class='ocrx_word' id='word_1_504' title='bbox 1604 1339 1899 1382; x_wconf 86' lang='lat' dir='ltr'>confugientibus.</span> <span class='ocrx_word' id='word_1_505' title='bbox 1952 1338 1998 1372; x_wconf 92' lang='lat' dir='ltr'>Et</span> <span class='ocrx_word' id='word_1_506' title='bbox 2019 1351 2097 1372; x_wconf 89' lang='lat' dir='ltr'>cum</span> <span class='ocrx_word' id='word_1_507' title='bbox 2114 1349 2237 1372; x_wconf 88' lang='lat' dir='ltr'>omnes</span> 
     </span>
     <span class='ocr_line' id='line_1_78' title="bbox 1246 1387 2237 1433; baseline 0 -11"><span class='ocrx_word' id='word_1_508' title='bbox 1246 1390 1317 1422; x_wconf 90' lang='lat' dir='ltr'>sint</span> <span class='ocrx_word' id='word_1_509' title='bbox 1334 1389 1402 1429; x_wconf 84' lang='lat' dir='ltr'>rei,</span> <span class='ocrx_word' id='word_1_510' title='bbox 1432 1401 1569 1421; x_wconf 91' lang='lat' dir='ltr'>necesse</span> <span class='ocrx_word' id='word_1_511' title='bbox 1587 1395 1636 1422; x_wconf 88' lang='lat' dir='ltr'>est</span> <span class='ocrx_word' id='word_1_512' title='bbox 1653 1387 1743 1422; x_wconf 85' lang='lat' dir='ltr'>hanc</span> <span class='ocrx_word' id='word_1_513' title='bbox 1757 1390 1859 1422; x_wconf 87' lang='lat' dir='ltr'>fidem</span> <span class='ocrx_word' id='word_1_514' title='bbox 1877 1391 1919 1422; x_wconf 90' lang='lat' dir='ltr'>de</span> <span class='ocrx_word' id='word_1_515' title='bbox 1936 1389 2140 1422; x_wconf 88' lang='lat' dir='ltr'>remissione</span> <span class='ocrx_word' id='word_1_516' title='bbox 2157 1401 2237 1433; x_wconf 89' lang='lat' dir='ltr'>pec-</span> 
     </span>
     <span class='ocr_line' id='line_1_79' title="bbox 1247 1439 2238 1484; baseline -0.001 -12"><span class='ocrx_word' id='word_1_517' title='bbox 1247 1447 1402 1472; x_wconf 87' lang='lat' dir='ltr'>catorum</span> <span class='ocrx_word' id='word_1_518' title='bbox 1429 1440 1630 1483; x_wconf 86' lang='lat' dir='ltr'>praelucere</span> <span class='ocrx_word' id='word_1_519' title='bbox 1654 1440 1692 1473; x_wconf 89' lang='lat' dir='ltr'>in</span> <span class='ocrx_word' id='word_1_520' title='bbox 1715 1441 1813 1473; x_wconf 89' lang='lat' dir='ltr'>omni</span> <span class='ocrx_word' id='word_1_521' title='bbox 1838 1441 2060 1474; x_wconf 87' lang='lat' dir='ltr'>invocatione</span> <span class='ocrx_word' id='word_1_522' title='bbox 2085 1441 2122 1472; x_wconf 92' lang='lat' dir='ltr'>in</span> <span class='ocrx_word' id='word_1_523' title='bbox 2143 1439 2238 1484; x_wconf 87' lang='lat' dir='ltr'>peri-</span> 
     </span>
     <span class='ocr_line' id='line_1_80' title="bbox 1247 1491 1552 1533; baseline -0.003 -10"><span class='ocrx_word' id='word_1_524' title='bbox 1247 1491 1333 1523; x_wconf 91' lang='lat' dir='ltr'>culis</span> <span class='ocrx_word' id='word_1_525' title='bbox 1351 1502 1552 1533; x_wconf 88' lang='lat' dir='ltr'>corporum.</span> 
     </span>
    </p>
   </div>
   <div class='ocr_carea' id='block_1_12' title="bbox 1248 1566 2279 1969">
    <p class='ocr_par' dir='ltr' id='par_1_12' title="bbox 1248 1566 2279 1969">
     <span class='ocr_line' id='line_1_81' title="bbox 1350 1566 2238 1612; baseline 0.003 -14"><span class='ocrx_word' id='word_1_526' title='bbox 1350 1566 1444 1599; x_wconf 91' lang='lat' dir='ltr'>Haec</span> <span class='ocrx_word' id='word_1_527' title='bbox 1466 1567 1508 1599; x_wconf 92' lang='lat' dir='ltr'>de</span> <span class='ocrx_word' id='word_1_528' title='bbox 1526 1573 1733 1609; x_wconf 83' lang='lat' dir='ltr'>argumento</span> <span class='ocrx_word' id='word_1_529' title='bbox 1750 1566 1882 1600; x_wconf 90' lang='lat' dir='ltr'>Psalmi</span> <span class='ocrx_word' id='word_1_530' title='bbox 1901 1574 1933 1601; x_wconf 89' lang='lat' dir='ltr'>et</span> <span class='ocrx_word' id='word_1_531' title='bbox 1951 1567 2137 1612; x_wconf 87' lang='lat' dir='ltr'>praecipua</span> <span class='ocrx_word' id='word_1_532' title='bbox 2153 1579 2238 1612; x_wconf 90' lang='lat' dir='ltr'>pro-</span> 
     </span>
     <span class='ocr_line' id='line_1_82' title="bbox 1248 1617 2239 1661; baseline 0.003 -12"><span class='ocrx_word' id='word_1_533' title='bbox 1248 1617 1424 1661; x_wconf 89' lang='lat' dir='ltr'>positione</span> <span class='ocrx_word' id='word_1_534' title='bbox 1449 1618 1628 1650; x_wconf 87' lang='lat' dir='ltr'>monuisse</span> <span class='ocrx_word' id='word_1_535' title='bbox 1649 1618 1732 1651; x_wconf 90' lang='lat' dir='ltr'>satis</span> <span class='ocrx_word' id='word_1_536' title='bbox 1748 1618 1810 1659; x_wconf 86' lang='lat' dir='ltr'>sit,</span> <span class='ocrx_word' id='word_1_537' title='bbox 1836 1625 1876 1651; x_wconf 91' lang='lat' dir='ltr'>ut</span> <span class='ocrx_word' id='word_1_538' title='bbox 1894 1630 2030 1652; x_wconf 90' lang='lat' dir='ltr'>summa</span> <span class='ocrx_word' id='word_1_539' title='bbox 2047 1620 2165 1652; x_wconf 85' lang='lat' dir='ltr'>dextre</span> <span class='ocrx_word' id='word_1_540' title='bbox 2181 1619 2239 1651; x_wconf 88' lang='lat' dir='ltr'>in-</span> 
     </span>
     <span class='ocr_line' id='line_1_83' title="bbox 1248 1667 2239 1713; baseline 0.001 -11"><span class='ocrx_word' id='word_1_541' title='bbox 1248 1668 1436 1711; x_wconf 82' lang='lat' dir='ltr'>telligatur.</span> <span class='ocrx_word' id='word_1_542' title='bbox 1490 1667 1643 1713; x_wconf 85' lang='lat' dir='ltr'>Reliqua</span> <span class='ocrx_word' id='word_1_543' title='bbox 1662 1680 1740 1712; x_wconf 90' lang='lat' dir='ltr'>pars</span> <span class='ocrx_word' id='word_1_544' title='bbox 1757 1681 1774 1702; x_wconf 92' lang='lat' dir='ltr'>a</span> <span class='ocrx_word' id='word_1_545' title='bbox 1796 1681 1898 1702; x_wconf 85' lang='lat' dir='ltr'>versu</span> <span class='ocrx_word' id='word_1_546' title='bbox 1916 1669 2090 1703; x_wconf 89' lang='lat' dir='ltr'>sedecimo</span> <span class='ocrx_word' id='word_1_547' title='bbox 2108 1676 2158 1703; x_wconf 87' lang='lat' dir='ltr'>est</span> <span class='ocrx_word' id='word_1_548' title='bbox 2174 1669 2239 1703; x_wconf 83' lang='lat' dir='ltr'>ob·-</span> 
     </span>
     <span class='ocr_line' id='line_1_84' title="bbox 1248 1717 2238 1764; baseline 0.003 -13"><span class='ocrx_word' id='word_1_549' title='bbox 1248 1719 1399 1761; x_wconf 80' lang='lat' dir='ltr'>iurgatio</span> <span class='ocrx_word' id='word_1_550' title='bbox 1423 1717 1707 1764; x_wconf 84' lang='lat' dir='ltr'>hypocritarum,</span> <span class='ocrx_word' id='word_1_551' title='bbox 1733 1720 1795 1764; x_wconf 90' lang='lat' dir='ltr'>qui</span> <span class='ocrx_word' id='word_1_552' title='bbox 1818 1720 2017 1764; x_wconf 86' lang='lat' dir='ltr'>opprimere</span> <span class='ocrx_word' id='word_1_553' title='bbox 2041 1732 2156 1754; x_wconf 90' lang='lat' dir='ltr'>veram</span> <span class='ocrx_word' id='word_1_554' title='bbox 2175 1721 2238 1754; x_wconf 85' lang='lat' dir='ltr'>do-</span> 
     </span>
     <span class='ocr_line' id='line_1_85' title="bbox 1248 1764 2279 1810; baseline 0.001 -7"><span class='ocrx_word' id='word_1_555' title='bbox 1248 1770 1381 1803; x_wconf 81' lang='lat' dir='ltr'>ctrinae</span> <span class='ocrx_word' id='word_1_556' title='bbox 1404 1769 1535 1810; x_wconf 87' lang='lat' dir='ltr'>lucem,</span> <span class='ocrx_word' id='word_1_557' title='bbox 1562 1771 1605 1803; x_wconf 89' lang='lat' dir='ltr'>de</span> <span class='ocrx_word' id='word_1_558' title='bbox 1628 1771 1695 1803; x_wconf 92' lang='lat' dir='ltr'>fide</span> <span class='ocrx_word' id='word_1_559' title='bbox 1719 1777 1752 1804; x_wconf 90' lang='lat' dir='ltr'>et</span> <span class='ocrx_word' id='word_1_560' title='bbox 1769 1783 1849 1804; x_wconf 89' lang='lat' dir='ltr'>vera</span> <span class='ocrx_word' id='word_1_561' title='bbox 1866 1771 2089 1805; x_wconf 84' lang='lat' dir='ltr'>invocatione</span> <span class='ocrx_word' id='word_1_562' title='bbox 2105 1783 2239 1805; x_wconf 89' lang='lat' dir='ltr'>conan-</span> <span class='ocrx_word' id='word_1_563' title='bbox 2275 1764 2279 1768; x_wconf 59' lang='grc'><strong>’</strong></span> 
     </span>
     <span class='ocr_line' id='line_1_86' title="bbox 1248 1821 2238 1858; baseline 0.002 -5"><span class='ocrx_word' id='word_1_564' title='bbox 1248 1828 1325 1858; x_wconf 86' lang='lat' dir='ltr'>tur,</span> <span class='ocrx_word' id='word_1_565' title='bbox 1351 1827 1384 1854; x_wconf 88' lang='lat' dir='ltr'>et</span> <span class='ocrx_word' id='word_1_566' title='bbox 1407 1821 1586 1854; x_wconf 85' lang='lat' dir='ltr'>saevitiam</span> <span class='ocrx_word' id='word_1_567' title='bbox 1611 1822 1778 1854; x_wconf 85' lang='lat' dir='ltr'>adversus</span> <span class='ocrx_word' id='word_1_568' title='bbox 1795 1834 1911 1855; x_wconf 89' lang='lat' dir='ltr'>veram</span> <span class='ocrx_word' id='word_1_569' title='bbox 1929 1821 2120 1855; x_wconf 86' lang='lat' dir='ltr'>Ecclesiam</span> <span class='ocrx_word' id='word_1_570' title='bbox 2139 1834 2238 1856; x_wconf 85' lang='lat' dir='ltr'>exer-</span> 
     </span>
     <span class='ocr_line' id='line_1_87' title="bbox 1249 1872 2238 1916; baseline 0.002 -12"><span class='ocrx_word' id='word_1_571' title='bbox 1249 1879 1345 1912; x_wconf 87' lang='lat' dir='ltr'>cent,</span> <span class='ocrx_word' id='word_1_572' title='bbox 1386 1878 1423 1904; x_wconf 90' lang='lat' dir='ltr'>ut</span> <span class='ocrx_word' id='word_1_573' title='bbox 1453 1883 1534 1904; x_wconf 89' lang='lat' dir='ltr'>suos</span> <span class='ocrx_word' id='word_1_574' title='bbox 1560 1872 1649 1905; x_wconf 91' lang='lat' dir='ltr'>ritus</span> <span class='ocrx_word' id='word_1_575' title='bbox 1677 1879 1710 1905; x_wconf 90' lang='lat' dir='ltr'>et</span> <span class='ocrx_word' id='word_1_576' title='bbox 1734 1873 1921 1916; x_wconf 89' lang='lat' dir='ltr'>opiniones</span> <span class='ocrx_word' id='word_1_577' title='bbox 1947 1873 2140 1913; x_wconf 86' lang='lat' dir='ltr'>retineant,</span> <span class='ocrx_word' id='word_1_578' title='bbox 2181 1873 2238 1906; x_wconf 81' lang='lat' dir='ltr'>vel</span> 
     </span>
     <span class='ocr_line' id='line_1_88' title="bbox 1250 1923 2238 1969; baseline 0.001 -14"><span class='ocrx_word' id='word_1_579' title='bbox 1250 1929 1394 1966; x_wconf 84' lang='lat' dir='ltr'>propter</span> <span class='ocrx_word' id='word_1_580' title='bbox 1426 1923 1732 1966; x_wconf 86' lang='lat' dir='ltr'>superstitionem,</span> <span class='ocrx_word' id='word_1_581' title='bbox 1778 1924 1834 1956; x_wconf 84' lang='lat' dir='ltr'>vel</span> <span class='ocrx_word' id='word_1_582' title='bbox 1865 1930 2008 1968; x_wconf 88' lang='lat' dir='ltr'>propter</span> <span class='ocrx_word' id='word_1_583' title='bbox 2041 1930 2238 1969; x_wconf 85' lang='lat' dir='ltr'>quaestum,</span> 
     </span>
    </p>
   </div>
   <div class='ocr_carea' id='block_1_13' title="bbox 1222 1973 2239 2017">
    <p class='ocr_par' dir='ltr' id='par_1_13' title="bbox 1222 1973 2239 2017">
     <span class='ocr_line' id='line_1_89' title="bbox 1222 1973 2239 2017; baseline 0.002 -12"><span class='ocrx_word' id='word_1_584' title='bbox 1222 2008 1223 2013; x_wconf 19' lang='lat'>¹</span> <span class='ocrx_word' id='word_1_585' title='bbox 1249 1986 1292 2005; x_wconf 91' lang='lat' dir='ltr'>ne</span> <span class='ocrx_word' id='word_1_586' title='bbox 1319 1973 1496 2017; x_wconf 86' lang='lat' dir='ltr'>potentiae</span> <span class='ocrx_word' id='word_1_587' title='bbox 1521 1974 1621 2006; x_wconf 79' lang='lat' dir='ltr'>nervi</span> <span class='ocrx_word' id='word_1_588' title='bbox 1646 1974 1915 2015; x_wconf 85' lang='lat' dir='ltr'>labefactentur,</span> <span class='ocrx_word' id='word_1_589' title='bbox 1942 1981 1980 2008; x_wconf 90' lang='lat' dir='ltr'>nt</span> <span class='ocrx_word' id='word_1_590' title='bbox 1999 1986 2094 2008; x_wconf 90' lang='lat' dir='ltr'>nunc</span> <span class='ocrx_word' id='word_1_591' title='bbox 2113 1973 2239 2008; x_wconf 91' lang='lat' dir='ltr'>Ponti-</span> 
     </span>
    </p>
   </div>
   <div class='ocr_carea' id='block_1_14' title="bbox 1249 2022 2268 2467">
    <p class='ocr_par' dir='ltr' id='par_1_14' title="bbox 1249 2022 2268 2467">
     <span class='ocr_line' id='line_1_90' title="bbox 1250 2022 2238 2062; baseline 0.003 -6"><span class='ocrx_word' id='word_1_592' title='bbox 1250 2024 1348 2062; x_wconf 90' lang='lat' dir='ltr'>fices,</span> <span class='ocrx_word' id='word_1_593' title='bbox 1376 2022 1548 2057; x_wconf 87' lang='lat' dir='ltr'>Canonici</span> <span class='ocrx_word' id='word_1_594' title='bbox 1571 2031 1603 2057; x_wconf 92' lang='lat' dir='ltr'>et</span> <span class='ocrx_word' id='word_1_595' title='bbox 1628 2022 1798 2057; x_wconf 88' lang='lat' dir='ltr'>Monachi</span> <span class='ocrx_word' id='word_1_596' title='bbox 1823 2026 2039 2058; x_wconf 88' lang='lat' dir='ltr'>ceremonias</span> <span class='ocrx_word' id='word_1_597' title='bbox 2060 2037 2138 2059; x_wconf 88' lang='lat' dir='ltr'>snas</span> <span class='ocrx_word' id='word_1_598' title='bbox 2163 2038 2238 2059; x_wconf 88' lang='lat' dir='ltr'>ma-</span> 
     </span>
     <span class='ocr_line' id='line_1_91' title="bbox 1249 2075 2268 2122; baseline 0.003 -15"><span class='ocrx_word' id='word_1_599' title='bbox 1249 2087 1315 2118; x_wconf 85' lang='lat' dir='ltr'>gna</span> <span class='ocrx_word' id='word_1_600' title='bbox 1341 2075 1546 2108; x_wconf 89' lang='lat' dir='ltr'>crudelitate</span> <span class='ocrx_word' id='word_1_601' title='bbox 1571 2075 1778 2109; x_wconf 88' lang='lat' dir='ltr'>defendunt.</span> <span class='ocrx_word' id='word_1_602' title='bbox 1829 2075 1867 2108; x_wconf 77' lang='lat' dir='ltr'>Id</span> <span class='ocrx_word' id='word_1_603' title='bbox 1895 2077 2094 2118; x_wconf 79' lang='lat' dir='ltr'>exemplum</span> <span class='ocrx_word' id='word_1_604' title='bbox 2112 2077 2140 2110; x_wconf 91' lang='lat' dir='ltr'>si</span> <span class='ocrx_word' id='word_1_605' title='bbox 2158 2076 2238 2122; x_wconf 90' lang='lat' dir='ltr'>quis</span> <span class='ocrx_word' id='word_1_606' title='bbox 2261 2109 2268 2113; x_wconf 84' lang='grc'><em>,</em></span> 
     </span>
     <span class='ocr_line' id='line_1_92' title="bbox 1250 2125 2237 2169; baseline 0.002 -10"><span class='ocrx_word' id='word_1_607' title='bbox 1250 2126 1506 2166; x_wconf 85' lang='lat' dir='ltr'>considerabit,</span> <span class='ocrx_word' id='word_1_608' title='bbox 1541 2125 1667 2159; x_wconf 90' lang='lat' dir='ltr'>clarius</span> <span class='ocrx_word' id='word_1_609' title='bbox 1690 2126 1880 2169; x_wconf 85' lang='lat' dir='ltr'>intelliget,</span> <span class='ocrx_word' id='word_1_610' title='bbox 1916 2139 1978 2160; x_wconf 91' lang='lat' dir='ltr'>cur</span> <span class='ocrx_word' id='word_1_611' title='bbox 2002 2125 2058 2160; x_wconf 90' lang='lat' dir='ltr'>hic</span> <span class='ocrx_word' id='word_1_612' title='bbox 2084 2128 2237 2161; x_wconf 90' lang='lat' dir='ltr'>dicatur:</span> 
     </span>
     <span class='ocr_line' id='line_1_93' title="bbox 1249 2174 2238 2224; baseline 0.002 -14"><span class='ocrx_word' id='word_1_613' title='bbox 1249 2174 1385 2210; x_wconf 76' lang='lat' dir='ltr'>Sedens</span> <span class='ocrx_word' id='word_1_614' title='bbox 1404 2181 1529 2209; x_wconf 75' lang='lat' dir='ltr'>contra</span> <span class='ocrx_word' id='word_1_615' title='bbox 1540 2176 1702 2224; x_wconf 84' lang='lat' dir='ltr'>fratrem</span> <span class='ocrx_word' id='word_1_616' title='bbox 1720 2180 1820 2210; x_wconf 81' lang='lat' dir='ltr'>tuum</span> <span class='ocrx_word' id='word_1_617' title='bbox 1839 2175 2008 2224; x_wconf 78' lang='lat' dir='ltr'>loqueris,</span> <span class='ocrx_word' id='word_1_618' title='bbox 2037 2186 2099 2212; x_wconf 88' lang='lat' dir='ltr'>etc.</span> <span class='ocrx_word' id='word_1_619' title='bbox 2136 2177 2238 2212; x_wconf 85' lang='lat' dir='ltr'>Sem-</span> 
     </span>
     <span class='ocr_line' id='line_1_94' title="bbox 1250 2228 2238 2272; baseline 0.003 -12"><span class='ocrx_word' id='word_1_620' title='bbox 1250 2240 1310 2272; x_wconf 90' lang='lat' dir='ltr'>per</span> <span class='ocrx_word' id='word_1_621' title='bbox 1328 2228 1487 2261; x_wconf 83' lang='lat' dir='ltr'>doctriua</span> <span class='ocrx_word' id='word_1_622' title='bbox 1509 2229 1552 2260; x_wconf 91' lang='lat' dir='ltr'>de</span> <span class='ocrx_word' id='word_1_623' title='bbox 1568 2228 1772 2260; x_wconf 91' lang='lat' dir='ltr'>discrimine</span> <span class='ocrx_word' id='word_1_624' title='bbox 1790 2229 1863 2261; x_wconf 90' lang='lat' dir='ltr'>veri</span> <span class='ocrx_word' id='word_1_625' title='bbox 1883 2236 1916 2262; x_wconf 88' lang='lat' dir='ltr'>et</span> <span class='ocrx_word' id='word_1_626' title='bbox 1932 2229 2011 2261; x_wconf 87' lang='lat' dir='ltr'>falsi</span> <span class='ocrx_word' id='word_1_627' title='bbox 2031 2230 2146 2263; x_wconf 92' lang='lat' dir='ltr'>cultus</span> <span class='ocrx_word' id='word_1_628' title='bbox 2161 2241 2238 2263; x_wconf 85' lang='lat' dir='ltr'>ma-</span> 
     </span>
     <span class='ocr_line' id='line_1_95' title="bbox 1250 2278 2237 2325; baseline 0.004 -15"><span class='ocrx_word' id='word_1_629' title='bbox 1250 2290 1316 2322; x_wconf 84' lang='lat' dir='ltr'>gna</span> <span class='ocrx_word' id='word_1_630' title='bbox 1341 2279 1531 2311; x_wconf 89' lang='lat' dir='ltr'>certamina</span> <span class='ocrx_word' id='word_1_631' title='bbox 1560 2279 1739 2319; x_wconf 77' lang='lat' dir='ltr'>excitavit,</span> <span class='ocrx_word' id='word_1_632' title='bbox 1768 2287 1806 2313; x_wconf 92' lang='lat' dir='ltr'>ut</span> <span class='ocrx_word' id='word_1_633' title='bbox 1832 2281 2023 2313; x_wconf 86' lang='lat' dir='ltr'>ostendunt</span> <span class='ocrx_word' id='word_1_634' title='bbox 2040 2278 2237 2325; x_wconf 87' lang='lat' dir='ltr'>Propheta-</span> 
     </span>
     <span class='ocr_line' id='line_1_96' title="bbox 1249 2327 2235 2372; baseline 0.003 -11"><span class='ocrx_word' id='word_1_635' title='bbox 1249 2342 1349 2372; x_wconf 89' lang='lat' dir='ltr'>rum,</span> <span class='ocrx_word' id='word_1_636' title='bbox 1377 2327 1510 2363; x_wconf 88' lang='lat' dir='ltr'>Christi</span> <span class='ocrx_word' id='word_1_637' title='bbox 1528 2327 1823 2372; x_wconf 84' lang='lat' dir='ltr'>etApostolorum</span> <span class='ocrx_word' id='word_1_638' title='bbox 1842 2331 2098 2366; x_wconf 88' lang='lat' dir='ltr'>contentiones.</span> <span class='ocrx_word' id='word_1_639' title='bbox 2151 2330 2235 2363; x_wconf 88' lang='lat' dir='ltr'>Ideo</span> 
     </span>
     <span class='ocr_line' id='line_1_97' title="bbox 1249 2378 2236 2428; baseline 0.002 -15"><span class='ocrx_word' id='word_1_640' title='bbox 1249 2378 1305 2413; x_wconf 87' lang='lat' dir='ltr'>hic</span> <span class='ocrx_word' id='word_1_641' title='bbox 1332 2381 1368 2413; x_wconf 91' lang='lat' dir='ltr'>in</span> <span class='ocrx_word' id='word_1_642' title='bbox 1392 2381 1460 2413; x_wconf 90' lang='lat' dir='ltr'>fine</span> <span class='ocrx_word' id='word_1_643' title='bbox 1482 2379 1612 2413; x_wconf 88' lang='lat' dir='ltr'>Psalmi</span> <span class='ocrx_word' id='word_1_644' title='bbox 1636 2381 1823 2414; x_wconf 89' lang='lat' dir='ltr'>crudelitas</span> <span class='ocrx_word' id='word_1_645' title='bbox 1847 2379 2111 2428; x_wconf 78' lang='lat' dir='ltr'>hypocritarum</span> <span class='ocrx_word' id='word_1_646' title='bbox 2133 2393 2236 2415; x_wconf 88' lang='lat' dir='ltr'>accu-</span> 
     </span>
     <span class='ocr_line' id='line_1_98' title="bbox 1249 2439 1354 2467; baseline 0.019 -3"><span class='ocrx_word' id='word_1_647' title='bbox 1249 2439 1354 2467; x_wconf 87' lang='lat' dir='ltr'>satur.</span> 
     </span>
    </p>
   </div>
  </div>
 </body>
</html>
