2379 2948
276 104 367 137 1471

277 187 446 232 significat
467 185 596 220 Daniel
625 186 701 218 sore
733 184 874 227 exiguas
904 183 1033 228 copias.
1087 183 1261 218 Subleva-

279 240 423 279 buntur‚
448 237 574 282 inquit,
598 235 729 269 auxilio
746 235 907 278 parvulo,
959 232 1039 268 Etsi
1054 241 1169 269 autem
1186 247 1260 268 ma-

280 301 368 332 gnae
394 289 508 322 clades
535 286 757 330 accipiendae
779 291 904 326 erunt,
938 285 997 318 dat
1023 285 1116 318 enim
1139 284 1263 319 Eccle—

248 356 251 363 ·
280 341 329 373 sia
345 350 473 383 poenas
489 337 680 371 multorum
696 336 865 369 scelerum
877 361 886 376 ‚
912 341 1028 369 tamen
1043 334 1108 369 hac
1124 348 1183 380 spe
1198 347 1263 394 nos

281 398 531 428 sustentemus,
559 388 652 432 quod
672 387 813 420 tandem
835 386 996 431 reliquiis
1016 384 1191 420 Ecclesiae
1209 400 1263 419 vl-

282 440 389 474 ctoria
408 438 636 481 promittitur.
1193 488 1200 495 ⁶

384 488 488 522 Tales
512 487 768 521 consolationes
790 494 829 521 ut
846 499 1053 532 quaeramus
1070 495 1103 522 et
1121 489 1265 531 colliga-

281 551 378 582 mus,
407 540 480 583 ipsa
506 550 570 571 nos
594 546 791 581 temporum
816 539 959 572 saevitia
982 545 1090 582 coget.
1124 537 1187 596 ’Et
1206 551 1264 572 ex-

283 591 459 633 periemur
482 588 651 623 auxilium
668 588 751 629 Dei,
778 589 806 621 si
832 589 944 632 ipsum
970 590 1213 623 invocabimus
1231 596 1264 623 et

282 639 454 674 Ecclesias
471 647 607 674 nostras
622 650 844 684 propugnare
860 640 1077 674 conabimur.
1131 638 1263 674 Osten-

1168 2555 1359 2584 nAnls

854 98 978 133 mm„
1018 97 1133 133 MEL.
1164 98 1373 135 SCRPITA
1400 98 1698 138 EXEGETICA.

2202 115 2299 153 1472

1312 185 1403 219 dunt
1428 186 1570 220 tandem
1601 196 1764 232 eventus,
1789 188 1880 226 hanc
1913 191 2045 228 Psalmi
2071 209 2191 238 vocem
2222 213 2296 237 non

1314 246 1386 268 esse
1412 236 1566 270 irritam:
1593 236 1779 286 Lapidem
1802 254 1905 290 quem
1933 244 2213 292 reprobaverunt
2237 263 2298 286 ae-

1315 283 1522 330 dificantes,
1551 285 1611 322 lzic
1625 289 1751 335 factus
1767 297 1817 326 est
1834 293 1873 327 in
1890 300 1997 342 caput
2013 298 2159 344 anguli.
2211 301 2298 336 Dia-

1315 337 1418 371 bolus
1448 351 1509 383 per
1535 341 1742 376 domesticas
1768 344 1916 379 insidias
1941 355 1973 380 et
1997 355 2156 384 externos
2183 348 2299 387 hostes

1314 388 1461 422 molitur
1478 388 1655 425 Ecclesiae
1676 393 1830 432 exitium.
1884 396 1954 430 Sed
1979 399 2118 442 penitus
2140 413 2215 435 eam
2238 403 2299 436 de-

1316 439 1386 472 lere
1418 451 1490 472 non
1520 443 1666 485 poterit,
1708 445 1824 479 vincet
1852 445 1965 481 Filius
1993 448 2078 489 Dei,
2120 459 2153 486 et
2183 464 2299 487 serva-

1317 489 1367 522 bit
1405 491 1571 535 reliquias
1606 505 1702 535 suas,
1752 508 1817 530 nec
1847 497 1938 532 sinet
1970 511 2114 543 prorsus
2142 503 2300 547 extingui

1315 539 1428 573 lucem
1451 539 1655 586 Evangelii,
1688 552 1722 579 et
1753 545 1838 581 haec
1867 561 1948 583 vera
1976 551 2165 599 doctrinae
2185 555 2299 588 coele-

1315 590 1376 625 stis
1397 592 1524 628 studia.

1737 646 1879 683 Finis.

921 2613 1049 2637 TYPIS
1081 2615 1337 2639 Exr’nlzssnm
1370 2614 1656 2638 GEnAt'Enus.
