2379 2948
200 111 271 144 811

198 203 253 229 tae
273 195 319 229 ob
336 193 474 234 oeulos,
495 200 527 226 et
545 193 665 235 lugent
683 202 720 224 ac
738 191 939 232 clamitant,
966 203 1011 224 ne
1028 190 1190 224 funditus

200 246 359 280 deleatur
380 244 552 283 Ecclesia,
578 255 622 276 ne
638 242 706 286 ipsi
724 254 795 276 una
812 250 967 287 pereant.

304 305 397 338 Hinc
419 309 501 336 sunt
524 299 589 335 hae
610 313 712 335 voces
738 299 894 345 Capituli
918 301 995 337 10.:
1043 299 1191 343 Corripe

202 369 256 390 me
284 354 457 393 Domine,
490 359 722 386 veruntamen
755 352 792 385 in
818 352 968 392 iudicio,
999 359 1033 386 et
1059 363 1131 384 non
1154 350 1191 382 in

202 409 317 441 surore
335 412 407 444 tuo,
423 416 466 437 ue
484 404 574 437 forte
590 405 633 436 ad
650 401 803 436 nihilum
820 403 956 446 redigas
967 415 1032 444 me,
1050 401 1191 436 effunde

203 456 483 500 indignationem
505 462 600 488 tuam
618 467 723 499 super
741 453 873 488 Gentes
890 461 953 488 etc.

304 513 358 548 Ex
384 511 440 548 his
463 514 630 558 exemplis
657 514 765 547 multa
795 513 982 552 discimus,
1018 511 1192 550 videlicet,

203 567 331 600 debere
356 577 421 599 nos
444 565 537 598 affici
561 564 742 598 communi
760 564 857 598 luctu
874 576 939 609 pro
965 563 1113 607 peccatis
1129 574 1192 605 po-

203 617 298 663 puli,
339 624 370 650 et
400 616 507 649 simul
538 627 725 659 agnoscere
756 615 1030 648 immunditiem.
1090 612 1193 646 Nunc

205 679 347 714 quoque
372 673 574 711 grassantur
599 673 736 711 peccata
763 666 977 699 atrocissima
996 664 1193 703 idolatriae,

205 717 463 763 blasphemiae,
489 715 693 762 prophanae
720 717 924 761 opiniones,
952 723 984 749 et
1008 715 1191 759 turpitudo

206 770 322 804 omnis
339 769 488 813 generis.
533 767 628 801 Haec
646 780 719 801 non
739 767 950 815 aspiciamus
964 767 1039 799 sine
1061 766 1194 806 dolore,

206 821 281 855 sine
297 828 392 853 metu
417 817 614 852 horrendae
639 819 711 852 irae
727 817 812 858 Dei,
842 818 1032 861 cogitemus
1058 817 1194 861 impen-

206 874 287 905 dere
309 882 456 916 poenas,
491 877 525 903 et
547 871 793 914 deprecemur,
821 881 865 902 ne
889 869 1049 903 funditus
1073 880 1195 902 omnes

205 934 398 967 pereamus.

307 980 370 1016 Est
390 982 495 1016 etiam
512 981 673 1015 doctrina
690 981 947 1014 consideranda
966 981 1001 1014 in
1022 980 1095 1024 ipsa
1115 991 1195 1024 pre-

206 1034 360 1074 catione,
395 1030 547 1077 Oportet
575 1030 767 1066 Ecclesiam
802 1032 983 1075 castigari,
1018 1031 1108 1064 sicut
1138 1028 1195 1063 hic

206 1085 308 1118 dicit:
337 1083 486 1128 Corripe
502 1096 557 1116 me
576 1090 640 1117 etc.
697 1081 793 1115 Idem
816 1082 902 1116 dicit
915 1082 1000 1126 Cap.
1018 1082 1092 1116 31.:
1129 1080 1196 1116 Ca-

206 1135 337 1179 stigasti
355 1147 409 1167 me
427 1134 600 1174 Domine,
629 1140 661 1167 et
680 1134 840 1167 eruditus
857 1145 934 1166 sum
952 1133 1052 1178 quasi
1070 1133 1195 1165 iuven-

205 1187 304 1220 culus
330 1185 536 1220 indomitus.
591 1183 637 1218 Et
657 1181 723 1217 hae
749 1184 993 1228 castigationes
1017 1196 1089 1217 non
1114 1190 1196 1217 sunt

205 1238 309 1278 leves,
333 1238 391 1270 sed
407 1236 575 1269 videntur
588 1234 784 1279 significare
800 1247 942 1280 prorsus
960 1247 1024 1268 nos
1041 1235 1196 1269 abiectos

205 1295 237 1322 et
253 1289 437 1322 damnatos
453 1299 524 1320 esse
541 1299 559 1320 a
577 1285 664 1320 Deo.

308 1347 350 1380 In
375 1345 441 1380 hac
473 1346 668 1380 tentatione
693 1347 899 1380 consolatur
925 1344 1136 1386 Ecclesiam,
1164 1351 1196 1378 et

206 1401 307 1433 docet
327 1398 460 1442 imponi
479 1397 740 1439 castigationes,
764 1404 802 1430 ut
819 1408 1025 1430 revocemur
1044 1397 1086 1429 ad
1113 1407 1195 1439 poe-

207 1449 404 1489 nitentiam,
432 1446 478 1481 Et
496 1460 569 1481 non
584 1459 655 1481 esse
673 1448 891 1481 voluntatem
909 1447 991 1487 Dei,
1019 1453 1058 1480 ut
1076 1458 1197 1491 perea-

206 1513 294 1535 mus.
347 1499 431 1532 Ideo
451 1506 528 1532 orat
547 1510 582 1531 se
599 1498 729 1543 corripi
746 1498 782 1531 in
802 1498 951 1535 iudicio,
980 1509 1053 1530 non
1080 1498 1116 1529 in
1140 1498 1193 1530 fu-

206 1564 304 1591 rore,
332 1563 376 1583 ne
394 1550 533 1594 penitus
551 1556 678 1593 pereat.
731 1549 819 1582 Item
837 1548 921 1596 Cap.
933 1549 1010 1581 31.:
1040 1546 1196 1581 Contur-

205 1605 286 1637 bata
304 1608 386 1635 sunt
403 1601 535 1634 viscera
554 1612 628 1632 mea
646 1611 751 1643 super
771 1612 869 1640 eum,
898 1599 1068 1631 miserans
1092 1599 1195 1632 mise-

206 1654 321 1687 rabor.
377 1650 465 1685 Item
482 1649 568 1694 Cap.
584 1650 662 1683 20.:
698 1648 824 1693 Cogito
851 1661 955 1693 super
978 1660 1040 1681 vos
1066 1649 1197 1692 cogita-

206 1706 319 1738 tiones
338 1702 431 1747 pacis
449 1709 482 1735 et
498 1713 571 1735 non
589 1701 803 1740 afflictionis,
819 1707 857 1734 ut
872 1701 951 1733 dem
963 1700 1065 1732 vobis
1081 1700 1198 1740 finem,

207 1767 311 1801 quem
343 1753 551 1798 expectatis,
581 1758 613 1785 et
638 1751 849 1785 invocabitis
881 1763 955 1792 me,
991 1757 1023 1784 et
1048 1750 1144 1783 ibitis
1165 1757 1199 1784 et

206 1806 352 1840 orabitis
374 1816 449 1844 me,
476 1810 509 1837 et
532 1814 595 1846 ego
611 1802 795 1836 exaudiam
812 1814 884 1838 vos.
940 1801 1125 1844 Quaeretis
1143 1813 1197 1834 me

207 1864 240 1890 et
254 1855 459 1890 invenietis:
494 1853 583 1888 Cum
606 1853 826 1898 quaesieritis
851 1865 905 1886 me
933 1853 969 1885 in
996 1859 1069 1887 toto
1093 1853 1198 1886 corde

207 1914 322 1941 vestro
336 1934 344 1945 ‚
373 1905 535 1938 inveniar
554 1917 571 1937 a
589 1904 707 1945 vobis,
736 1905 784 1938 ait
801 1903 989 1937 Dominus.

309 1963 578 1999 Consideranda
609 1970 659 1996 est
684 1963 792 2007 igitur
822 1975 972 2008 persona
1000 1961 1198 2007 Prophetae

209 2017 361 2056 orantis,
390 2014 668 2048 considerandae
689 2021 774 2048 sunt
796 2021 829 2048 et
851 2015 945 2057 ipsae
969 2015 1198 2058 precationes,

209 2080 298 2113 quae
324 2072 407 2100 sunt
432 2066 557 2110 plenae
584 2065 784 2105 doctrinae,
821 2065 864 2098 de
887 2072 1045 2109 peccato,
1081 2066 1123 2098 de
1147 2066 1198 2098 ira

207 2118 293 2159 Dei,
327 2118 370 2150 de
396 2117 538 2161 poenis,
572 2116 615 2148 de
642 2115 709 2148 fide
732 2115 924 2159 accipiente
955 2116 1198 2149 remissionem

207 2176 448 2214 peccatorum,
476 2173 620 2211 propter
644 2166 901 2201 immutabilem
928 2167 1197 2210 promissionem

210 2223 252 2254 de
269 2226 418 2254 venturo
435 2218 631 2253 Salvatore.

559 2359 703 2392 Sextus
729 2357 846 2390 locus.

312 2434 354 2467 In
370 2444 518 2478 persona
532 2430 731 2476 Prophetae
748 2439 831 2465 sunt
856 2438 889 2465 et
907 2431 1099 2476 peculiares
1122 2437 1198 2463 ten-

213 2535 297 2568 dicti
320 2535 462 2577 praebet
487 2534 706 2567 occasionem
733 2532 927 2579 hypocritis
957 2532 1200 2566 calumniandi

213 2585 469 2630 praedictiones
492 2583 670 2619 Ieremiae.

213 2636 292 2669 niae
317 2642 350 2668 et
374 2646 520 2677 magnae
544 2635 786 2675 multitudini,
812 2642 851 2669 ut
867 2636 1087 2668 discederent
1105 2634 1199 2667 ultro

214 2687 251 2720 in
277 2685 432 2719 exilium.

798 104 923 141 PHIL.
953 103 1069 140 MEL.
1099 101 1309 140 SCRIPTA
1337 101 1638 139 EXEGETICA.

493 2684 616 2718 Postea
644 2698 722 2719 cum
752 2687 823 2720 fere
850 2698 910 2731 per
935 2687 1054 2719 decem
1086 2696 1198 2719 annos
1222 2712 1225 2721 .

2157 105 2229 140 812

1242 190 1326 223 urbs
1343 195 1469 230 staret,
1500 195 1532 222 et
1548 188 1761 222 mediocrem
1781 199 1900 233 pacem
1919 187 2081 232 haberet,
2110 202 2227 236 spera-

1242 240 1328 274 bant
1342 239 1447 274 multi
1468 239 1608 273 nullum
1625 239 1823 284 periculum
1841 239 2018 284 reliquum
2042 253 2124 277 esse.
2177 242 2227 275 Hi

1243 291 1304 336 qui
1321 298 1532 331 manserant,
1558 290 1828 334 gratulabantur
1843 290 1911 324 sibi
1928 291 1971 323 de
1987 302 2049 325 sua
2067 300 2230 326 constan-

1243 342 1301 376 tia.
1353 341 1398 375 Et
1428 342 1639 376 deridebant
1670 352 1747 382 eos,
1787 341 1849 387 qui
1883 341 2032 374 consilio
2065 341 2229 377 Ieremiae

1244 393 1584 441 obtemperaverant.
1647 391 1871 426 Accusabant
1898 391 2102 432 Ieremiam,
2136 394 2231 437 quod

1245 444 1434 487 decepisset
1465 444 1656 488 populum,
1698 441 1744 477 Et
1773 443 1966 488 prodibant
1993 443 2123 489 aliqui,
2155 451 2233 477 tan-

1246 506 1350 539 quam
1370 492 1586 538 Prophetae,
1616 501 1736 528 contra
1766 493 1969 535 leremiam,
1996 502 2033 528 ut
2053 493 2234 528 Hananias

1245 544 1370 588 Capite
1386 546 1444 579 24.
1463 552 1494 578 et
1519 546 1579 578 alii
1605 544 1689 590 Cap.
1704 545 1765 581 29.
1808 544 1854 579 Et
1880 558 1976 589 reges
2002 553 2032 579 et
2058 545 2234 590 principes

1245 597 1485 629 assentiuntur
1502 596 1746 630 adulatoribus
1765 597 1852 630 bene
1870 597 2132 641 pollicentibus,
2152 595 2233 629 ldco

1247 647 1549 691 persequebantur
1568 646 1760 681 Ieremiam.

1349 705 1389 738 ln
1406 703 1470 739 hac
1488 718 1586 739 mora
1606 719 1679 740 non
1697 706 1771 740 sine
1793 720 1919 752 magno
1937 708 2126 741 certamine
2150 707 2235 740 reti-

1247 763 1307 791 net
1325 757 1430 791 fidem
1453 759 1717 791 commendatae
1742 757 1964 802 prophetiae,
1993 767 2031 793 ut
2056 758 2140 803 Cap.
2157 757 2235 794 20.:

1247 806 1293 842 Et
1313 808 1405 851 dixi,
1430 807 1511 842 Non
1529 809 1742 842 recordabor
1759 809 1844 848 eius,
1870 822 1983 856 neque
1998 811 2124 856 loquar
2141 811 2235 844 ultra

1248 859 1284 891 in
1311 860 1456 892 nomine
1483 860 1567 893 eius.
1623 859 1690 893 Hic
1714 872 1802 903 pene
1824 862 2020 895 succumbit
2036 861 2173 902 dolori,
2198 868 2237 894 ut

1249 910 1410 943 videatur
1440 911 1648 944 defecturus.
1710 911 1778 944 Sed
1815 924 1936 945 rursus
1967 913 2114 955 erigitur
2143 924 2236 951 mox,

1248 961 1428 1007 inquiens:
1467 961 1641 995 Dominus
1666 969 1781 995 autem
1807 974 1942 995 mecum
1967 970 2036 1003 est,
2067 969 2237 1008 tanquam

1247 1013 1398 1046 bellator
1422 1013 1536 1046 fortis.
1591 1012 1673 1046 Ideo
1699 1013 1759 1058 qui
1786 1020 2047 1058 persequuntur
2072 1025 2145 1054 me,
2180 1026 2238 1047 ca-

1247 1064 1350 1102 dent,
1379 1070 1413 1097 et
1433 1063 1566 1096 infirmi
1584 1071 1700 1099 erunt.

1351 1121 1490 1156 Deinde
1509 1134 1630 1156 rursus
1648 1123 1685 1155 in
1706 1135 1746 1156 eo
1770 1124 1894 1166 ingens
1920 1123 2139 1166 impatientia
2165 1123 2238 1157 ori-

1248 1181 1316 1215 tur,
1338 1181 1377 1207 ut
1395 1174 1495 1219 quasi
1512 1175 1699 1218 desperare
1714 1181 1747 1208 et
1763 1175 1911 1208 fremere
1927 1175 2094 1208 adversus
2109 1175 2239 1211 volun—

1250 1232 1355 1259 tatem
1371 1223 1438 1258 Dei
1459 1225 1629 1260 videatur.

1350 1283 1446 1317 Haec
1469 1291 1551 1318 sunt
1577 1285 1768 1327 singularia
1794 1284 2004 1318 Sanctorum
2035 1285 2240 1325 certamina,

1249 1336 1286 1368 in
1313 1335 1444 1379 quibus
1472 1336 1537 1379 ipsi
1563 1342 1713 1368 cernunt
1736 1336 1866 1378 peccati
1894 1335 2174 1378 magnitudinem
2201 1336 2237 1368 in

1248 1392 1375 1419 natura
1396 1383 1562 1418 humana.
1615 1384 1660 1418 Et
1676 1387 1893 1419 conveniunt
1918 1383 2002 1419 haec
2020 1398 2099 1419 curn
2117 1385 2241 1426 Paulo,

1248 1436 1353 1471 Rom.
1376 1435 1412 1469 7.
1448 1434 1493 1469 Et
1511 1436 1597 1469 alibi
1613 1448 1691 1468 cum
1711 1437 1776 1475 ait,
1805 1437 1883 1470 Sibi
1898 1437 1998 1469 datos
2014 1448 2085 1471 esse
2104 1437 2239 1471 crucia-

1249 1494 1304 1520 tus
1325 1499 1385 1519 seu
1403 1487 1541 1520 aculeos
1560 1487 1596 1519 in
1614 1499 1732 1526 carne,
1760 1488 1794 1519 id
1813 1494 1882 1524 est,
1910 1487 2067 1529 ingentes
2092 1499 2240 1531 pavores

1250 1545 1283 1571 et
1301 1538 1564 1581 trepidationes.
1619 1537 1687 1570 Sed
1706 1537 1743 1569 in
1762 1535 1817 1570 his
1832 1536 1987 1581 Spiritus
2004 1538 2239 1572 inenarrabili

1249 1589 1382 1632 gemitu
1406 1589 1492 1632 petit
1510 1588 1679 1621 auxilium
1698 1595 1730 1622 et
1750 1588 1932 1622 eluctatur.

1575 1718 1770 1760 Septimus
1798 1717 1913 1750 locus.

1335 1789 1426 1824 Cum
1444 1798 1589 1825 eventus
1607 1792 1830 1835 responderit
1846 1794 1889 1825 de
1917 1792 1965 1825 70
1989 1793 2112 1834 annis,
2145 1794 2241 1836 item,

1251 1854 1328 1875 cum
1352 1849 1506 1875 caeterae
1531 1844 1787 1886 praedictiones
1814 1845 1857 1876 de
1872 1844 1950 1877 aliis
1974 1845 2090 1887 regnis
2114 1856 2241 1878 evene-

1250 1894 1334 1933 rint,
1361 1891 1532 1926 habemus
1549 1894 1791 1928 testimonium
1811 1895 1968 1938 firmum,
1996 1897 2090 1939 quod
2107 1896 2240 1929 doctri-

1251 1956 1295 1978 na
1321 1942 1427 1977 huius
1452 1945 1594 1988 populi,
1622 1945 1748 1978 tradita
1776 1957 1837 1988 per
1854 1943 2071 1990 Prophetas,
2098 1946 2141 1979 sit
2161 1959 2240 1979 ver-

1250 1997 1336 2029 bum
1355 1994 1431 2028 Dei.
1485 1995 1590 2028 Nulla
1608 1995 1674 2028 alia
1692 2006 1776 2038 gens
1794 1993 1898 2029 habet
1914 1997 2000 2029 tales
2026 1998 2241 2040 praedictio-

1252 2057 1313 2079 nes
1331 2047 1374 2078 de
1394 2052 1486 2079 certo
1508 2058 1656 2079 numero
1674 2058 1869 2088 annorum,
1897 2054 1935 2081 ut
1959 2045 2016 2081 hic
2041 2048 2084 2081 de
2110 2047 2159 2081 70
2177 2060 2240 2081 an-

1251 2097 1306 2130 niS
1332 2097 1472 2131 dicitur.

1354 2155 1424 2189 Nec
1443 2163 1516 2189 erat
1534 2156 1654 2199 exigua
1674 2168 1728 2189 res
1745 2157 1867 2200 populi
1889 2157 2049 2191 reductio
2074 2164 2107 2191 et
2132 2158 2239 2193 totius

1251 2207 1396 2252 politiae
1421 2207 1614 2247 restitutio,
1649 2206 1721 2240 Nec
1755 2208 1869 2240 ullum
1901 2208 2016 2241 simile
2042 2209 2238 2252 exemplum

1252 2266 1344 2292 extat
1362 2258 1398 2290 in
1415 2265 1489 2292 toto
1508 2259 1642 2291 mundo
1672 2264 1704 2291 et
1730 2259 1898 2292 omnibus
1914 2260 2097 2293 aetatibus.
2132 2258 2238 2293 Nulla

1252 2309 1375 2353 politia
1393 2309 1532 2354 penitus
1551 2309 1664 2342 deleta
1683 2309 1732 2342 sie
1754 2310 1911 2343 restituta
1931 2317 1997 2348 est,
2034 2310 2238 2354 praesertim

1252 2368 1329 2405 post
1353 2367 1423 2393 tam
1448 2360 1592 2403 longum
1619 2367 1768 2404 tempus.
1824 2359 1908 2394 Ideo
1923 2368 1994 2394 tota
2023 2359 2108 2393 haec
2127 2358 2238 2393 histo-

1223 2406 1226 2444 ἔ
1251 2412 1302 2444 ria
1327 2418 1377 2444 est
1404 2411 1507 2454 plena
1533 2410 1731 2453 ingentium
1757 2411 2010 2445 miraculorum
2037 2418 2069 2443 et
2092 2422 2237 2454 operum

1223 2453 1226 2486 l
1251 2462 1329 2496 Dei.

211 2484 359 2517 tationes
375 2484 670 2524 considerandae,
698 2482 804 2526 Quod
822 2495 919 2516 mora
939 2488 1083 2515 eventus
1100 2493 1199 2524 prae-
1223 2501 1225 2505 ν

1389 2459 1435 2495 Et
1471 2462 1543 2505 ipsa
1578 2459 1762 2506 prophetia
1793 2462 2002 2495 miraculum
2032 2467 2100 2501 est,
2141 2463 2238 2506 qnod

1251 2519 1396 2547 testatur
1431 2510 1522 2546 hanc
1555 2513 1752 2546 doctrinam
1790 2525 1808 2546 a
1843 2512 1918 2546 Deo
1953 2511 2116 2545 traditam
2154 2524 2239 2547 esse.

722 2584 886 2619 suaserat
913 2583 1079 2618 Ieremias
1104 2582 1200 2615 leco-
1223 2576 1225 2613 ἶ
1250 2563 1507 2607 Complectitur
1535 2571 1650 2597 autem
1677 2561 1853 2607 Propheta
1881 2570 1913 2596 et
1940 2569 2047 2596 totam
2076 2561 2239 2607 Evange—

1223 2617 1225 2635 ¹'
1251 2615 1292 2647 lii
1318 2615 1537 2656 doctrinam,
1571 2622 1609 2649 ut
1636 2613 1717 2658 Cap.
1734 2616 1794 2649 31.
