2379 2948
205 128 274 161 491
440 117 647 156 SCRIPTA
675 115 750 151 PH.
777 112 892 149 MEL.
922 110 990 146 AD
1019 111 1144 147 HIST.
1172 109 1315 149 PROF.
1342 110 1407 147 ET
1435 108 1625 146 PHILOS.
1655 108 1976 149 SPECTANTIA.
2152 112 2226 150 492

212 222 290 244 nem
303 233 311 247 ,

213 262 302 294 dior.

339 219 408 252 quo
428 218 505 239 cum
523 203 648 236 collata
668 209 830 243 praesens
853 210 952 231 causa
977 197 1015 232 fit
1036 196 1192 241 splendi-
1216 200 1221 239 ζ
1245 197 1288 229 de
1310 196 1438 241 quihus
1462 195 1498 228 in
1527 195 1656 228 libellis
1680 196 1723 227 de
1747 194 1861 238 Copia
1886 203 2068 241 praecepta
2096 205 2225 238 extant,

358 255 529 290 Nonnulli
554 251 708 285 breviter
736 250 891 282 dicentes
922 249 992 282 fere
1025 249 1194 281 omittunt
1219 252 1221 291 Ι
1246 258 1349 291 qnam
1367 246 1414 280 ob
1431 258 1568 279 causam
1589 257 1653 278 nos
1668 246 1846 278 breviores
1863 256 2002 287 sumus,
2033 254 2066 280 et
2083 249 2125 282 de
2141 249 2226 281 affe-

213 307 502 355 epiphonemata,
529 301 565 335 hi
585 313 656 334 non
682 300 903 342 intelligunt,
929 311 1032 344 quam
1057 298 1193 330 infirma
1220 295 1222 336 ’ς
1246 297 1359 330 ctibus
1375 308 1479 341 supra
1502 296 1667 331 diximus.

214 361 257 394 sit
275 359 403 394 oratio,
428 356 583 388 detracto
603 349 668 384 hoc
685 356 909 385 ornamento.
958 349 1065 382 Fiunt
1079 355 1194 381 autem

216 408 483 454 epiphonemata
503 415 565 448 per
589 400 777 445 particulas
801 400 1053 444 comparativas
1077 405 1110 432 et
1135 399 1196 430 de-

216 456 482 494 monstrativas,
508 460 563 486 ut:
592 451 670 485 Hoc
686 458 735 484 est
752 462 831 483 vere
855 462 969 493 regem
993 460 1088 490 esse,
1114 459 1197 481 con-

218 511 329 543 sulere
355 504 567 539 utilitatibus
594 502 727 547 populi.
789 500 889 534 Adeo
913 497 1005 532 nihil
1036 506 1086 532 est
1117 497 1198 531 satis

218 567 333 593 tutum
351 557 518 590 adversus
535 552 739 587 calumnias.
792 549 890 583 Adeo
917 562 934 582 a
958 549 1088 582 teneris
1113 560 1199 581 con-

219 619 374 643 suescere
396 606 547 639 multum
573 610 635 638 est.
688 601 824 635 Tantae
850 600 952 632 molis
977 606 1049 632 erat
1066 597 1200 632 Roma-

221 672 302 693 nam
321 657 472 701 condere
488 661 638 698 gentem.
691 651 780 693 Quis
798 662 870 683 non
889 650 926 682 in
951 649 1014 682 tali
1037 649 1117 682 aula
1139 660 1198 681 cu-

221 711 293 755 piat
309 709 440 746 vivere,
467 716 554 749 quae
572 702 688 735 verius
702 700 889 740 academia,
916 711 1020 745 quam
1037 699 1117 732 aula
1133 697 1202 731 dici

222 759 339 805 possit.
402 755 447 789 Et
472 767 533 798 per
557 751 843 788 exclamationes,
876 751 970 783 unde
993 761 1123 782 nomen
1150 748 1203 780 vi—

223 813 352 843 dentur
374 806 475 839 initio
501 803 689 846 accepisse,
722 808 760 834 ut
788 812 850 844 pro
875 799 1035 843 Ligario:
1076 798 1110 832 Ο
1135 798 1204 831 cle-

222 859 389 893 mentiam
407 854 663 893 admirabilem,
679 859 782 896 atque
799 850 957 883 omnium
973 850 1087 890 laude,
1106 860 1205 892 prae-

225 909 418 946 dicatione,
455 904 583 944 literis,
617 901 925 946 monumentisque
959 900 1205 933 decorandam.

225 959 272 993 Et
290 957 495 991 huiusmodi
511 955 621 987 multa
637 952 788 996 reperies
806 952 897 995 apud
908 949 1126 990 Ciceronem,
1152 955 1205 983 ut:

228 1008 262 1043 O
281 1020 353 1042 rem
373 1019 445 1039 non
463 1006 568 1038 modo
588 1004 663 1036 visu
681 1004 819 1036 foedam
837 1008 901 1035 etc.

328 1066 465 1100 Noema
492 1063 608 1097 differt
635 1063 678 1094 ab
696 1058 976 1104 epiphonemate.
1019 1057 1095 1093 Etsi
1113 1058 1208 1091 enim

229 1126 277 1152 est
302 1117 428 1150 allusio
457 1115 500 1148 ad
526 1113 734 1146 sententiam
759 1117 819 1144 aut
842 1110 957 1143 locum
973 1120 1209 1147 communem,

229 1177 346 1202 tamen
362 1178 433 1198 non
452 1165 549 1197 effert
566 1161 774 1195 sententiam
791 1160 1011 1204 generaliter.
1046 1159 1114 1193 Sed
1131 1171 1210 1192 ver-

230 1221 274 1251 ba
299 1217 405 1251 sumit
432 1228 472 1248 ex
496 1215 571 1247 loco
597 1212 797 1250 communi,
825 1223 913 1256 quae
931 1212 973 1244 ad
994 1217 1209 1254 praesentem

230 1280 368 1303 causam
388 1265 645 1303 accommodat,
673 1270 711 1295 nt
733 1269 819 1295 tecte
847 1262 889 1294 ad
915 1261 1030 1294 locum
1053 1272 1211 1293 commu-

231 1331 311 1352 nem
328 1318 483 1350 alludere
500 1315 734 1356 intelligatur,
762 1319 815 1345 ut:
842 1311 938 1344 Bene
956 1311 1127 1344 collocavi
1150 1311 1212 1343 be-

231 1368 412 1406 neficium,
439 1377 517 1397 cum
539 1366 575 1395 in
592 1365 706 1394 virum
723 1363 913 1404 optimum,
942 1370 1019 1391 cum
1036 1361 1072 1390 in
1097 1359 1212 1391 bomi-

232 1431 313 1452 nem
340 1424 476 1460 gratnm
499 1412 644 1446 contuli.
708 1410 894 1453 Fortisque
920 1409 988 1440 viri
1011 1408 1092 1441 tulit
1115 1418 1212 1440 arma

234 1470 395 1502 disertus.
440 1464 563 1497 lnsunt
586 1461 727 1494 latentia
750 1460 921 1504 quaedam
941 1455 1212 1503 enthymemata.

233 1518 280 1553 Et
304 1518 458 1562 profecto
484 1515 597 1546 danda
624 1518 672 1544 est
696 1522 820 1554 opera,
855 1517 894 1542 ut
921 1508 1034 1541 oratio
1059 1509 1215 1540 abundet

234 1567 439 1602 huiusmodi
458 1564 573 1597 verbis
590 1561 761 1595 sententia
782 1560 921 1599 tinctis,
947 1565 985 1592 ut
1004 1557 1134 1591 Fabius
1154 1558 1213 1590 ait.

426 1676 482 1707 Ex
510 1670 809 1705 circumstantiis
833 1672 869 1701 et
895 1669 1027 1713 signis.

338 1741 433 1774 Hinc
451 1750 533 1772 vero
554 1737 725 1781 plurimae
741 1735 907 1767 oriuntur
927 1730 1216 1776 amplificationes

237 1806 277 1827 ex
294 1789 588 1835 descriptionibus
605 1788 780 1825 locorum,
808 1791 1022 1828 temporum,
1050 1793 1215 1826 persona-

236 1856 334 1883 rum,
360 1840 501 1875 habitus
517 1838 693 1882 corporis,
723 1843 754 1869 et
772 1842 943 1878 gestuum.
988 1831 1034 1866 Et
1052 1832 1118 1865 alia
1136 1838 1216 1865 sunt

237 1895 335 1937 signa
359 1890 619 1936 praecedentia,
646 1888 712 1920 alia
729 1885 975 1930 consequentia
999 1891 1062 1917 etc.
1118 1882 1216 1915 Talis

237 1951 288 1978 est
311 1955 351 1976 ex
376 1942 475 1984 signo
498 1940 586 1972 mira
615 1937 813 1970 extenuatio
844 1936 935 1979 apud
961 1934 1120 1972 Livium,
1154 1933 1216 1965 ubi

238 1993 396 2027 Annibal
413 1992 460 2024 ait
474 1989 676 2033 Scipionem
699 1988 785 2019 adeo
810 1998 881 2018 non
904 1996 1005 2017 nosse
1027 1982 1216 2016 exercitum

237 2056 359 2083 snum,
384 2050 421 2075 ut
446 2042 473 2074 si
501 2039 641 2083 utrique
666 2036 831 2070 exercitui
854 2036 951 2078 signa
977 2031 1218 2072 detrahantur,

238 2094 461 2128 dubitaturus
477 2091 540 2129 sit,
568 2088 681 2122 utrius
703 2087 893 2130 imperator
911 2086 965 2120 sit.
1018 2084 1098 2118 Non
1116 2094 1219 2116 nosse

238 2143 445 2181 exercitum,
473 2141 611 2183 signum
630 2145 680 2170 est
698 2136 852 2180 imperiti
870 2136 977 2168 ducis.

346 2199 391 2234 Et
409 2197 678 2233 circumstantiis
694 2196 807 2228 oritur
822 2191 1057 2231 ὑποτύπωσις
1079 2191 1143 2225 ubi
1164 2201 1218 2224 res

240 2254 286 2286 ita
312 2259 494 2288 narratur,
523 2256 559 2282 ut
594 2248 754 2280 videatur
785 2245 884 2290 quasi
917 2244 1026 2277 oculis
1052 2242 1219 2276 subiecta.

242 2303 281 2336 ld
300 2302 349 2345 fit,
377 2314 454 2334 cnm
473 2300 659 2342 diligenter
677 2295 917 2340 persequimur
933 2292 1220 2326 circumstantias.

242 2354 362 2385 (licero
389 2364 451 2395 pro
480 2350 634 2383 Milone:
670 2348 708 2381 Si
736 2346 901 2378 videretis
927 2342 1011 2377 haec
1037 2344 1127 2387 picta
1157 2349 1220 2376 etc.
1244 2355 1246 2368 1

242 2402 358 2444 Pingit
379 2403 471 2434 enim
494 2400 668 2433 Milonem
694 2398 729 2429 in
757 2394 883 2430 Rheda
907 2394 1112 2439 penulatum
1140 2404 1218 2425 cum
1245 2420 1246 2423 ,

738 2447 905 2480 ClOdlum
930 2457 1013 2477 vero
1038 2450 1220 2482 armatum,
1245 2457 1247 2484 ἴ
1273 2449 1489 2484 Observabit
1506 2451 1600 2483 enim
1623 2450 1773 2492 diligens
1796 2451 1923 2490 lector,
1949 2449 2076 2493 quibus
2098 2462 2137 2482 ex
2163 2451 2247 2483 locis

1245 2536 1246 2542 ¹
1273 2502 1360 2535 boni
1375 2508 1513 2535 autores
1528 2501 1657 2533 ducant
1674 2501 1832 2540 exordia,
1856 2501 1949 2533 unde
1964 2507 2102 2533 sumant
2121 2500 2247 2544 ampli-

1245 2558 1246 2594 }
1273 2552 1468 2592 ficationes‚
1495 2553 1671 2596 quomodo
1698 2557 1846 2583 tractent
1869 2550 1963 2582 locos
1990 2561 2193 2583 communes
2214 2558 2247 2584 et

1246 2640 1247 2646 ἵ
1273 2602 1434 2642 affectus,
1467 2603 1643 2645 quomodo
1670 2601 1857 2633 concilient
1884 2599 2036 2637 animos,
2071 2601 2247 2645 quomodo

245 2660 529 2698 exclamationes,
557 2658 827 2702 deprecationeS,
856 2663 948 2697 vota,
975 2654 1220 2693 adunationes,
1245 2651 1247 2667 ³

242 2464 349 2484 uxore
369 2459 399 2484 et
417 2452 531 2495 parvis
553 2449 684 2483 liberis.

243 2502 417 2534 sedentem
442 2503 478 2534 in
506 2513 615 2546 equo,
646 2505 861 2543 pugnantem
884 2509 925 2529 cx
948 2496 1024 2528 loco
1042 2494 1220 2538 superiore

244 2560 307 2584 ele.

344 2608 397 2643 Ex
416 2608 684 2642 circumstantiis
702 2608 869 2640 oriuntur
885 2613 917 2639 et
934 2601 1165 2642 παθοποιῒαι,
1182 2608 1222 2635 ut

1244 2273 1246 2289 ,1
1272 2251 1404 2284 tionem
1420 2250 1465 2281 ad
1492 2249 1596 2281 verba
1622 2248 1808 2292 pertinere.

1349 352 1411 389 Est
1429 361 1463 389 et
1478 355 1588 398 figura
1605 355 1647 387 ad
1666 353 1827 386 ordinem
1840 353 2010 387 orationis
2026 357 2228 397 necessaria,

1248 416 1337 450 quae
1354 406 1559 439 nominatur
1575 404 1748 444 transitio,
1773 415 1853 437 cum
1867 415 2052 438 monemus
2069 405 2155 449 quid
2173 408 2228 440 di-

1250 462 1344 488 ctum
1362 455 1424 496 sit,
1450 462 1483 489 et
1503 455 1588 500 quid
1606 461 1722 489 restet.
1776 453 1955 487 Hactenus
1970 454 2042 487 dixi
2059 463 2228 499 quantum

1250 505 1335 538 insit
1363 506 1593 550 turpitudinis
1626 506 1661 537 in
1699 504 1878 538 ebrietate.
1931 503 2034 538 Nunc
2059 517 2229 549 exponam

1251 562 1421 600 quantum
1448 563 1570 589 noceat
1595 555 1803 589 valetudini.
1861 553 2022 588 Breviter
2047 556 2173 599 redigit
2194 557 2231 588 in

1252 606 1457 638 memoriam
1474 612 1505 638 et
1522 606 1606 650 quid
1623 617 1727 649 supra
1751 606 1883 638 dictum
1909 604 1972 646 sit,
1998 612 2031 638 et
2054 607 2233 650 proponit,

1253 655 1336 700 quid
1356 657 1393 688 in
1413 656 1548 699 reliqua
1566 656 1726 688 oratione
1742 658 1995 699 expectandum
2012 656 2068 691 sit.

1356 711 1419 747 Est
1436 720 1469 746 et
1485 711 1706 759 παρὲνθεσις
1721 712 2092 759 brevis-interpositio,
2119 716 2234 748 decla-

1254 764 1357 797 randi
1381 775 1483 797 causa
1509 764 1658 803 inserta,
1692 774 1797 808 quam
1818 774 1891 796 non
1917 763 2083 806 ignorant
2106 764 2236 798 Gram-

1256 814 1394 855 matici,
1428 821 1484 848 ut:
1519 814 1608 847 Tam
1636 812 1757 846 Venus
1781 812 1856 845 ocia
1888 820 1998 855 amat,
2036 816 2142 849 finem
2175 817 2236 861 qui

1258 865 1397 909 quaeris
1414 864 1526 898 amori
1554 863 1664 909 (cedit
1688 874 1787 897 amor
1812 861 1936 910 rebus)
1962 875 2016 897 res
2037 876 2116 908 age,
2142 872 2238 900 tutus

1258 927 1337 948 eris.

1592 981 1651 1014 De
1677 982 1904 1015 imitatione.

1364 1045 1405 1079 In
1422 1047 1497 1090 ipso
1510 1047 1684 1081 vestibulo
1701 1044 1806 1079 huius
1823 1046 1939 1090 operis
1954 1047 2123 1081 admonui
2140 1060 2240 1092 prae-

1261 1104 1358 1142 cepta
1386 1098 1528 1130 inventa
1552 1109 1642 1138 esse,
1669 1109 1742 1129 non
1769 1104 1804 1130 ut
1828 1098 2032 1142 eloquentes
2055 1098 2240 1139 efficerent,

1262 1151 1319 1182 sed
1339 1155 1377 1181 ut
1396 1148 1487 1180 viam
1504 1160 1542 1180 ac
1561 1148 1734 1181 rationem
1757 1148 1985 1182 ostenderent
2008 1148 2240 1182 adolescenti—

1263 1201 1328 1232 bus
1352 1199 1532 1231 iudicandi
1556 1200 1599 1231 de
1628 1198 1837 1231 disertorum
1869 1198 2100 1233 orationibus.
2151 1198 2241 1232 Nam

1263 1249 1430 1289 imitatio,
1457 1250 1485 1281 si
1511 1256 1635 1282 natura
1662 1260 1734 1281 non
1758 1254 1946 1292 repugnet,
1981 1249 2069 1281 sicut
2092 1249 2240 1282 aliarum

1263 1312 1382 1333 rerum
1398 1300 1566 1339 artifices,
1593 1300 1639 1332 ita
1657 1305 1690 1332 et
1705 1299 1907 1343 eloquentes
1924 1299 2040 1332 efficit.
2083 1298 2242 1338 Cognitis

1264 1351 1373 1392 igitur
1396 1349 1606 1393 praeceptis,
1633 1354 1806 1389 proponat
1832 1347 1898 1376 sibi
1921 1344 2068 1388 quisque
2094 1346 2241 1379 diserto·

1265 1409 1343 1430 rum
1361 1396 1532 1439 exempla,
1560 1396 1597 1427 in
1617 1406 1706 1439 quae
1721 1401 1794 1427 toto
1811 1396 1941 1434 animo,
1969 1401 2110 1440 totaque
2127 1404 2243 1429 mente

1265 1447 1463 1486 intueatur,
1489 1452 1528 1478 ut
1547 1457 1584 1478 ea
1603 1445 1752 1488 effingat,
1778 1452 1882 1488 atque
1898 1445 2080 1488 exprimat.
2109 1445 2146 1479 Si
2164 1448 2243 1491 quis

1267 1503 1316 1530 est
1335 1496 1450 1536 enim,
1476 1495 1536 1540 qui
1560 1495 1691 1528 iudicat
1715 1495 1966 1535 imitationem,
1998 1507 2077 1528 cum
2105 1495 2142 1527 in
2165 1497 2244 1530 aliis

1267 1547 1401 1580 artibus
1418 1546 1602 1578 maximam
1624 1545 1695 1576 vim
1717 1542 1860 1585 habeat,
1887 1545 1924 1576 in
1949 1557 2018 1578 una
2042 1545 2242 1590 eloquentia

1268 1596 1431 1630 inutilem
1444 1607 1534 1635 esse,
1562 1593 1781 1628 huiuserror
1797 1607 1869 1627 non
1895 1595 2008 1628 solum
2031 1597 2243 1638 gravissimis

1267 1648 1452 1680 doctorum
1468 1645 1698 1683 testimoniis,
1727 1646 1784 1677 sed
1809 1645 1911 1689 plane
1937 1656 2041 1679 sensu
2064 1648 2243 1680 communi

1267 1697 1461 1731 revellitur.
1488 1695 1575 1728 Nam
1592 1696 1685 1740 quod
1699 1697 1869 1739 quaedam
1887 1695 1978 1728 inter
1994 1696 2143 1730 disertos
2158 1709 2243 1730 con-

1268 1747 1457 1781 troversiae
1478 1752 1560 1778 sunt
1575 1747 1617 1779 de
1631 1745 1846 1785 imitatione,
1873 1746 2062 1789 disputatio
2076 1753 2144 1785 est,
2172 1759 2243 1781 non

1268 1805 1388 1831 utrum
1405 1797 1555 1830 imitatio
1574 1796 1766 1829 necessaria
1782 1796 1844 1835 sit,
1869 1797 1929 1828 sed
1946 1797 1988 1829 de
2009 1797 2166 1841 partibus
2188 1810 2245 1831 ar-

1269 1849 1312 1882 tis
1329 1847 1553 1886 dissentiunt,
1577 1858 1727 1891 quarum
1747 1846 1909 1880 videlicet
1925 1848 2077 1890 partium
2095 1847 2244 1882 imitatio

1269 1898 1461 1932 necessaria
1481 1898 1536 1932 sit.
1566 1895 1642 1939 Ego
1658 1897 1774 1942 itaque
1795 1903 1833 1930 ut
1847 1898 2028 1929 ostendam
2043 1897 2245 1932 adolescen-

1269 1950 1363 1982 tibus
1394 1949 1571 1993 quomodo
1597 1947 1779 1981 instituere
1806 1947 1964 1979 animum
1990 1947 2032 1980 ad
2056 1947 2245 1982 imitandos

1269 2001 1382 2032 bonos
1405 2005 1543 2031 autores
1566 1999 1733 2041 debeant,
1761 1997 1914 2030 breviter
1941 2009 2111 2041 exponam
2133 2011 2245 2032 meam

1270 2050 1313 2082 de
1331 2055 1401 2082 tota
1419 2059 1456 2080 re
1473 2048 1679 2080 sententiam
1691 2072 1699 2086 ‚
1727 2059 1831 2092 quam
1848 2058 1948 2091 spero
1966 2048 2133 2081 studiosis
2149 2049 2247 2082 iuve-

1269 2099 1376 2132 nibus
1403 2110 1476 2130 non
1505 2098 1666 2130 inutilem
1691 2098 1844 2131 futuram
1872 2108 1954 2132 esse.
1997 2097 2107 2141 Saepe
2131 2105 2246 2132 autem

1270 2150 1424 2183 diximus
1446 2148 1680 2192 eloquentiam
1707 2160 1746 2180 ac
1772 2148 1886 2180 verbis
1911 2149 2103 2189 contineri,
2130 2161 2246 2182 rernm

1271 2207 1386 2233 autem
1411 2199 1653 2231 inventionem
1677 2210 1716 2230 ac
1733 2198 1999 2241 dispositionem
2016 2210 2103 2239 esse,
2130 2200 2246 2232 elocu-

1862 2247 1980 2290 Quare
2007 2249 2108 2282 initio
2134 2250 2246 2282 scien-

1271 2302 1357 2334 dum
1380 2307 1429 2333 est
1450 2299 1646 2342 generalem
1673 2300 1849 2343 quandam
1873 2299 2106 2332 imitationem
2129 2311 2246 2332 rerum

1272 2362 1362 2391 esse,
1388 2362 1493 2394 quam
1508 2350 1585 2382 ideo
1603 2349 1651 2381 sic
1677 2360 1859 2387 vocamus,
1887 2349 1969 2394 quia
1994 2350 2103 2382 bonos
2125 2361 2246 2382 omnes

1274 2402 1310 2433 in
1333 2401 1537 2433 inventione
1561 2412 1579 2432 a
1604 2399 1834 2443 dispositione
1858 2411 1975 2433 rerum
2001 2399 2129 2431 imitari
2154 2400 2245 2434 licet.

1274 2653 1498 2697 perturbent,
1527 2663 1631 2696 quam
1657 2650 1858 2694 tempestive
1881 2661 1919 2682 ac
1943 2662 2043 2694 parce
2063 2658 2247 2694 aspergant
