2379 2948
185 107 266 144 597

184 195 294 237 figura
318 190 385 226 boc
408 193 514 227 modo
537 192 709 238 applicat,
736 192 818 239 quia
842 192 998 227 ostendit
1026 192 1062 225 in
1088 192 1172 226 sub-

184 245 275 277 iecto
292 244 435 277 maioris
453 256 573 277 revera
589 243 725 277 includi
748 244 945 277 subiectum
971 243 1174 277 conclusio-

811 105 855 142 V.
915 103 1240 141 EROTEMATA
1273 103 1608 143 DIALECTICES.

2139 110 2214 147 598

1226 191 1406 237 Quicquid
1432 193 1565 227 dicitur
1589 192 1838 228 universaliter
1863 194 1907 228 de
1932 206 2078 239 genere,
2106 196 2141 230 id
2168 198 2212 231 de

1226 243 1339 287 specie
1367 244 1502 277 inclusa
1530 244 1566 276 in
1593 256 1719 288 genere
1741 245 1812 279 dici
1836 257 1975 280 necesse
2001 253 2063 282 est.
2116 246 2212 282 Haec

184 295 252 328 nis.
287 294 338 328 Ita
358 295 444 328 duas
460 295 717 340 propositiones
734 294 809 326 fieri
828 305 966 326 necesse
983 300 1053 334 est,
1081 293 1174 327 inter
1225 293 1397 328 sententia
1416 305 1518 327 causa
1537 301 1607 333 est,
1636 302 1782 339 propter
1804 308 1910 342 quam
1931 297 2055 341 positis
2077 299 2211 332 maiore

185 357 222 379 se
238 346 418 379 devinctas
433 353 466 379 et
491 356 682 385 connexas,
715 344 863 388 repetito
886 345 1023 386 medio,
1048 351 1088 378 ut
1109 356 1171 389 ap-

185 403 305 441 pareat
321 397 456 430 includi
472 396 668 429 subiectum
691 395 930 429 conclusionis
947 395 985 428 in
1011 395 1170 429 subiecto

185 447 344 488 maioris,
369 454 424 480 ut:

339 496 475 531 Omnes
497 506 550 529 res
575 495 740 530 conditae
762 508 781 529 a
797 494 872 530 Deo
897 495 935 528 in
959 502 1085 531 natura
1102 494 1171 531 hu-

391 558 513 585 mana,
540 553 624 580 sunt
643 559 698 580 res
717 548 844 581 bonae.

338 594 491 644 στοργαὶ
521 603 603 631 sunt
630 609 685 631 res
710 598 873 633 conditae
896 609 916 631 a
940 595 1016 631 Deo
1041 596 1078 631 in
1105 596 1171 632 ho-

386 659 494 684 nune.

185 698 252 734 His
269 699 402 733 duabus
420 699 726 743 propositionibus
741 699 876 744 positis,
902 698 1097 732 necessario
1116 711 1168 732 se-

185 751 306 796 quitur
323 749 519 783 conclusio:

336 798 431 843 Ergo
452 798 606 849 στοργαὶ
623 808 704 835 sunt
723 812 777 834 res
795 800 920 834 bonae.

285 849 369 884 Ideo
385 857 500 884 autem
525 853 684 897 sequitur
711 852 909 890 conclusio,
938 851 1019 896 quia
1045 858 1169 884 natura

182 907 309 935 nolum
327 909 395 940 est,
423 902 591 948 quicquid
611 915 691 936 vere
715 909 748 936 et
769 902 1018 935 universaliter
1044 903 1087 935 de
1110 914 1169 945 ge-

182 964 267 985 nere
291 952 440 991 dicitur,
473 953 507 986 id
534 953 728 998 praedicari
753 955 795 986 de
819 953 932 998 specie
964 953 1099 986 inclusa
1131 953 1169 985 in

182 1015 319 1047 genere.
370 1002 467 1037 Haec
486 1004 590 1048 plana
609 1011 641 1038 et
664 1004 846 1049 perspicua
874 1011 956 1037 sunt
981 1004 1169 1037 mediocri-

181 1061 235 1088 ter
250 1054 452 1098 aspicienti,
478 1062 511 1089 et
527 1055 765 1089 consideranti
789 1055 950 1088 ordinem
971 1062 1004 1088 et
1027 1055 1168 1087 vincula

181 1105 480 1150 propositionum.
541 1105 582 1139 In
609 1105 754 1139 Graecis
782 1103 1004 1145 Rhetoricis,
1041 1105 1110 1138 imo
1134 1111 1169 1138 et

183 1156 276 1200 apud
294 1154 532 1197 Aristotelem,
548 1157 663 1190 maior
678 1164 711 1191 et
727 1157 845 1189 minor
860 1163 1031 1189 vocantur
1040 1156 1167 1190 αἴτιον.

182 1206 308 1240 Postea
326 1214 452 1240 vocant
466 1204 688 1253 κρινόμενον
706 1208 743 1240 in
761 1207 962 1253 syllogismo
987 1219 1062 1239 eam
1087 1218 1168 1250 par-

182 1264 271 1298 tem,
299 1269 358 1291 seu
376 1269 450 1291 eam
469 1259 763 1302 propositionem,
786 1270 874 1303 quae
890 1257 1022 1300 indiget
1040 1258 1168 1290 confir-

181 1308 349 1346 matione‚
377 1308 463 1341 alias
479 1309 662 1347 maiorem,
678 1309 763 1341 alias
781 1309 966 1343 minorem.
998 1306 1167 1351 Exposui,

182 1370 291 1403 quare
307 1369 447 1391 necesse
463 1358 509 1392 sit
526 1370 598 1391 esse
616 1360 703 1391 duas
726 1359 1005 1402 propositiones,
1033 1365 1065 1392 et
1089 1365 1168 1391 tan-

181 1415 257 1443 tum
285 1416 354 1442 tres
378 1408 567 1448 terminos,
610 1409 693 1454 quia
719 1409 756 1441 in
783 1409 896 1453 prima
922 1409 1031 1451 figura
1058 1409 1168 1452 repeti

181 1459 337 1493 medium
363 1466 522 1504 oportet,
555 1466 594 1493 ut
623 1459 862 1503 conspiciatur
887 1459 1022 1492 includi
1047 1460 1167 1493 subie—

181 1517 275 1544 ctum
293 1510 530 1543 conclusionis
547 1511 584 1543 in
603 1511 759 1544 subiecto
775 1510 929 1543 maioris.
968 1510 1059 1544 Nam
1082 1511 1168 1544 alias

182 1561 295 1594 maior
320 1561 534 1605 propositio,
569 1573 658 1606 quae
685 1568 736 1595 est
758 1561 901 1594 initium
928 1562 1168 1596 confirmatio-

182 1612 238 1645 nis
249 1639 257 1653 ,
283 1623 358 1645 non
374 1612 612 1656 applicaretur
628 1613 671 1645 ad
689 1612 965 1646 conclusionem.

228 1700 352 1739 Quare
375 1697 612 1744 syllogismus
637 1701 691 1731 est
717 1695 812 1732 bona
839 1696 1129 1744 consequentia?

283 1764 518 1809 Praecipuum
543 1762 611 1798 hoc
636 1764 853 1799 Dialecticae
876 1777 964 1811 opus
991 1773 1059 1807 est,
1087 1779 1167 1800 mu-

182 1815 259 1850 nire
276 1815 524 1850 certitudinem
541 1817 899 1859 argumentationum,
920 1817 1068 1850 ostensis
1084 1829 1166 1851 cau-

181 1868 229 1902 sis
247 1867 531 1912 consequentiae.
587 1866 673 1900 Nam
690 1874 722 1900 et
745 1867 970 1901 mediocriter
993 1868 1167 1910 ingeniosi

183 1919 258 1952 sine
283 1918 394 1952 literis
418 1924 564 1962 possunt
586 1918 810 1958 ratiocinari,
842 1926 873 1951 et
903 1919 1012 1952 multa
1037 1919 1166 1952 similia

184 1969 354 2002 artificum
372 1970 494 2003 facere.
528 1967 597 2002 Sed
616 1980 737 2002 causas
754 1981 827 2002 non
844 1969 978 2010 vident,
1003 1981 1066 2003 cur
1082 1982 1166 2003 con-

185 2019 386 2064 sequentiae
410 2020 566 2060 valeant,
594 2031 633 2053 ac
660 2026 844 2064 propterea
866 2031 967 2064 saepe
990 2021 1166 2062 deerrant,

185 2077 246 2103 aut
260 2071 351 2104 male
365 2067 587 2104 cohaerentia
605 2071 758 2104 refutare
774 2083 847 2104 non
867 2078 1025 2115 possunt,
1053 2073 1166 2105 sontes

186 2120 292 2163 igitur
308 2121 345 2153 in
363 2128 434 2154 arte
450 2128 702 2157 monstrantur.
729 2121 776 2155 Ut
791 2128 906 2155 autem
924 2122 1039 2156 valere
1055 2121 1166 2156 arith-

187 2171 331 2204 meticos
354 2172 574 2216 syllogismos
596 2172 750 2206 ostendit
774 2173 973 2206 intellectus
1005 2174 1166 2219 proposi-

187 2223 325 2256 tionum
337 2248 344 2262 ,
372 2222 433 2266 qui
449 2230 574 2256 natura
591 2224 628 2256 in
644 2224 823 2257 mentibus
841 2224 950 2263 lucet,
978 2231 1031 2257 ut:

340 2272 419 2306 Una
435 2273 524 2306 libra
542 2286 638 2307 cerae
654 2275 745 2308 valet
763 2272 928 2308 drachma
941 2299 949 2313 ,

341 2321 409 2356 Hic
427 2331 508 2357 sunt
523 2325 640 2357 decem
656 2325 785 2366 librae,

340 2372 452 2416 Igitur
465 2374 581 2408 valent
597 2376 714 2408 decem
732 2374 920 2410 drachmis.

292 2423 343 2458 Ita
360 2424 397 2458 in
417 2424 495 2457 aliis
519 2426 673 2459 materiis
696 2427 786 2461 valet
810 2427 1060 2473 consequentia
1084 2440 1167 2473 pro-

189 2483 266 2521 pter
282 2476 453 2520 quaedam
470 2475 643 2519 principia
660 2483 783 2510 natura
802 2485 903 2519 nota,
931 2491 1019 2523 quae
1036 2492 1167 2513 conne-

188 2528 328 2561 xionem
343 2527 573 2559 necessariam
593 2526 765 2568 efficiunt,
793 2530 883 2561 utin
907 2530 1054 2572 singulis
1079 2531 1168 2574 figu-

190 2579 238 2611 ris
264 2578 460 2610 ostendam.
513 2577 564 2610 Ac
587 2588 683 2610 nunc
709 2579 752 2610 de
772 2579 882 2621 prima
908 2581 1016 2623 figura
1041 2582 1166 2625 dicam,

191 2629 271 2674 quia
290 2628 406 2661 minus
421 2628 564 2661 videtur
581 2628 783 2671 confragosa
803 2630 999 2673 dispositio.
1045 2633 1085 2664 In
1103 2631 1167 2665 hac

192 2680 277 2713 ratio
294 2687 344 2714 est
359 2679 630 2725 consequentiae
647 2679 829 2714 manifesta
848 2687 880 2714 et
896 2681 1040 2715 immota
1067 2681 1165 2716 baec:

1226 351 1258 378 et
1276 344 1414 377 minore
1431 345 1540 387 figura
1553 371 1562 384 ,
1589 356 1727 379 necesse
1743 353 1794 380 est
1813 353 1911 392 sequi
1935 348 2211 383 conclusionem.

1223 394 1270 429 Et
1286 392 1393 428 huius
1415 394 1584 439 principii
1608 396 1802 438 evidentia,
1831 410 1919 442 quae
1943 399 2097 433 ostendit
2125 411 2211 432 con-

1223 445 1417 480 clusionem
1435 445 1631 478 necessario
1648 446 1766 491 sequi,
1794 449 1969 482 certitudo
1987 450 2124 483 munita
2150 457 2212 491 est,

1223 505 1256 531 et
1272 496 1528 529 confirmantur
1542 502 1694 536 mentes,
1721 503 1760 530 ut
1786 497 1861 530 sine
1886 500 2108 533 dubitatione
2133 512 2209 533 arn-

1222 549 1421 592 plectantur
1455 546 1755 591 consequentiam.
1814 546 1924 581 Plana
1964 556 1996 582 et
2028 551 2210 595 perspicua

1223 605 1304 632 sunt
1322 609 1411 642 quae
1429 598 1528 635 dico,
1555 598 1616 630 sed
1634 603 1752 630 tamen
1771 599 1908 632 accedat
1936 601 2099 642 attentio,
2126 603 2209 646 quia

1223 655 1367 694 propter
1383 648 1572 682 exilitatem
1591 645 1677 681 haec
1701 649 1819 682 minus
1842 649 2063 693 aspiciuntur
2087 652 2131 685 ab
2153 653 2209 691 iis,

1223 700 1282 744 qui
1302 711 1374 732 non
1393 705 1568 744 quaerunt
1584 699 1697 732 fontes
1721 699 1915 733 doctrinae.
1967 699 2066 734 Sicut
2092 708 2209 735 autem

1223 749 1279 784 hic
1307 751 1344 782 in
1370 761 1495 793 genere
1517 750 1653 782 includi
1677 749 1826 793 speciem
1845 750 1924 783 dico
1939 777 1946 791 ,
1971 751 2020 783 sic
2036 751 2078 783 de
2096 753 2209 796 specie

1222 808 1255 834 et
1272 802 1314 834 de
1331 801 1519 834 individuo
1539 800 1692 841 dicatur,
1720 807 1752 834 et
1770 800 1882 833 multo
1897 801 2005 844 magis
2021 802 2064 834 de
2082 802 2210 835 defini-

1223 852 1318 884 tione
1345 859 1377 885 et
1402 851 1559 884 definito.
1610 850 1701 884 Nam
1722 862 1800 884 cum
1819 851 1976 884 definitio
1995 853 2037 884 de
2063 853 2207 886 definito

1222 903 1368 942 dicitur,
1395 902 1449 934 vel
1476 908 1634 942 econtra,
1664 902 1811 945 perinde
1837 909 1906 942 est,
1933 914 1971 935 ac
1995 903 2023 935 si
2046 903 2138 936 idem
2165 905 2209 936 de

1223 965 1258 986 se
1274 954 1349 997 ipso
1369 954 1516 986 dicatur.
1571 951 1667 985 Haec
1685 953 1777 985 infra
1794 960 1947 996 repetam
1964 953 2001 985 in
2019 954 2208 988 collatione

1221 1005 1424 1047 figurarum.
1479 1003 1582 1036 Prius
1598 1003 1691 1036 enim
1708 1004 1887 1046 generales
1910 1004 2047 1047 regulas
2072 1005 2115 1037 de
2137 1005 2209 1050 syl-

1222 1055 1397 1097 logismis,
1426 1061 1457 1087 et
1474 1054 1602 1097 figuras
1618 1066 1656 1086 ac
1674 1055 1796 1087 modos
1813 1054 2046 1088 recitabimus.
2083 1053 2209 1089 Postea

1222 1108 1264 1140 de
1284 1117 1385 1139 cansa
1403 1105 1535 1144 dicam,
1563 1116 1671 1148 quare
1695 1111 1764 1137 tres
1790 1116 1863 1138 esse
1886 1105 2013 1147 figuras
2037 1113 2209 1150 oporteat,

1221 1156 1283 1202 qui
1305 1156 1349 1189 sit
1371 1157 1458 1188 ordo
1486 1155 1521 1187 iu
1547 1155 1695 1197 singulis
1718 1161 1750 1188 et
1775 1167 1863 1199 quae
1880 1156 1970 1188 ratio
1989 1167 2208 1202 consequen-

1220 1208 1302 1242 tiae.
1355 1205 1458 1239 Nunc
1476 1212 1513 1238 ut
1532 1206 1657 1238 caeteri
1674 1205 1876 1246 Dialectici,
1903 1206 2057 1240 recitabo
2075 1208 2209 1240 doctri-

1221 1270 1302 1290 nam
1318 1257 1477 1299 regulae,
1504 1256 1584 1290 Dici
1601 1257 1644 1288 de
1659 1256 1774 1296 omni,
1801 1268 1890 1300 quae
1910 1268 2054 1300 prorsus
2080 1269 2119 1290 ex
2144 1258 2208 1291 illo

1220 1309 1317 1341 sonte
1335 1308 1468 1347 oritur,
1495 1318 1600 1351 quem
1617 1306 1829 1346 monstravi,
1856 1307 2021 1341 videlicet
2039 1308 2076 1340 in
2096 1308 2210 1351 prima

1220 1359 1329 1402 figura
1348 1358 1489 1402 procedi
1516 1369 1533 1389 a
1557 1367 1682 1398 genere
1707 1358 1750 1389 ad
1776 1357 1925 1399 speciem
1950 1358 2210 1395 universaliter.

1221 1407 1365 1442 Ornant
1381 1407 1568 1451 splendido
1586 1407 1708 1447 titulo,
1735 1413 1861 1440 vocant
1879 1407 1973 1440 enim
1992 1408 2209 1453 principium

1221 1460 1475 1503 regulathum,
1502 1456 1583 1490 Dici
1601 1458 1644 1490 de
1666 1457 1785 1497 omni,
1813 1457 1895 1502 quia
1913 1466 1961 1492 est
1979 1459 2067 1491 ordo
2087 1460 2209 1492 termi-

1221 1522 1350 1544 norum
1367 1510 1403 1543 in
1421 1509 1533 1552 prima
1551 1508 1677 1551 figura:
1706 1520 1794 1553 quae
1810 1520 1889 1541 cum
1908 1509 1951 1542 sit
1964 1509 2113 1542 maxime
2129 1522 2209 1553 per-

1221 1561 1339 1605 spicua
1351 1588 1359 1602 ,
1387 1561 1521 1597 dicunt,
1550 1565 1700 1592 caeteras
1714 1559 1842 1601 figuras
1857 1560 2058 1593 confirmari
2075 1567 2107 1594 et
2124 1561 2209 1594 illu-

1221 1612 1345 1652 strari,
1379 1623 1458 1644 cum
1488 1611 1708 1643 reducuntur
1731 1611 1774 1643 ad
1800 1609 1962 1654 primam.
2023 1609 2127 1650 Haec.
2144 1612 2208 1645 etsi

1222 1675 1303 1697 vera
1319 1669 1413 1700 sunt,
1441 1668 1558 1695 tamen
1575 1661 1723 1694 obscure
1740 1660 1919 1697 dicuntur.
1960 1661 2030 1696 Sed
2047 1662 2209 1706 planiora

1221 1714 1306 1749 fient
1321 1712 1516 1758 conspectis
1537 1711 1731 1755 figurarum
1748 1711 1874 1747 causis.

1435 1798 1532 1841 Quid
1554 1801 1687 1832 vocant
1713 1795 1790 1831 clici
1816 1795 1862 1831 de
1883 1794 2007 1831 omni?

1323 1867 1402 1901 Dici
1420 1868 1464 1900 de
1479 1866 1576 1899 omni
1602 1871 1671 1906 est,
1697 1865 1840 1910 quando
1862 1862 1955 1897 nihil
1979 1872 2092 1909 potest
2115 1868 2207 1900 sumi

1219 1919 1284 1953 sub
1301 1919 1457 1952 subiecto
1479 1916 1641 1956 maioris,
1668 1916 1712 1948 de
1731 1928 1800 1960 quo
1820 1927 1893 1948 non
1910 1915 2050 1949 dicatur
2066 1919 2208 1960 praedi-

1220 1977 1334 2004 catum
1353 1968 1509 2002 maioris.
1561 1967 1644 2000 Dici
1659 1967 1703 1999 de
1727 1966 1828 1999 nullo
1851 1972 1919 2005 est,
1948 1969 2090 2011 quando
2114 1967 2207 2002 nihil

1220 2022 1284 2054 sub
1302 2020 1459 2054 subiecto
1478 2018 1622 2051 maioris
1638 2017 1730 2050 sumi
1755 2023 1888 2062 potest,
1916 2028 1935 2050 a
1958 2029 2028 2062 quo
2053 2030 2127 2052 non
2150 2032 2206 2053 re-

1219 2077 1403 2105 moveatur
1426 2069 1679 2114 praedicatum.

1247 2156 1344 2200 Quid
1371 2155 1503 2191 docent
1531 2159 1569 2190 et
1599 2165 1669 2200 quo
1695 2156 1891 2199 pertinent
1916 2152 1988 2188 hae
2016 2153 2193 2201 regulae?

1324 2224 1475 2270 Proprie
1494 2222 1762 2267 dispositionem
1779 2221 1913 2265 primae
1929 2220 2069 2263 figurae,
2089 2227 2120 2254 et
2132 2233 2205 2254 non

1220 2276 1369 2310 aliarum
1387 2275 1591 2308 ostendunt.
1645 2270 1692 2306 Et
1708 2273 1779 2305 duo
1799 2278 1980 2315 praecepta
2006 2271 2202 2306 continent.

1220 2326 1400 2368 Alterum,
1434 2326 1527 2370 quod
1553 2324 1622 2357 iam
1649 2323 1748 2357 toties
1774 2322 1867 2362 dixi,
1895 2322 1932 2354 in
1956 2321 2069 2364 prima
2093 2322 2202 2365 figura

1219 2378 1362 2423 procedi
1381 2389 1398 2412 a
1414 2388 1539 2421 genere
1555 2376 1599 2408 ad
1616 2374 1782 2418 speciem:
1811 2374 1857 2406 ita
1876 2369 1932 2404 hic
1951 2371 2082 2405 dicitur
2098 2385 2204 2417 opor-

1219 2437 1292 2463 tere
1315 2428 1510 2462 subiectum
1537 2424 1684 2458 minoris
1706 2435 1787 2456 vere
1812 2422 1949 2456 includi
1972 2423 2011 2455 in
2046 2423 2203 2458 subiecto

1219 2480 1374 2515 maioris.
1428 2478 1590 2512 Alterum
1614 2479 1838 2518 praeceptum
1863 2480 1929 2513 est,
1961 2479 2000 2506 ut
2022 2473 2136 2507 maior
2159 2475 2204 2509 sit

1219 2530 1441 2569 universalis,
1458 2536 1490 2562 et
1508 2527 1650 2572 quidem
1668 2525 1839 2568 complete
1854 2524 2074 2559 universalis,
2107 2523 2204 2558 Con-

1220 2582 1311 2626 gruit
1329 2581 1439 2624 igitur
1456 2577 1523 2612 hoc
1548 2582 1770 2620 praeceptum
1788 2582 1821 2609 et
1838 2587 1917 2608 cum
1936 2575 2131 2618 puerilibus
2148 2589 2203 2609 re-

1221 2633 1326 2676 gulis:
1371 2629 1424 2663 Ex
1466 2628 1564 2673 puris
1601 2626 1873 2671 particularibus
1908 2624 1998 2658 nibil
2034 2627 2201 2670 sequitur.

1221 2683 1326 2717 ltem:
1355 2681 1406 2715 Ne
1423 2680 1493 2714 sint
1512 2679 1630 2724 plures
1650 2677 1790 2711 termini
1809 2677 1844 2710 in
1873 2677 2073 2723 syllogismo
2099 2690 2202 2722 quam

1643 2724 1724 2762 38'
