2379 2948
148 100 220 139 275
425 93 633 133 SCRIPTA
659 92 734 128 PH.
757 87 873 126 MEL.
899 89 967 126 AD
992 88 1121 126 HIST.
1146 86 1290 124 PROF.
1315 85 1382 122 ET
1409 84 1599 122 PHILOS.
1621 85 1938 125 SPECTANTIA.
2091 89 2166 125 276

250 184 319 219 Sed
347 184 491 226 longum
517 187 601 214 esset
627 175 808 210 immorari
834 173 890 208 his
915 174 1132 208 admirandis

151 236 305 275 vicibus,
333 245 419 278 quae
447 231 635 265 certissima
659 233 741 260 sunt
765 225 906 259 divinae
931 226 1133 270 sapientiae,

149 285 393 330 providentiae
446 288 478 314 et
516 277 685 312 bonitatis
715 276 935 317 testimonia,
976 288 1064 321 quae
1095 276 1133 307 in

150 337 234 380 ipsis
252 335 404 371 artibus,
431 331 490 363 ubi
515 328 601 362 haec
626 327 821 362 accuratius
843 328 1052 367 traduntur,
1077 325 1133 358 di-

150 386 315 429 ligentius
333 381 531 424 aspicienda
554 386 646 413 sunt.

250 450 350 483 Nunc
366 459 471 491 pergo
497 448 541 480 ad
566 447 721 491 reliquos
748 446 837 479 duos
852 444 1035 487 planetas,
1063 442 1134 475 Ve-

149 513 269 535 nerem
286 506 318 533 ct
336 498 574 537 Mercurium,
601 497 664 542 qui
683 497 747 530 etsi
770 497 880 530 multa
898 493 1030 528 habent
1054 504 1132 526 cum

149 552 260 585 tribus
276 549 448 593 supremis
474 547 695 588 communia,
722 553 839 580 tamen
857 558 937 580 cum
963 544 1133 589 quaedam

150 602 253 635 etiam
271 599 388 643 adepti
407 599 477 631 sint
494 597 682 641 peculiaria
694 624 702 638 ‚
730 597 913 641 separatim
932 606 1053 628 eorum
1071 605 1134 626 na-

151 658 229 685 tura
247 657 281 684 et
297 656 412 683 motus
431 648 558 692 exponi
577 649 690 681 debet.

176 764 240 801 De
269 765 406 801 duobus
428 763 674 810 inferioribus
691 765 877 806 Planetis,
908 763 1052 796 Venere
1080 763 1117 793 et

543 818 746 850 Mercurio.

253 891 343 925 Cum
372 891 409 923 in
436 897 653 924 caeterorum
677 889 901 922 Planetarum
929 886 998 919 situ
1024 892 1054 918 et
1077 897 1134 917 or-

151 941 233 975 dine
257 942 327 974 fere
355 941 517 973 universa
545 941 735 984 antiquitas
760 937 996 976 consenserit,
1024 936 1060 967 in
1080 933 1135 967 his

152 993 290 1025 duobus
314 992 556 1033 discreparunt
589 989 791 1023 sententiae.
857 986 945 1019 Nam
976 985 1076 1018 Plato
1102 991 1135 1017 et

151 1043 254 1075 illum
277 1048 414 1074 secutus
433 1040 640 1073 Aristoteles
665 1039 839 1071 collocant
865 1048 922 1069 eos
946 1047 1050 1078 supra
1068 1034 1135 1067 So-

151 1092 242 1132 lem,
269 1103 371 1135 quem
388 1090 512 1122 volunt
533 1089 654 1122 Lunae
680 1089 881 1131 proximum
906 1097 989 1119 esse.
1040 1084 1134 1117 Moti

153 1148 236 1175 sunt
255 1148 370 1174 autem
390 1138 453 1172 bac
482 1139 635 1178 ratione,
663 1139 758 1182 quod
787 1142 998 1169 censuerunt
1017 1135 1135 1167 Vene-

150 1192 200 1224 ris
225 1197 258 1223 et
280 1189 451 1223 Mercurii
475 1189 591 1222 stellas
609 1189 749 1222 obiectu
775 1198 921 1221 suorum
947 1197 1133 1229 corporum

151 1241 255 1274 nobis
269 1247 403 1283 partem
428 1239 582 1283 aliquam
607 1238 701 1272 Solis
721 1239 967 1271 obscuraturas
988 1247 1078 1275 esse,
1106 1235 1133 1267 si

150 1291 243 1324 infra
261 1303 339 1324 eum
355 1290 543 1322 collocatae
562 1295 693 1326 essent,
721 1300 801 1321 cum
820 1287 850 1320 ei
867 1287 969 1320 toties
985 1286 1135 1318 coniun-

150 1347 288 1384 gantur.
349 1339 427 1372 Hoc
458 1351 537 1371 cum
565 1339 662 1371 nulla
690 1344 800 1370 aetate
833 1337 1056 1369 observatum
1079 1336 1134 1373 sit,

152 1390 395 1424 existimarunt
411 1389 538 1422 rectius
556 1388 662 1426 credi,
691 1385 752 1420 has
769 1385 885 1420 stellas
903 1397 1005 1429 supra
1015 1384 1133 1418 Solem

153 1441 234 1474 sitas
252 1451 335 1475 esse.

255 1497 324 1531 Sed
360 1495 613 1540 antiquissimi,
649 1503 681 1530 et
712 1501 830 1539 postea
864 1493 972 1527 secuti
1004 1491 1134 1525 eruditi

151 1545 331 1588 homines,
356 1549 557 1580 maluerunt
572 1548 730 1585 credere,
758 1543 820 1578 has
837 1546 923 1578 duas
947 1544 1062 1577 stellas
1080 1543 1134 1574 in-

151 1605 205 1631 ter
237 1599 388 1630 duorum
420 1597 595 1629 lnminum
634 1594 796 1639 sphaeras
826 1596 929 1634 ferri,
962 1606 1024 1626 nec
1048 1593 1133 1625 moti

153 1654 235 1681 sunt
252 1648 311 1680 illa
331 1647 594 1679 Platonicorum
611 1647 765 1685 ratione,
794 1645 1022 1678 metuentium
1042 1643 1134 1676 Solis

153 1698 436 1730 obscurationem
457 1697 493 1728 in
512 1694 636 1729 harum
655 1696 834 1730 stellarum
855 1708 932 1727 cum
953 1694 1034 1726 Sole
1050 1705 1133 1725 con-

152 1748 347 1790 gressibus,
383 1759 461 1779 eum
497 1753 629 1779 certum
657 1747 718 1785 sit,
762 1757 817 1778 eas
851 1744 1134 1789 frequentissime

152 1805 246 1831 extra
258 1795 463 1840 Eclipticam
483 1797 632 1839 evagari,
657 1803 690 1829 et
709 1807 788 1828 raro
807 1795 853 1828 ita
871 1794 1037 1837 coniungi
1055 1806 1132 1832 cum

153 1847 254 1887 Sole,
285 1854 323 1880 ut
340 1847 375 1879 in
394 1847 522 1878 lineam
540 1859 578 1879 ex
596 1847 672 1880 visu
689 1853 809 1879 nostro
826 1857 888 1889 per
904 1851 1062 1878 centrum
1080 1856 1134 1876 so-

153 1897 236 1930 laris
253 1897 407 1940 corporis
430 1898 608 1937 eductam,
636 1897 830 1931 incurrant.

259 1963 327 1996 Sed
360 1969 398 1995 ut
421 1960 487 1994 hoc
514 1963 616 1995 etiam
653 1963 803 2002 accidat,
839 1963 927 1995 sicut
957 1962 1134 1995 interdurn

155 2012 230 2045 fieri
248 2019 379 2057 potest,
405 2019 520 2045 tamen
547 2013 698 2055 parvitas
714 2010 837 2045 harum
857 2012 1036 2045 stellarum
1054 2012 1136 2045 nul-

154 2063 224 2095 lam
243 2070 375 2107 partem
395 2062 488 2096 Solis
506 2062 720 2095 sensibiliter
737 2069 870 2105 tegere,
897 2069 931 2095 et
955 2062 1045 2095 visui
1070 2073 1135 2094 no-

156 2119 228 2145 stro
254 2114 407 2146 adimere
427 2119 552 2156 potest.
613 2112 700 2145 Nam
726 2119 764 2145 ut
787 2112 1027 2154 diligentiores
1052 2112 1136 2145 arti-

155 2163 234 2196 fices
255 2163 498 2203 tradiderunt,
529 2161 678 2195 Veneris
694 2174 866 2207 apparens
890 2163 1059 2195 diameter
1079 2162 1135 2195 vix

157 2213 291 2247 decima
309 2225 386 2258 pars
404 2220 455 2247 est
470 2213 632 2246 diametri
649 2212 752 2248 Solis.

257 2279 395 2314 Deinde
411 2279 576 2314 distantia
587 2279 680 2314 Solis
696 2287 729 2314 et
744 2279 876 2315 Lunae.
904 2277 974 2313 Ubi
988 2278 1135 2311 minima

158 2337 224 2372 est,
257 2337 373 2365 tamen
402 2331 561 2364 continet
584 2331 861 2364 semidiametros
897 2336 1009 2362 terrae
1036 2329 1135 2361 mille

159 2381 324 2415 ducentas
347 2381 436 2421 fere,
462 2393 540 2414 cum
553 2380 674 2414 Lunae
696 2393 714 2414 a
732 2388 822 2414 terra
839 2379 1003 2413 distantia
1024 2379 1134 2411 maxi-

159 2441 215 2462 ma
230 2429 355 2463 habeat
370 2437 504 2464 tantum
524 2430 572 2464 64
589 2431 866 2464 semidiametros
883 2436 916 2462 et
933 2436 1133 2462 sextantem.

159 2478 247 2513 Cum
264 2480 369 2522 igitur
385 2487 520 2513 tantum
537 2481 691 2524 spacium
712 2482 747 2514 in
767 2481 882 2514 medio
898 2480 1073 2512 luminum
1089 2479 1135 2513 sit

159 2529 353 2573 reliquum,
387 2529 575 2563 verisimile
600 2538 667 2574 est,
701 2529 765 2564 hos
788 2532 876 2564 duos
893 2529 1054 2563 Planetas
1078 2528 1134 2560 in-

157 2579 318 2613 teriectos
334 2590 421 2616 esse,
448 2585 487 2612 ut
511 2580 688 2623 expleatur
709 2582 828 2627 aliquo
851 2581 956 2614 modo
981 2578 1135 2613 vastissi-

160 2641 256 2663 mum
274 2629 362 2663 illud
380 2628 617 2665 intervallum.

1288 171 1421 206 Verum
1440 171 1500 204 alii
1517 172 1680 216 quidam,
1708 184 1786 205 cum
1809 173 1971 207 viderent
1989 171 2053 207 hos
2076 176 2165 208 duos

1184 222 1347 256 Planetas
1367 229 1534 266 perpetuo
1554 222 1674 256 Solem
1690 223 1868 263 comitari,
1895 235 1958 256 nec
1983 225 2027 257 ab
2050 236 2090 257 eo
2108 225 2164 258 ul-

1184 280 1236 306 tra
1261 280 1372 306 certos
1396 273 1565 306 terminos
1597 274 1800 313 abscedere,
1831 274 2055 307 crediderunt
2086 275 2166 307 illos

1184 323 1275 356 circa
1301 322 1420 357 Solem
1447 329 1613 368 tanquam
1637 323 1728 356 circa
1758 334 1859 356 suum
1886 329 2042 356 centrum
2071 325 2167 364 ferri,

1188 373 1234 406 ita
1264 379 1302 407 ut
1338 373 1495 417 ipsorum
1523 371 1690 417 sphaerae
1718 384 1844 417 corpus
1871 372 1965 406 Solis
1989 373 2027 405 in
2051 375 2166 407 medio

1185 423 1362 456 inclusum
1393 421 1557 457 habeant.
1625 423 1697 466 Qui
1730 424 1863 467 positus
1893 423 2011 456 omnia
2038 421 2166 456 horum

1186 472 1412 507 I’lanetarum
1437 470 1647 519 φαινόμενα
1671 474 1787 518 aptius
1812 473 1984 513 ostendit,
2012 485 2115 517 quam
2139 473 2168 507 si

1187 524 1242 556 vel
1262 535 1365 567 supra
1392 523 1529 564 Solem,
1558 524 1613 556 vel
1639 524 1731 557 infra
1754 536 1832 557 eum
1858 521 1985 556 horum
2002 522 2167 557 Planeta-

1187 585 1267 606 rum
1301 571 1467 616 sphaerae
1497 574 1726 608 collocentur.
1793 573 1863 608 Sed
1887 585 1959 612 nos,
1977 574 2169 607 retinemus

1187 623 1514 667 antiquissimorum
1533 623 1802 666 Astrologorum
1819 624 2037 665 sententiam,
2063 635 2169 668 quam

1188 672 1309 707 Cicero
1335 685 1493 717 quoque,
1519 672 1738 706 Ptolemaeus
1774 681 1807 707 et
1826 675 1888 707 alii
1908 681 2062 708 recentes
2088 672 2169 707 Ma-

1187 721 1366 757 thematici
1382 735 1508 766 magno
1526 735 1697 756 consensu
1714 731 1797 758 sunt
1814 725 1935 760 secuti.

1290 780 1451 815 Dicimus
1483 782 1591 824 igitur
1614 781 1786 815 Venerem
1808 783 1966 826 proxime
1990 782 2081 815 infra
2103 780 2171 815 So-

1189 832 1276 872 lem,
1303 838 1335 865 et
1360 832 1424 864 sub
1451 829 1515 865 hac
1530 831 1750 866 Mercurium
1775 844 1880 876 snpra
1896 832 2019 866 Lunae
2046 830 2171 876 sphae-

1188 894 1262 915 ram
1287 882 1464 915 collocari.

1289 939 1366 975 Etsi
1389 948 1504 974 autem
1522 939 1560 974 hi
1579 941 1745 976 Planetae
1769 942 1891 976 multis
1915 942 2020 975 rebus
2042 952 2171 974 conve-

1187 991 1292 1024 niunt
1309 1003 1386 1024 cum
1406 993 1548 1024 caeteris
1564 991 1737 1031 Planctis,
1761 1000 1793 1026 et
1809 992 1995 1036 praecipue
2013 1003 2091 1025 cum
2106 991 2172 1024 tri-

1187 1042 1252 1074 bus
1286 1042 1550 1084 superioribus,
1592 1049 1708 1075 tamen
1738 1041 1805 1075 hoc
1837 1041 1966 1076 habent
1995 1041 2171 1085 peculiare

1188 1092 1310 1131 ambo,
1337 1093 1431 1135 quod
1458 1099 1623 1135 perpetua
1647 1093 1893 1126 observatione
1913 1089 2169 1136 deprehensum

1155 1175 1158 1180 ,
1188 1147 1258 1181 est,
1293 1152 1351 1173 eos
1376 1153 1449 1174 non
1475 1142 1611 1184 digredi
1629 1154 1648 1175 a
1667 1142 1749 1176 Sole
1771 1149 1844 1176 toto
1868 1143 1985 1182 coelo,
2011 1149 2050 1175 ut
2068 1142 2112 1174 ab
2129 1152 2170 1173 eo

1188 1191 1380 1236 aliquando
1411 1203 1473 1235 per
1503 1193 1713 1236 quadratum
1743 1200 1803 1226 aut
1823 1204 1888 1238 per
1912 1193 2090 1234 trigonum
2115 1191 2171 1223 di-

1188 1248 1297 1282 stent,
1325 1242 1381 1274 vel
1397 1254 1436 1274 ex
1456 1243 1602 1275 adverso
1621 1249 1830 1283 cernantur,
1856 1243 1915 1276 sed
1941 1240 2070 1275 habere
2095 1251 2171 1273 cer-

1187 1299 1238 1326 tas
1252 1299 1378 1332 metas,
1400 1292 1493 1325 ultra
1511 1304 1595 1336 quas
1612 1304 1630 1325 a
1649 1292 1731 1326 Sole
1749 1304 1822 1324 non
1839 1298 2040 1325 excurrunt.
2069 1290 2171 1324 Sem-

1188 1354 1249 1385 per
1271 1342 1365 1375 enim
1392 1341 1513 1375 Venus
1536 1344 1621 1374 citra
1648 1341 1996 1385 quinquagesimum,
2029 1340 2172 1373 Mercu-

1186 1391 1261 1423 rIus
1277 1402 1360 1423 vero
1377 1390 1461 1423 citra
1485 1390 1699 1423 tricesimum
1717 1392 1863 1434 gradum
1884 1390 2002 1425 Solem
2028 1391 2173 1424 comita-

1188 1448 1262 1481 tur,
1288 1452 1351 1473 nec
1368 1440 1527 1484 longiore
1550 1441 1737 1474 intervallo
1761 1441 1864 1475 illum
1884 1442 1939 1475 vel
1964 1441 2171 1481 antecurrit,

1189 1491 1244 1523 vel
1265 1492 1438 1535 sequitur.

1287 1547 1340 1581 Ex
1375 1547 1440 1581 hac
1473 1549 1718 1582 observatione
1752 1550 1854 1583 etiam
1888 1550 2171 1583 animadversum

1188 1606 1256 1638 est,
1284 1597 1411 1631 horum
1435 1599 1541 1631 trium
1560 1598 1803 1640 planetarum,
1831 1599 1942 1640 Solis,
1968 1599 2114 1633 Veneris
2139 1607 2172 1633 et

1188 1649 1380 1686 Mercurii,
1409 1650 1554 1681 eandem
1573 1661 1643 1681 esse
1663 1650 1790 1682 lineam
1815 1651 1921 1682 medii
1940 1662 2000 1683 seu
2016 1650 2171 1695 aequalis

1187 1706 1323 1742 motus,
1353 1697 1419 1731 hoc
1444 1705 1511 1738 est,
1543 1706 1660 1732 centra
1684 1700 1918 1744 epicyclorum
1944 1712 2080 1744 semper
2104 1701 2172 1733 cir-

1188 1749 1351 1782 cumferri
1377 1761 1455 1781 cum
1482 1749 1575 1781 linea
1602 1750 1757 1794 aequalis
1779 1757 1894 1784 motus
1912 1750 2016 1784 Solis.
2068 1749 2172 1784 Unde

1189 1800 1292 1832 etiam
1310 1799 1441 1832 dicitur
1465 1796 1595 1832 horum
1622 1800 1728 1832 trium
1746 1799 1972 1833 Planetarum
1996 1812 2068 1834 esse
2091 1812 2171 1844 per-

1189 1857 1291 1893 petua
1315 1849 1538 1888 coniunctio,
1567 1851 1758 1883 secundum
1777 1850 1930 1883 medium
1955 1862 2017 1883 seu
2041 1862 2171 1895 aequa-—

1190 1902 1255 1933 lem
1277 1900 1432 1943 ipsorum
1458 1906 1604 1933 motum.

1290 1955 1341 1989 Ex
1359 1955 1423 1989 hoc
1441 1957 1528 1989 illud
1549 1968 1688 2001 quoqne
1714 1958 1887 2002 sequitur,
1915 1959 2007 2003 quod
2035 1965 2170 2002 tempus

1188 2008 1406 2051 periodicum
1424 2007 1534 2040 centri
1551 2008 1786 2052 epicycloruin
1807 2009 1841 2040 in
1863 2007 1916 2041 his
1933 2010 2072 2042 duobus
2090 2009 2170 2042 Pla-

1189 2059 1278 2091 netis
1297 2069 1439 2101 prorsus
1459 2064 1508 2090 est
1526 2057 1618 2090 idem
1639 2064 1670 2090 et
1689 2059 1832 2102 aequale
1852 2071 1929 2092 cum
1941 2059 2087 2103 periodo
2098 2059 2167 2093 So-

1188 2109 1250 2147 lis,
1278 2107 1337 2152 qui
1354 2119 1416 2140 suo
1442 2113 1540 2140 motu
1563 2109 1699 2152 aequali
1725 2120 1882 2142 aunuum
1906 2109 2009 2142 nobis
2032 2116 2169 2154 tempus

1189 2157 1513 2193 exacte²describit.
1573 2157 1690 2200 Quare
1722 2165 1755 2192 et
1784 2156 1911 2192 horum
1942 2158 2168 2194 Planetarum

1188 2208 1401 2242 curriculum
1431 2219 1493 2252 per
1522 2207 1714 2242 Zodiacum
1748 2221 1866 2243 annuo
1905 2211 2021 2254 spacio
2051 2211 2167 2244 absol-

1187 2259 1293 2295 vitur-

1288 2317 1438 2360 Propter
1453 2314 1544 2350 hanc
1571 2330 1649 2351 cum
1668 2317 1749 2352 Sole
1768 2319 2010 2362 cognationem
2037 2331 2167 2352 vocan-

1187 2375 1245 2402 tur
1282 2366 1403 2400 Venus
1433 2373 1465 2400 et
1500 2367 1701 2402 Mercurius
1734 2382 1751 2402 a
1778 2369 1925 2403 Platone
1959 2365 2163 2415 ἰσόδρομοι,

1188 2414 1371 2462 ὃμόὸρμοι
1395 2415 1456 2451 καὶ
1474 2414 1672 2463 ξύνὸρᾳιιοι
1691 2422 1744 2464 τῷ
1762 2417 1862 2465 ἡλίῳ.

1285 2476 1469 2511 Caeterum
1495 2476 1657 2520 privatim
1685 2477 1804 2511 Venus
1827 2477 1954 2510 dicitur
1981 2475 2163 2524 ἔωςᾳόρος

1187 2534 1219 2560 et
1236 2522 1438 2572 φοςφόρος,
1466 2526 1573 2559 latine
1598 2526 1758 2568 Lucifer,
1791 2528 1932 2572 quando
1957 2540 2057 2561 mane
2082 2535 2163 2562 ante

1187 2577 1281 2611 Solis
1296 2583 1454 2610 exortum
1472 2577 1704 2621 conspicitur,
1731 2579 1823 2610 diem
1850 2579 2108 2621 praenuncians
2131 2586 2164 2612 et

1187 2633 1376 2661 maturans.
1401 2625 1539 2663 Rursus
1561 2629 1680 2662 eadem
1704 2634 1848 2661 vocatur
1869 2626 2033 2675 ἕσπερος,
2064 2627 2163 2663 Lati-
