2379 2948
187 101 259 134 483
419 93 626 132 SCRIPTA
655 91 730 127 PH.
758 88 871 125 MEL.
901 89 965 124 AD
993 88 1121 123 HtST.
1149 86 1291 123 PROF.
1322 85 1386 121 ET
1412 84 1604 121 PHILOS.
1633 84 1952 122 SPECTANTIA.
2128 87 2200 122 484

194 184 311 227 aliquo
343 182 450 214 modo
481 178 621 222 agnosci
651 174 811 218 cognatio
845 174 964 217 possit

194 240 309 266 autem
341 233 378 264 in
411 229 475 263 hac
501 226 763 271 comparatione
786 225 944 258 locorum
967 224 1168 257 dialectico-

194 295 272 316 rum
307 290 340 315 et
371 282 558 323 figurarum
582 275 789 310 elocutionis
816 287 888 308 non
917 275 1023 308 nimis
1048 273 1170 307 subtili

195 346 233 366 ac
257 331 494 375 superstitiosa
520 327 667 362 ratione,
720 325 812 360 Satis
834 332 885 359 est
908 326 1003 358 enim
1026 327 1068 358 ad
1095 336 1169 357 eam

195 396 268 416 rem
294 379 461 413 adhibere
485 378 696 411 mediocrem
729 377 906 421 quandam
936 376 1172 420 prudentiam,

196 440 228 465 et
252 431 368 475 aliqua
396 441 436 461 ex
460 435 557 472 parte
581 426 825 470 cognationem
842 426 978 466 videre,
1004 433 1043 459 ut
1059 426 1173 458 fontes

195 486 483 515 ornamentorum
516 485 550 512 et
573 477 800 521 negociorum
825 476 988 519 regiones
1012 475 1173 508 animad-

195 531 283 564 verti
309 536 450 575 queant.
503 528 623 562 Nimia
650 527 825 560 subtilitas
847 527 884 559 in
909 526 1043 559 artibus
1059 537 1174 558 remo-

194 588 293 615 ratur
310 580 520 614 discentium
539 578 673 619 studita,
699 589 738 611 ac
759 588 804 610 ne
828 576 976 610 iudicari
994 576 1137 621 quidem
1155 586 1175 607 a

193 630 344 676 pueritia
367 637 490 675 potest.

528 722 585 754 Es:
610 718 843 766 definitione.

297 789 455 822 Primum
479 786 734 830 amplificamus
758 792 818 819 aut
850 792 1076 819 extenuamus
1103 784 1176 817 sin-

196 841 286 884 gulis
310 839 438 873 verbis.
498 836 766 880 Amplificamus
797 847 859 880 per
890 835 1065 876 auxesim,
1098 846 1176 867 cum

196 892 306 924 verbo
330 889 484 928 utimur,
519 887 614 932 quod
638 886 687 919 rei
710 886 991 929 magnitudinem
1012 896 1177 929 superare

196 942 355 979 videtur,
390 945 429 972 ut
454 949 519 982 pro
543 937 734 970 conviciari
771 934 999 976 debacchari,
1034 948 1097 979 pro
1122 947 1177 968 er-

197 998 273 1025 rato
293 989 415 1023 scelus.
471 987 512 1021 ln
540 985 605 1020 hac
628 998 665 1019 re
693 987 788 1029 tropi
811 986 1059 1026 dominantur,
1094 986 1175 1031 quia

197 1041 292 1074 enim
310 1040 459 1084 pingunt
476 1049 531 1071 res
547 1049 609 1081 per
625 1048 660 1070 se
682 1037 933 1070 similitudines
945 1063 954 1077 ‚
980 1037 1040 1068 illa
1066 1037 1176 1068 simu-

196 1089 315 1124 lachra
346 1088 564 1122 incurrentia
596 1087 633 1120 in
656 1087 796 1125 oculos,
833 1087 990 1120 efficiunt
1012 1097 1068 1119 res
1091 1097 1177 1119 con-

196 1141 402 1185 spectiores,
424 1146 462 1173 ut
485 1150 564 1171 cum
590 1149 653 1181 pro
677 1137 826 1177 stolido,
854 1137 991 1170 asinum
1017 1137 1177 1170 dicimus.

194 1190 242 1225 Et
260 1190 447 1233 Virgilius:
473 1188 651 1222 Invadunt
664 1188 787 1220 urbem
803 1199 928 1220 somno
952 1188 1107 1232 vinoque
1122 1199 1176 1220 se-

195 1242 342 1287 pultam.
393 1239 539 1273 Plenius
555 1245 604 1271 est
620 1238 733 1278 enim,
762 1250 867 1283 quam
888 1238 916 1271 si
933 1238 1094 1278 dixisset,
1120 1249 1177 1270 so-

195 1304 279 1324 mno
305 1298 338 1324 et
365 1291 446 1323 vino
469 1300 683 1333 oppressam.
746 1288 793 1322 At
816 1286 1009 1334 hyperbole
1034 1288 1176 1326 dicitur,

197 1353 275 1375 cum
292 1341 448 1373 resiusta
465 1340 570 1371 altius
587 1339 770 1376 attollitur,
795 1345 851 1369 ut;
874 1338 904 1369 lt
919 1339 1051 1368 clamor
1068 1339 1177 1372 coelo.

297 1403 538 1438 Extenuamus
555 1414 616 1446 per
631 1399 854 1436 ταπείνωσιν
869 1412 929 1434 seu
942 1398 1113 1444 μείωσιν,
1140 1399 1174 1431 id

199 1463 267 1496 est,
293 1454 589 1495 diminutionem,
616 1460 656 1486 ut
671 1464 750 1485 cum
765 1452 916 1485 dicimus
945 1451 1177 1494 perstringere

197 1519 261 1551 pro
284 1505 489 1544 vulnerare,
517 1515 579 1546 pro
605 1502 725 1535 sevitia
753 1502 991 1542 iracundiam,
1017 1513 1080 1545 pro
1105 1512 1177 1533 sce-

197 1558 269 1590 lere
287 1562 455 1589 erratum.
497 1552 648 1597 Oportet
663 1553 757 1585 enim
775 1563 878 1584 nosse
892 1559 1068 1585 oratorem
1088 1563 1177 1594 pon-

197 1610 281 1639 dera
297 1606 484 1638 verborum
503 1615 541 1635 ac
559 1603 679 1635 videre
694 1602 778 1647 quid
797 1602 834 1634 in
851 1602 998 1645 singulis
1016 1602 1101 1634 locis
1115 1602 1178 1633 de-

198 1664 283 1690 ceat.
335 1654 486 1688 Pericles
516 1653 645 1686 dicitur
670 1653 707 1684 in
731 1652 937 1684 concionem
961 1663 1177 1688 ascensurus,

198 1713 318 1751 optare
334 1705 476 1742 solitus,
504 1715 548 1736 ne
567 1703 660 1748 quod
678 1702 709 1735 ei
726 1703 872 1735 verbum
890 1702 927 1735 in
949 1708 1101 1735 mentem
1119 1713 1178 1733 ve-

198 1758 307 1796 niret,
333 1768 403 1800 quo
421 1754 572 1798 populus
590 1753 723 1786 offendi
742 1758 868 1796 posset.
921 1751 972 1786 Ita
993 1760 1024 1786 et
1042 1764 1105 1785 nos
1123 1752 1177 1784 di-

200 1808 347 1850 ligenter
363 1805 559 1849 expendere
575 1803 760 1841 convenit,
787 1814 875 1848 quae
892 1804 1009 1844 verba,
1037 1803 1073 1835 in
1092 1815 1178 1847 qua-

199 1858 284 1890 libet
302 1867 402 1889 causa
420 1855 574 1899 prosint,
601 1866 689 1899 quae
706 1860 866 1889 noceant.

303 1921 550 1965 Interpretatio
585 1919 719 1953 Graece
751 1918 984 1964 συνωνυμία.
1048 1919 1181 1953 Fabius

200 1980 302 2006 vocat
313 1971 509 2014 congeriem
529 1971 728 2010 verborum,
748 1982 825 2003 cum
841 1971 951 2005 multa
969 1970 1073 2002 verba
1092 1981 1180 2013 pene

202 2034 398 2069 synonyma
429 2021 696 2064 coniungimus,
729 2027 768 2053 ut
797 2020 908 2053 Turci
939 2019 1180 2054 crudelissime

202 2074 380 2107 trucidant
407 2078 439 2105 et
465 2077 618 2104 mactant
641 2070 806 2105 infantes.
864 2069 932 2104 Hic
959 2083 1031 2103 non
1054 2070 1182 2103 accidit

203 2125 283 2168 plus
307 2134 445 2161 rerum,
478 2128 614 2154 tantum
642 2120 764 2154 crescit
789 2132 956 2154 numerus
980 2121 1182 2155 verborum.

204 2174 344 2207 Poterat
362 2173 483 2205 eadem
502 2171 757 2214 significatione
781 2171 870 2204 dici:
895 2171 1005 2205 Turci
1029 2171 1184 2204 crudeli-

205 2232 255 2257 ter
273 2224 439 2257 occidunt
457 2222 618 2255 infantes.

305 2282 443 2315 Livius:
481 2280 639 2324 Tempus
661 2286 712 2313 est
734 2280 901 2324 opulenta
934 2291 997 2312 vos
1025 2291 1064 2313 ac
1094 2279 1182 2314 ditia

207 2332 377 2376 stipendia
393 2332 523 2371 facere,
551 2337 583 2364 et
609 2342 733 2373 magna
759 2342 885 2374 operae
908 2330 1023 2373 precia
1045 2330 1182 2366 mereri.

207 2383 262 2416 Fit
279 2382 372 2416 enim
388 2389 420 2415 et
434 2381 598 2425 pluribus
612 2381 730 2414 verbis
745 2380 973 2426 synonymia,
999 2393 1077 2413 cum
1103 2393 1182 2414 ora-

207 2434 254 2465 tio
272 2433 456 2475 exponitur
472 2432 650 2471 oratione,
678 2438 716 2465 ut
731 2444 794 2474 pro
808 2428 950 2464 Archia.
1001 2430 1038 2464 Si
1056 2432 1185 2475 quibus

207 2483 408 2525 regionibus
424 2482 515 2514 vitae
527 2482 680 2525 spacium
705 2482 1006 2524 circumscriptum
1023 2488 1091 2519 est,
1116 2482 1181 2514 eis-

207 2535 285 2566 dem
304 2543 425 2563 omnes
440 2532 667 2573 cogitationes
683 2532 821 2566 termin
824 2539 885 2565 iret
903 2544 998 2572 suas,
1024 2544 1086 2564 nec
1105 2539 1182 2564 tan-

207 2584 251 2616 tis
270 2594 303 2615 se
323 2581 500 2613 laboribus
519 2586 705 2625 frangeret,
732 2595 844 2628 neque
860 2590 909 2616 tot
927 2583 1020 2615 curis
1035 2582 1182 2624 vigiliis—
1205 2572 1209 2639 l

207 2645 275 2679 que
297 2637 502 2674 angeretur,
528 2643 589 2665 nec
612 2633 714 2665 toties
736 2635 779 2666 de
803 2633 871 2667 vita
897 2633 971 2678 ipsa
988 2633 1182 2668 dimicaret

1025 173 1168 208 Utimur
1218 171 1286 205 Hic
1314 172 1434 204 eadem
1464 170 1637 203 sententia
1668 170 1819 203 subinde
1850 171 1929 204 aliis
1951 172 2068 205 verbis
2097 172 2201 205 effer—

1222 230 1290 257 tur.
1348 221 1457 255 Decet
1489 228 1603 254 aute-n
1637 221 1673 253 in
1703 219 1959 265 posterioribus
1991 222 2107 256 verbis
2139 221 2201 266 ἐζα-

1222 283 1338 319 (μισιν
1355 283 1427 305 esse
1445 272 1628 306 maiorem.

1323 329 1504 374 Expolitio
1528 329 1641 362 vicina
1660 335 1710 363 est
1735 329 1984 374 synonymiae,
2010 341 2098 374 quae
2120 343 2203 364 ean-

1224 382 1302 413 dem
1321 380 1548 421 sententiam,
1575 379 1797 413 commutatis
1813 379 1929 413 verbis
1954 380 2118 424 explicat,
2145 382 2203 414 sed

1225 431 1406 475 aliquanto
1429 430 1568 473 longius
1586 430 1731 464 accersit
1752 429 2080 474 interpretationes,
2107 430 2204 463 vide-

1225 481 1306 514 licet
1323 493 1395 513 non
1413 481 1527 514 solum
1545 492 1563 514 a
1586 481 1703 514 verbis
1727 480 1870 521 vicinis,
1896 481 1956 513 sed
1980 492 1999 513 a
2023 480 2128 513 rebus
2148 492 2207 513 co-

1226 531 1359 574 gnatis,
1393 543 1482 575 quae
1505 532 1604 576 quasi
1627 531 1897 566 ratiocinatione
1923 531 2015 564 idem
2040 529 2209 570 efficiunt,

1227 587 1267 615 ut
1281 581 1371 625 apud
1394 580 1594 614 Lucanum:

1316 640 1402 670 Bella
1418 649 1470 678 per
1484 639 1662 670 Aemathios
1677 643 1744 679 plus
1761 652 1851 682 quam
1868 643 1968 672 civilia
1985 650 2116 680 campos.

1330 694 1477 728 Initium
1502 696 1649 739 simplex
1668 703 1737 737 est,
1763 703 1896 731 caetera
1912 709 1932 730 a
1949 708 2075 740 genere
2091 696 2210 730 delicti

1228 746 1273 779 ab
1298 743 1511 791 hypotyposi
1533 746 1639 787 aciei,
1666 757 1804 791 pugnae
1818 753 1924 792 atque
1940 759 2121 781 armorum
2151 748 2210 781 su-

1229 803 1387 830 muntur.

1328 855 1439 899 Iusque
1463 859 1565 888 datum
1589 860 1692 888 sceleri
1721 860 1876 896 canimus,
1910 861 2119 900 populumque
2151 870 2209 899 po-

1843 915 1966 938 tentem.

1277 957 1314 988 In
1330 970 1382 989 sua
1400 961 1515 989 victrici
1537 970 1713 990 conversum
1737 962 1848 989 viscera
1875 960 1990 997 dextra,

1280 1009 1488 1050 Cognatasque
1512 1013 1589 1040 acies
1612 1018 1639 1041 et
1661 1018 1749 1050 rupto
1771 1011 1891 1040 foedere
1914 1013 2017 1050 regni,

1280 1060 1450 1098 Certatum,
1479 1063 1549 1090 totis
1572 1064 1710 1091 concussi
1734 1063 1848 1091 viribus
1870 1063 1967 1099 orbis,

1277 1109 1313 1140 In
1339 1123 1500 1141 commune
1523 1113 1622 1150 nefas,
1649 1113 1826 1152 infestisque
1851 1113 1937 1141 obvia
1960 1112 2069 1150 signis,

1279 1160 1371 1201 Signa
1393 1173 1476 1202 pares
1501 1165 1633 1203 aquilas,
1661 1170 1690 1192 et
1712 1165 1774 1202 pila
1796 1164 1940 1192 minantia
1961 1163 2043 1202 pilis.

1330 1225 1378 1260 Et
1395 1224 1549 1259 Ovidius
1566 1226 1687 1260 multis
1710 1226 1868 1259 versibus
1891 1223 1983 1259 hanc
2001 1235 2109 1258 unam
2133 1235 2213 1257 sen·

1229 1276 1374 1310 tentiam
1394 1277 1545 1310 subinde
1563 1277 1703 1320 repetit.
1756 1276 1893 1320 Vulgus
1909 1274 2095 1320 anteponit
2113 1274 2213 1309 utili-

1228 1334 1299 1361 tem
1316 1325 1511 1367 honestati,
1531 1327 1738 1360 affirmative
1755 1327 1819 1355 nita

1279 1384 1357 1414 Cura
1373 1386 1446 1425 quid
1461 1384 1600 1423 expediat
1615 1385 1696 1423 prior
1713 1390 1766 1420 est,
1794 1393 1884 1423 quam
1901 1382 1975 1423 quid
1989 1383 2027 1412 sit
2042 1382 2212 1413 honestum.

1330 1434 1368 1464 Et
1393 1446 1461 1464 cum
1482 1436 1603 1464 fortuna
1623 1441 1738 1474 statque
1762 1435 1900 1474 caditque
1925 1434 2004 1462 fides.

1434 1497 1574 1531 Deinde
1598 1498 1773 1540 negative:

1278 1559 1340 1590 Nec
1362 1560 1449 1588 facile
1472 1561 1605 1588 iuvenies
1630 1561 1734 1588 multis
1755 1569 1771 1586 e
1795 1559 1917 1587 milibus
1941 1568 2049 1596 unum,

1330 1609 1484 1639 Virtutem
1508 1612 1660 1649 precium,
1689 1611 1741 1650 qui
1766 1615 1850 1648 putet
1876 1620 1938 1638 esse
1959 1611 2016 1637 sui.

1280 1660 1348 1700 Ipse
1373 1661 1460 1689 decor
1483 1663 1572 1697 recti,
1598 1662 1669 1689 facti
1692 1662 1716 1689 si
1740 1662 1873 1698 praemia
1895 1660 2008 1696 desint,

1331 1710 1401 1741 Nou
1424 1717 1525 1740 movet
1547 1717 1575 1739 et
1598 1712 1687 1749 gratis
1711 1713 1844 1749 poenitet
1868 1721 1929 1739 esse
1952 1713 2089 1748 probum.

1279 1761 1332 1792 Nil
1355 1763 1413 1791 nisi
1440 1761 1521 1802 quod
1549 1762 1669 1801 prodest
1693 1772 1794 1790 carum
1818 1768 1878 1797 est,
1904 1772 1941 1789 eu
1967 1760 2086 1792 detrahe
2102 1768 2210 1799 mente,

1332 1811 1426 1852 Spem
1449 1814 1563 1841 fructus
1587 1812 1706 1849 avidae,
1734 1822 1823 1841 nemo
1849 1811 1997 1851 poteudus
2019 1815 2091 1850 erit,

1281 1863 1333 1893 Ad
1352 1864 1464 1893 reditus
1480 1865 1539 1892 iam
1563 1865 1689 1903 quisque
1707 1873 1776 1892 suos
1790 1869 1867 1891 amat
1878 1886 1886 1900 ,
1913 1868 1942 1891 et
1956 1864 2013 1893 sibi
2028 1863 2100 1904 quid
2114 1864 2163 1900 sit,

1332 1914 1431 1952 Utile,
1459 1916 1594 1943 sollicitis
1613 1919 1768 1952 computat
1789 1915 1933 1943 articulis.

1232 1978 1376 2011 Utimur
1392 1976 1455 2011 hac
1471 1978 1580 2020 figura
1602 1978 1664 2010 ubi
1689 1977 1830 2021 prodest
1853 1977 2064 2010 commorari
2088 1977 2125 2011 in
2148 1978 2213 2011 ali-

1233 2039 1301 2073 qua
1324 2039 1380 2067 re,
1414 2040 1453 2060 ac
1479 2029 1542 2061 diu
1567 2028 1723 2061 detinere
1748 2027 1965 2068 auditorem,
2000 2027 2038 2060 in
2063 2028 2137 2061 eius
2161 2028 2213 2061 rei

1233 2078 1462 2120 cogitatione,
1512 2084 1552 2111 nt
1591 2085 1651 2110 ant
1691 2078 1873 2117 doceatur,
1915 2085 1975 2111 aut
2018 2085 2213 2114 moveatur.

1234 2128 1447 2173 Quanquam
1470 2139 1542 2161 non
1571 2125 1641 2160 hoc
1663 2133 1799 2160 tantum
1826 2128 1902 2161 loco
1933 2129 2102 2161 utendum
2135 2129 2213 2169 erit,

1233 2180 1293 2212 sed
1310 2179 1491 2211 addendae
1512 2178 1615 2211 etiam
1643 2189 1682 2210 ex
1705 2177 1782 2210 aliis
1803 2177 1888 2210 locis
1911 2178 2211 2222 amplificationes.

1234 2228 1333 2263 Sicut
1355 2236 1471 2262 antem
1499 2229 1535 2261 in
1559 2227 1705 2272 picturis
1727 2228 1794 2261 alia
1820 2229 2000 2262 excitanda
2019 2236 2121 2268 sunt,
2145 2229 2212 2262 alia

1233 2280 1460 2320 occultanda,
1495 2286 1527 2312 et
1553 2279 1651 2323 quasi
1680 2279 1801 2322 procul
1831 2280 2065 2320 ostendenda,
2097 2279 2144 2313 ita
2174 2279 2211 2312 in

1233 2331 1394 2363 oratione
1414 2329 1600 2372 singularis
1616 2329 1802 2372 prudentia
1818 2335 1868 2362 est
1884 2329 2020 2370 videre,
2047 2329 2132 2374 quid
2150 2331 2211 2362 de-

1234 2381 1311 2414 beat
1340 2380 1510 2423 eminere,
1536 2379 1621 2424 qnid
1646 2380 1818 2413 conducat
1843 2386 1975 2422 tegere,
2002 2385 2034 2412 et
2056 2379 2211 2413 breviter

1234 2431 1271 2463 in
1296 2437 1499 2464 transcursu
1523 2430 1691 2465 indicare.
1744 2428 1936 2463 Aeschines
1961 2427 2049 2462 hanc
2070 2437 2210 2463 senten-

1234 2481 1335 2515 tiam:
1375 2481 1408 2512 Is
1432 2481 1492 2525 qui
1515 2492 1595 2513 snos
1620 2492 1692 2512 non
1718 2492 1771 2512 am
1777 2487 1829 2519 it,
1862 2491 1933 2512 non
1958 2486 2069 2522 potest
2092 2491 2209 2513 amare

1234 2530 1502 2574 rempublicam,
1533 2531 1718 2575 aliquoties
1743 2529 1887 2574 repetit,
1919 2530 2062 2572 paulum
2089 2532 2210 2563 admo-

1233 2584 1317 2614 dum
1338 2581 1478 2614 mntatis
1499 2582 1630 2614 verbis.
1659 2578 1679 2615 ὃ
1696 2578 1786 2628 γὰρ
1786 2575 1995 2618 ιιισότεκιος
2010 2578 2072 2613 καὶ
2089 2578 2209 2625 πατὴρ

1232 2643 1301 2667 ποι
1306 2629 1391 2677 ηρὸς
1407 2630 1476 2666 οὐκ
1494 2630 1628 2666 &vnete
1642 2630 1784 2679 γένοιτο
1801 2627 2000 2677 dmm-suff
1987 2643 2026 2668 υς
2037 2629 2208 2675 χρηστὸς,
