<?xml version="1.0" encoding="UTF-8"?>
<!DOCTYPE html PUBLIC "-//W3C//DTD XHTML 1.0 Transitional//EN"
    "http://www.w3.org/TR/xhtml1/DTD/xhtml1-transitional.dtd">
<html xmlns="http://www.w3.org/1999/xhtml" xml:lang="en" lang="en">
 <head>
  <title>
</title>
<meta http-equiv="Content-Type" content="text/html;charset=utf-8" />
  <meta name='ocr-system' content='tesseract 3.04.00' />
  <meta name='ocr-capabilities' content='ocr_page ocr_carea ocr_par ocr_line ocrx_word'/>
</head>
<body>
  <div class='ocr_page' id='page_1' title='image "./operaquaesupersu13melauoft_0739.png"; bbox 0 0 2379 2948; ppageno 0'>
   <div class='ocr_carea' id='block_1_1' title="bbox 158 79 255 116">
    <p class='ocr_par' dir='ltr' id='par_1_1' title="bbox 158 79 255 116">
     <span class='ocr_line' id='line_1_1' title="bbox 158 79 255 116; baseline -0.021 0"><span class='ocrx_word' id='word_1_1' title='bbox 158 79 255 116; x_wconf 82' lang='lat'>1457</span> 
     </span>
    </p>
   </div>
   <div class='ocr_carea' id='block_1_2' title="bbox 156 160 1152 871">
    <p class='ocr_par' dir='ltr' id='par_1_2' title="bbox 156 160 1149 414">
     <span class='ocr_line' id='line_1_2' title="bbox 156 160 1147 211; baseline -0.01 -9"><span class='ocrx_word' id='word_1_2' title='bbox 156 167 344 207; x_wconf 69' lang='lat' dir='ltr'>autoritas,</span> <span class='ocrx_word' id='word_1_3' title='bbox 372 172 405 200; x_wconf 88' lang='lat' dir='ltr'>et</span> <span class='ocrx_word' id='word_1_4' title='bbox 424 176 513 211; x_wconf 88' lang='lat' dir='ltr'>quae</span> <span class='ocrx_word' id='word_1_5' title='bbox 531 160 644 208; x_wconf 86' lang='lat' dir='ltr'>glo&#39;ria</span> <span class='ocrx_word' id='word_1_6' title='bbox 663 161 720 197; x_wconf 92' lang='lat' dir='ltr'>sit.</span> <span class='ocrx_word' id='word_1_7' title='bbox 773 161 826 194; x_wconf 82' lang='lat' dir='ltr'>Ac</span> <span class='ocrx_word' id='word_1_8' title='bbox 843 172 984 194; x_wconf 88' lang='lat' dir='ltr'>necesse</span> <span class='ocrx_word' id='word_1_9' title='bbox 1011 166 1062 193; x_wconf 87' lang='lat' dir='ltr'>est</span> <span class='ocrx_word' id='word_1_10' title='bbox 1086 171 1147 192; x_wconf 86' lang='lat' dir='ltr'>ve-</span> 
     </span>
     <span class='ocr_line' id='line_1_3' title="bbox 157 210 1147 256; baseline -0.011 -2"><span class='ocrx_word' id='word_1_11' title='bbox 157 231 212 254; x_wconf 88' lang='lat' dir='ltr'>ras</span> <span class='ocrx_word' id='word_1_12' title='bbox 228 216 406 251; x_wconf 73' lang='lat' dir='ltr'>Ecclesiae</span> <span class='ocrx_word' id='word_1_13' title='bbox 424 222 543 256; x_wconf 88' lang='lat' dir='ltr'>notas,</span> <span class='ocrx_word' id='word_1_14' title='bbox 561 221 594 248; x_wconf 93' lang='lat' dir='ltr'>et</span> <span class='ocrx_word' id='word_1_15' title='bbox 611 212 821 246; x_wconf 88' lang='lat' dir='ltr'>admiranda</span> <span class='ocrx_word' id='word_1_16' title='bbox 840 213 932 245; x_wconf 88' lang='lat' dir='ltr'>dona</span> <span class='ocrx_word' id='word_1_17' title='bbox 950 210 1147 254; x_wconf 85' lang='lat' dir='ltr'>intelligere</span> 
     </span>
     <span class='ocr_line' id='line_1_4' title="bbox 157 263 1147 312; baseline -0.009 -9"><span class='ocrx_word' id='word_1_18' title='bbox 157 281 197 303; x_wconf 79' lang='lat' dir='ltr'>ac</span> <span class='ocrx_word' id='word_1_19' title='bbox 225 279 432 312; x_wconf 76' lang='lat' dir='ltr'>agnoscere,</span> <span class='ocrx_word' id='word_1_20' title='bbox 460 278 504 299; x_wconf 90' lang='lat' dir='ltr'>ne</span> <span class='ocrx_word' id='word_1_21' title='bbox 532 265 646 309; x_wconf 92' lang='lat' dir='ltr'>specie</span> <span class='ocrx_word' id='word_1_22' title='bbox 670 271 702 297; x_wconf 90' lang='lat' dir='ltr'>et</span> <span class='ocrx_word' id='word_1_23' title='bbox 728 264 886 308; x_wconf 88' lang='lat' dir='ltr'>potentia</span> <span class='ocrx_word' id='word_1_24' title='bbox 909 263 1006 296; x_wconf 90' lang='lat' dir='ltr'>illius</span> <span class='ocrx_word' id='word_1_25' title='bbox 1029 267 1147 295; x_wconf 89' lang='lat' dir='ltr'>coetus</span> 
     </span>
     <span class='ocr_line' id='line_1_5' title="bbox 158 314 1149 364; baseline -0.008 -11"><span class='ocrx_word' id='word_1_26' title='bbox 158 320 396 364; x_wconf 71' lang='lat' dir='ltr'>decipiamur,</span> <span class='ocrx_word' id='word_1_27' title='bbox 422 317 484 362; x_wconf 91' lang='lat' dir='ltr'>qui</span> <span class='ocrx_word' id='word_1_28' title='bbox 500 316 569 349; x_wconf 85' lang='lat' dir='ltr'>sibi</span> <span class='ocrx_word' id='word_1_29' title='bbox 587 316 730 349; x_wconf 88' lang='lat' dir='ltr'>titulum</span> <span class='ocrx_word' id='word_1_30' title='bbox 749 314 927 348; x_wconf 72' lang='lat' dir='ltr'>Ecclesiae</span> <span class='ocrx_word' id='word_1_31' title='bbox 946 314 1033 346; x_wconf 88' lang='lat' dir='ltr'>falso</span> <span class='ocrx_word' id='word_1_32' title='bbox 1049 324 1149 346; x_wconf 85' lang='lat' dir='ltr'>arro-</span> 
     </span>
     <span class='ocr_line' id='line_1_6' title="bbox 160 365 921 414; baseline -0.009 -10"><span class='ocrx_word' id='word_1_33' title='bbox 160 378 235 414; x_wconf 80' lang='lat' dir='ltr'>gat,</span> <span class='ocrx_word' id='word_1_34' title='bbox 264 377 297 402; x_wconf 92' lang='lat' dir='ltr'>et</span> <span class='ocrx_word' id='word_1_35' title='bbox 313 369 543 411; x_wconf 77' lang='lat' dir='ltr'>belligeratur</span> <span class='ocrx_word' id='word_1_36' title='bbox 559 378 638 400; x_wconf 88' lang='lat' dir='ltr'>cum</span> <span class='ocrx_word' id='word_1_37' title='bbox 657 378 738 399; x_wconf 72' lang='lat' dir='ltr'>vera</span> <span class='ocrx_word' id='word_1_38' title='bbox 755 365 921 399; x_wconf 81' lang='lat' dir='ltr'>Ecclesia.</span> 
     </span>
    </p>

    <p class='ocr_par' dir='ltr' id='par_1_3' title="bbox 159 416 1152 871">
     <span class='ocr_line' id='line_1_7' title="bbox 260 416 1150 462; baseline -0.006 -9"><span class='ocrx_word' id='word_1_39' title='bbox 260 418 307 454; x_wconf 87' lang='lat' dir='ltr'>Et</span> <span class='ocrx_word' id='word_1_40' title='bbox 333 417 418 452; x_wconf 90' lang='lat' dir='ltr'>haec</span> <span class='ocrx_word' id='word_1_41' title='bbox 436 419 511 462; x_wconf 89' lang='lat' dir='ltr'>ipsa</span> <span class='ocrx_word' id='word_1_42' title='bbox 534 416 770 451; x_wconf 77' lang='lat' dir='ltr'>consideratio</span> <span class='ocrx_word' id='word_1_43' title='bbox 795 416 1035 449; x_wconf 80' lang='lat' dir='ltr'>dulcissimam</span> <span class='ocrx_word' id='word_1_44' title='bbox 1063 426 1150 448; x_wconf 92' lang='lat' dir='ltr'>con—</span> 
     </span>
     <span class='ocr_line' id='line_1_8' title="bbox 160 466 1149 513; baseline -0.008 -7"><span class='ocrx_word' id='word_1_45' title='bbox 160 471 369 506; x_wconf 75' lang='lat' dir='ltr'>solationem</span> <span class='ocrx_word' id='word_1_46' title='bbox 403 469 471 513; x_wconf 90' lang='lat' dir='ltr'>piis</span> <span class='ocrx_word' id='word_1_47' title='bbox 506 468 618 501; x_wconf 84' lang='lat' dir='ltr'>affert.</span> <span class='ocrx_word' id='word_1_48' title='bbox 682 467 786 501; x_wconf 83' lang='lat' dir='ltr'>Iuvat</span> <span class='ocrx_word' id='word_1_49' title='bbox 819 467 952 500; x_wconf 88' lang='lat' dir='ltr'>intueri</span> <span class='ocrx_word' id='word_1_50' title='bbox 985 466 1149 511; x_wconf 86' lang='lat' dir='ltr'>patriam,</span> 
     </span>
     <span class='ocr_line' id='line_1_9' title="bbox 159 516 1151 564; baseline -0.007 -8"><span class='ocrx_word' id='word_1_51' title='bbox 159 522 272 557; x_wconf 90' lang='lat' dir='ltr'>multo</span> <span class='ocrx_word' id='word_1_52' title='bbox 298 520 407 564; x_wconf 87' lang='lat' dir='ltr'>magis</span> <span class='ocrx_word' id='word_1_53' title='bbox 434 520 649 553; x_wconf 82' lang='lat' dir='ltr'>delectemur</span> <span class='ocrx_word' id='word_1_54' title='bbox 679 519 891 561; x_wconf 82' lang='lat' dir='ltr'>cogitatione</span> <span class='ocrx_word' id='word_1_55' title='bbox 916 516 1023 551; x_wconf 90' lang='lat' dir='ltr'>huius</span> <span class='ocrx_word' id='word_1_56' title='bbox 1049 528 1151 550; x_wconf 89' lang='lat' dir='ltr'>verae</span> 
     </span>
     <span class='ocr_line' id='line_1_10' title="bbox 161 570 1150 616; baseline -0.007 -9"><span class='ocrx_word' id='word_1_57' title='bbox 161 581 195 609; x_wconf 90' lang='lat' dir='ltr'>et</span> <span class='ocrx_word' id='word_1_58' title='bbox 217 580 378 607; x_wconf 77' lang='lat' dir='ltr'>aeternae</span> <span class='ocrx_word' id='word_1_59' title='bbox 405 571 561 616; x_wconf 77' lang='lat' dir='ltr'>patriae,</span> <span class='ocrx_word' id='word_1_60' title='bbox 596 570 635 602; x_wconf 92' lang='lat' dir='ltr'>in</span> <span class='ocrx_word' id='word_1_61' title='bbox 660 582 728 615; x_wconf 91' lang='lat' dir='ltr'>qua</span> <span class='ocrx_word' id='word_1_62' title='bbox 755 581 829 602; x_wconf 90' lang='lat' dir='ltr'>non</span> <span class='ocrx_word' id='word_1_63' title='bbox 853 570 945 603; x_wconf 91' lang='lat' dir='ltr'>inter</span> <span class='ocrx_word' id='word_1_64' title='bbox 970 575 1150 615; x_wconf 81' lang='lat' dir='ltr'>tyrannos,</span> 
     </span>
     <span class='ocr_line' id='line_1_11' title="bbox 162 620 1151 669; baseline -0.007 -10"><span class='ocrx_word' id='word_1_65' title='bbox 162 633 196 659; x_wconf 87' lang='lat' dir='ltr'>et</span> <span class='ocrx_word' id='word_1_66' title='bbox 220 630 382 669; x_wconf 91' lang='lat' dir='ltr'>portenta</span> <span class='ocrx_word' id='word_1_67' title='bbox 399 623 570 655; x_wconf 90' lang='lat' dir='ltr'>scelerum</span> <span class='ocrx_word' id='word_1_68' title='bbox 588 621 764 654; x_wconf 80' lang='lat' dir='ltr'>vivemus:</span> <span class='ocrx_word' id='word_1_69' title='bbox 802 621 860 654; x_wconf 88' lang='lat' dir='ltr'>sed</span> <span class='ocrx_word' id='word_1_70' title='bbox 884 620 1044 654; x_wconf 87' lang='lat' dir='ltr'>fruemur</span> <span class='ocrx_word' id='word_1_71' title='bbox 1066 631 1151 652; x_wconf 87' lang='lat' dir='ltr'>con-</span> 
     </span>
     <span class='ocr_line' id='line_1_12' title="bbox 163 669 1151 720; baseline -0.007 -10"><span class='ocrx_word' id='word_1_72' title='bbox 163 683 283 720; x_wconf 89' lang='lat' dir='ltr'>spectu</span> <span class='ocrx_word' id='word_1_73' title='bbox 310 682 343 709; x_wconf 90' lang='lat' dir='ltr'>et</span> <span class='ocrx_word' id='word_1_74' title='bbox 358 673 530 717; x_wconf 85' lang='lat' dir='ltr'>sapientia</span> <span class='ocrx_word' id='word_1_75' title='bbox 549 672 641 712; x_wconf 91' lang='lat' dir='ltr'>Dei,</span> <span class='ocrx_word' id='word_1_76' title='bbox 669 678 702 705; x_wconf 90' lang='lat' dir='ltr'>et</span> <span class='ocrx_word' id='word_1_77' title='bbox 719 670 920 706; x_wconf 85' lang='lat' dir='ltr'>liberatoris</span> <span class='ocrx_word' id='word_1_78' title='bbox 937 670 1051 704; x_wconf 86' lang='lat' dir='ltr'>nostri</span> <span class='ocrx_word' id='word_1_79' title='bbox 1072 669 1151 703; x_wconf 91' lang='lat' dir='ltr'>Iesu</span> 
     </span>
     <span class='ocr_line' id='line_1_13' title="bbox 163 720 1152 772; baseline -0.007 -11"><span class='ocrx_word' id='word_1_80' title='bbox 163 725 317 767; x_wconf 87' lang='lat' dir='ltr'>Christi,</span> <span class='ocrx_word' id='word_1_81' title='bbox 353 725 536 758; x_wconf 86' lang='lat' dir='ltr'>audiemus</span> <span class='ocrx_word' id='word_1_82' title='bbox 564 723 843 772; x_wconf 87' lang='lat' dir='ltr'>sapientissimos</span> <span class='ocrx_word' id='word_1_83' title='bbox 868 730 983 767; x_wconf 88' lang='lat' dir='ltr'>patres</span> <span class='ocrx_word' id='word_1_84' title='bbox 1009 728 1042 755; x_wconf 87' lang='lat' dir='ltr'>et</span> <span class='ocrx_word' id='word_1_85' title='bbox 1063 720 1152 754; x_wconf 88' lang='lat' dir='ltr'>Pro-</span> 
     </span>
     <span class='ocr_line' id='line_1_14' title="bbox 162 773 1151 826; baseline -0.006 -15"><span class='ocrx_word' id='word_1_86' title='bbox 162 777 299 826; x_wconf 81' lang='lat' dir='ltr'>phetas.</span> <span class='ocrx_word' id='word_1_87' title='bbox 353 775 421 809; x_wconf 88' lang='lat' dir='ltr'>Hic</span> <span class='ocrx_word' id='word_1_88' title='bbox 439 781 557 809; x_wconf 90' lang='lat' dir='ltr'>coetus</span> <span class='ocrx_word' id='word_1_89' title='bbox 572 782 622 808; x_wconf 88' lang='lat' dir='ltr'>est</span> <span class='ocrx_word' id='word_1_90' title='bbox 637 786 718 807; x_wconf 79' lang='lat' dir='ltr'>vera</span> <span class='ocrx_word' id='word_1_91' title='bbox 738 774 870 819; x_wconf 87' lang='lat' dir='ltr'>patria,</span> <span class='ocrx_word' id='word_1_92' title='bbox 899 785 1004 819; x_wconf 87' lang='lat' dir='ltr'>quam</span> <span class='ocrx_word' id='word_1_93' title='bbox 1022 773 1151 806; x_wconf 88' lang='lat' dir='ltr'>arden-</span> 
     </span>
     <span class='ocr_line' id='line_1_15' title="bbox 165 828 737 871; baseline -0.009 -8"><span class='ocrx_word' id='word_1_94' title='bbox 165 830 261 863; x_wconf 83' lang='lat' dir='ltr'>tibus</span> <span class='ocrx_word' id='word_1_95' title='bbox 276 828 368 861; x_wconf 89' lang='lat' dir='ltr'>votis</span> <span class='ocrx_word' id='word_1_96' title='bbox 386 838 507 860; x_wconf 92' lang='lat' dir='ltr'>omnes</span> <span class='ocrx_word' id='word_1_97' title='bbox 525 832 737 871; x_wconf 81' lang='lat' dir='ltr'>expetamus.</span> 
     </span>
    </p>
   </div>
   <div class='ocr_carea' id='block_1_3' title="bbox 215 924 1154 1014">
    <p class='ocr_par' dir='ltr' id='par_1_4' title="bbox 215 924 1154 1014">
     <span class='ocr_line' id='line_1_16' title="bbox 215 924 1154 976; baseline -0.002 -14"><span class='ocrx_word' id='word_1_98' title='bbox 215 929 317 963; x_wconf 80' lang='lat' dir='ltr'>Haec</span> <span class='ocrx_word' id='word_1_99' title='bbox 336 933 385 962; x_wconf 77' lang='lat' dir='ltr'>est</span> <span class='ocrx_word' id='word_1_100' title='bbox 404 925 480 961; x_wconf 80' lang='lat' dir='ltr'>dies</span> <span class='ocrx_word' id='word_1_101' title='bbox 497 939 608 976; x_wconf 78' lang='lat' dir='ltr'>quam</span> <span class='ocrx_word' id='word_1_102' title='bbox 618 925 922 975; x_wconf 78' lang='lat' dir='ltr'>secitDominus‚</span> <span class='ocrx_word' id='word_1_103' title='bbox 950 924 1154 960; x_wconf 66' lang='lat' dir='ltr'>waltemus</span> 
     </span>
     <span class='ocr_line' id='line_1_17' title="bbox 268 978 625 1014; baseline 0 -1"><span class='ocrx_word' id='word_1_104' title='bbox 268 985 298 1013; x_wconf 78' lang='lat' dir='ltr'>el</span> <span class='ocrx_word' id='word_1_105' title='bbox 316 979 492 1014; x_wconf 80' lang='lat' dir='ltr'>laetemur</span> <span class='ocrx_word' id='word_1_106' title='bbox 514 978 553 1012; x_wconf 84' lang='lat' dir='ltr'>in</span> <span class='ocrx_word' id='word_1_107' title='bbox 570 990 625 1013; x_wconf 82' lang='lat' dir='ltr'>ea.</span> 
     </span>
    </p>
   </div>
   <div class='ocr_carea' id='block_1_4' title="bbox 159 1061 1162 1829">
    <p class='ocr_par' dir='ltr' id='par_1_5' title="bbox 159 1061 1157 1467">
     <span class='ocr_line' id='line_1_18' title="bbox 267 1061 1154 1110; baseline -0.005 -9"><span class='ocrx_word' id='word_1_108' title='bbox 267 1066 461 1110; x_wconf 85' lang='lat' dir='ltr'>Descripsit</span> <span class='ocrx_word' id='word_1_109' title='bbox 478 1072 579 1099; x_wconf 86' lang='lat' dir='ltr'>antea</span> <span class='ocrx_word' id='word_1_110' title='bbox 599 1065 783 1099; x_wconf 73' lang='lat' dir='ltr'>victoriam</span> <span class='ocrx_word' id='word_1_111' title='bbox 801 1064 974 1103; x_wconf 86' lang='lat' dir='ltr'>Messiae‚</span> <span class='ocrx_word' id='word_1_112' title='bbox 1000 1076 1068 1110; x_wconf 90' lang='lat' dir='ltr'>qua</span> <span class='ocrx_word' id='word_1_113' title='bbox 1085 1061 1154 1097; x_wconf 92' lang='lat' dir='ltr'>Ec-</span> 
     </span>
     <span class='ocr_line' id='line_1_19' title="bbox 167 1115 1154 1152; baseline -0.005 0"><span class='ocrx_word' id='word_1_114' title='bbox 167 1119 271 1152; x_wconf 86' lang='lat' dir='ltr'>clesia</span> <span class='ocrx_word' id='word_1_115' title='bbox 296 1118 487 1152; x_wconf 86' lang='lat' dir='ltr'>constituta</span> <span class='ocrx_word' id='word_1_116' title='bbox 511 1124 543 1150; x_wconf 86' lang='lat' dir='ltr'>ct</span> <span class='ocrx_word' id='word_1_117' title='bbox 569 1117 717 1151; x_wconf 84' lang='lat' dir='ltr'>liberata</span> <span class='ocrx_word' id='word_1_118' title='bbox 744 1123 805 1152; x_wconf 85' lang='lat' dir='ltr'>est.</span> <span class='ocrx_word' id='word_1_119' title='bbox 869 1115 972 1150; x_wconf 84' lang='lat' dir='ltr'>Nunc</span> <span class='ocrx_word' id='word_1_120' title='bbox 999 1116 1154 1150; x_wconf 90' lang='lat' dir='ltr'>eiusdem</span> 
     </span>
     <span class='ocr_line' id='line_1_20' title="bbox 168 1168 1155 1209; baseline -0.005 -5"><span class='ocrx_word' id='word_1_121' title='bbox 168 1170 337 1204; x_wconf 84' lang='lat' dir='ltr'>victoriae</span> <span class='ocrx_word' id='word_1_122' title='bbox 361 1169 650 1202; x_wconf 87' lang='lat' dir='ltr'>commemoratio</span> <span class='ocrx_word' id='word_1_123' title='bbox 676 1169 865 1209; x_wconf 85' lang='lat' dir='ltr'>repetitur,</span> <span class='ocrx_word' id='word_1_124' title='bbox 893 1168 1029 1201; x_wconf 88' lang='lat' dir='ltr'>adiecta</span> <span class='ocrx_word' id='word_1_125' title='bbox 1055 1179 1155 1199; x_wconf 88' lang='lat' dir='ltr'>men-</span> 
     </span>
     <span class='ocr_line' id='line_1_21' title="bbox 166 1216 1156 1266; baseline -0.004 -12"><span class='ocrx_word' id='word_1_126' title='bbox 166 1222 265 1255; x_wconf 85' lang='lat' dir='ltr'>tione</span> <span class='ocrx_word' id='word_1_127' title='bbox 280 1220 461 1265; x_wconf 88' lang='lat' dir='ltr'>temporis.</span> <span class='ocrx_word' id='word_1_128' title='bbox 506 1218 608 1253; x_wconf 83' lang='lat' dir='ltr'>Haec</span> <span class='ocrx_word' id='word_1_129' title='bbox 626 1223 675 1252; x_wconf 76' lang='lat' dir='ltr'>est</span> <span class='ocrx_word' id='word_1_130' title='bbox 695 1216 770 1252; x_wconf 77' lang='lat' dir='ltr'>dies</span> <span class='ocrx_word' id='word_1_131' title='bbox 789 1230 900 1266; x_wconf 75' lang='lat' dir='ltr'>quam</span> <span class='ocrx_word' id='word_1_132' title='bbox 911 1217 1003 1266; x_wconf 76' lang='lat' dir='ltr'>fecit</span> <span class='ocrx_word' id='word_1_133' title='bbox 1022 1216 1156 1251; x_wconf 85' lang='lat' dir='ltr'>Domi-</span> 
     </span>
     <span class='ocr_line' id='line_1_22' title="bbox 170 1268 1155 1314; baseline -0.004 -9"><span class='ocrx_word' id='word_1_134' title='bbox 170 1284 260 1312; x_wconf 79' lang='lat' dir='ltr'>nus,</span> <span class='ocrx_word' id='word_1_135' title='bbox 285 1272 322 1305; x_wconf 90' lang='lat' dir='ltr'>id</span> <span class='ocrx_word' id='word_1_136' title='bbox 340 1279 406 1305; x_wconf 89' lang='lat' dir='ltr'>est:</span> <span class='ocrx_word' id='word_1_137' title='bbox 435 1269 514 1304; x_wconf 91' lang='lat' dir='ltr'>Hoc</span> <span class='ocrx_word' id='word_1_138' title='bbox 531 1277 580 1304; x_wconf 88' lang='lat' dir='ltr'>est</span> <span class='ocrx_word' id='word_1_139' title='bbox 605 1278 743 1314; x_wconf 89' lang='lat' dir='ltr'>tempus</span> <span class='ocrx_word' id='word_1_140' title='bbox 761 1268 851 1303; x_wconf 86' lang='lat' dir='ltr'>Novi</span> <span class='ocrx_word' id='word_1_141' title='bbox 871 1270 1087 1309; x_wconf 84' lang='lat' dir='ltr'>testamenti,</span> <span class='ocrx_word' id='word_1_142' title='bbox 1120 1269 1155 1301; x_wconf 87' lang='lat' dir='ltr'>in</span> 
     </span>
     <span class='ocr_line' id='line_1_23' title="bbox 169 1320 1155 1369; baseline -0.004 -12"><span class='ocrx_word' id='word_1_143' title='bbox 169 1336 239 1369; x_wconf 88' lang='lat' dir='ltr'>quo</span> <span class='ocrx_word' id='word_1_144' title='bbox 257 1334 365 1366; x_wconf 85' lang='lat' dir='ltr'>genus</span> <span class='ocrx_word' id='word_1_145' title='bbox 384 1320 580 1356; x_wconf 86' lang='lat' dir='ltr'>humanum</span> <span class='ocrx_word' id='word_1_146' title='bbox 599 1322 788 1355; x_wconf 88' lang='lat' dir='ltr'>liberatum</span> <span class='ocrx_word' id='word_1_147' title='bbox 814 1328 864 1354; x_wconf 90' lang='lat' dir='ltr'>est</span> <span class='ocrx_word' id='word_1_148' title='bbox 887 1333 904 1354; x_wconf 88' lang='lat' dir='ltr'>a</span> <span class='ocrx_word' id='word_1_149' title='bbox 930 1327 1071 1366; x_wconf 89' lang='lat' dir='ltr'>peccato</span> <span class='ocrx_word' id='word_1_150' title='bbox 1089 1326 1120 1353; x_wconf 87' lang='lat' dir='ltr'>et</span> <span class='ocrx_word' id='word_1_151' title='bbox 1139 1332 1155 1352; x_wconf 85' lang='lat' dir='ltr'>a</span> 
     </span>
     <span class='ocr_line' id='line_1_24' title="bbox 159 1373 1157 1417; baseline -0.004 -9"><span class='ocrx_word' id='word_1_152' title='bbox 159 1381 298 1415; x_wconf 69' lang='lat' dir='ltr'>,morte,</span> <span class='ocrx_word' id='word_1_153' title='bbox 324 1374 419 1407; x_wconf 89' lang='lat' dir='ltr'>iuxta</span> <span class='ocrx_word' id='word_1_154' title='bbox 437 1379 685 1406; x_wconf 88' lang='lat' dir='ltr'>testamentum</span> <span class='ocrx_word' id='word_1_155' title='bbox 697 1399 706 1413; x_wconf 93' lang='lat'>,</span> <span class='ocrx_word' id='word_1_156' title='bbox 734 1373 770 1405; x_wconf 84' lang='lat' dir='ltr'>id</span> <span class='ocrx_word' id='word_1_157' title='bbox 788 1380 854 1414; x_wconf 85' lang='lat' dir='ltr'>est,</span> <span class='ocrx_word' id='word_1_158' title='bbox 868 1379 1007 1417; x_wconf 88' lang='lat' dir='ltr'>pactum</span> <span class='ocrx_word' id='word_1_159' title='bbox 1024 1379 1055 1405; x_wconf 91' lang='lat' dir='ltr'>et</span> <span class='ocrx_word' id='word_1_160' title='bbox 1074 1383 1157 1416; x_wconf 89' lang='lat' dir='ltr'>pro-</span> 
     </span>
     <span class='ocr_line' id='line_1_25' title="bbox 168 1422 772 1467; baseline -0.005 -8"><span class='ocrx_word' id='word_1_161' title='bbox 168 1425 354 1459; x_wconf 86' lang='lat' dir='ltr'>missiones</span> <span class='ocrx_word' id='word_1_162' title='bbox 369 1422 458 1464; x_wconf 92' lang='lat' dir='ltr'>Dei,</span> <span class='ocrx_word' id='word_1_163' title='bbox 485 1424 584 1457; x_wconf 89' lang='lat' dir='ltr'>datas</span> <span class='ocrx_word' id='word_1_164' title='bbox 601 1423 772 1467; x_wconf 87' lang='lat' dir='ltr'>patribus.</span> 
     </span>
    </p>

    <p class='ocr_par' dir='ltr' id='par_1_6' title="bbox 171 1473 1162 1829">
     <span class='ocr_line' id='line_1_26' title="bbox 273 1473 1158 1519; baseline -0.003 -10"><span class='ocrx_word' id='word_1_165' title='bbox 273 1475 325 1509; x_wconf 89' lang='lat' dir='ltr'>Ac</span> <span class='ocrx_word' id='word_1_166' title='bbox 349 1481 389 1508; x_wconf 93' lang='lat' dir='ltr'>ut</span> <span class='ocrx_word' id='word_1_167' title='bbox 411 1474 645 1509; x_wconf 85' lang='lat' dir='ltr'>constituatur</span> <span class='ocrx_word' id='word_1_168' title='bbox 660 1481 775 1508; x_wconf 89' lang='lat' dir='ltr'>certus</span> <span class='ocrx_word' id='word_1_169' title='bbox 794 1473 887 1515; x_wconf 88' lang='lat' dir='ltr'>dies,</span> <span class='ocrx_word' id='word_1_170' title='bbox 913 1486 982 1519; x_wconf 88' lang='lat' dir='ltr'>quo</span> <span class='ocrx_word' id='word_1_171' title='bbox 1007 1473 1158 1518; x_wconf 88' lang='lat' dir='ltr'>promis-</span> 
     </span>
     <span class='ocr_line' id='line_1_27' title="bbox 171 1524 1158 1569; baseline -0.003 -8"><span class='ocrx_word' id='word_1_172' title='bbox 171 1528 286 1561; x_wconf 89' lang='lat' dir='ltr'>siones</span> <span class='ocrx_word' id='word_1_173' title='bbox 314 1525 509 1569; x_wconf 86' lang='lat' dir='ltr'>completae</span> <span class='ocrx_word' id='word_1_174' title='bbox 532 1532 634 1569; x_wconf 88' lang='lat' dir='ltr'>sunt,</span> <span class='ocrx_word' id='word_1_175' title='bbox 662 1532 696 1560; x_wconf 91' lang='lat' dir='ltr'>et</span> <span class='ocrx_word' id='word_1_176' title='bbox 717 1525 862 1558; x_wconf 88' lang='lat' dir='ltr'>victoria</span> <span class='ocrx_word' id='word_1_177' title='bbox 887 1524 1037 1558; x_wconf 85' lang='lat' dir='ltr'>Messiae</span> <span class='ocrx_word' id='word_1_178' title='bbox 1060 1531 1158 1569; x_wconf 86' lang='lat' dir='ltr'>parta</span> 
     </span>
     <span class='ocr_line' id='line_1_28' title="bbox 174 1574 1160 1623; baseline -0.003 -11"><span class='ocrx_word' id='word_1_179' title='bbox 174 1585 243 1617; x_wconf 90' lang='lat' dir='ltr'>est,</span> <span class='ocrx_word' id='word_1_180' title='bbox 272 1589 340 1623; x_wconf 87' lang='lat' dir='ltr'>qua</span> <span class='ocrx_word' id='word_1_181' title='bbox 366 1576 512 1610; x_wconf 91' lang='lat' dir='ltr'>victoria</span> <span class='ocrx_word' id='word_1_182' title='bbox 537 1576 703 1609; x_wconf 87' lang='lat' dir='ltr'>universa</span> <span class='ocrx_word' id='word_1_183' title='bbox 717 1574 873 1609; x_wconf 84' lang='lat' dir='ltr'>Ecclesia</span> <span class='ocrx_word' id='word_1_184' title='bbox 892 1576 1103 1623; x_wconf 86' lang='lat' dir='ltr'>praecedens</span> <span class='ocrx_word' id='word_1_185' title='bbox 1127 1582 1160 1609; x_wconf 90' lang='lat' dir='ltr'>et</span> 
     </span>
     <span class='ocr_line' id='line_1_29' title="bbox 174 1625 1160 1671; baseline -0.005 -8"><span class='ocrx_word' id='word_1_186' title='bbox 174 1636 336 1663; x_wconf 82' lang='lat' dir='ltr'>secutura</span> <span class='ocrx_word' id='word_1_187' title='bbox 354 1628 529 1666; x_wconf 84' lang='lat' dir='ltr'>salvatur,</span> <span class='ocrx_word' id='word_1_188' title='bbox 556 1635 648 1661; x_wconf 87' lang='lat' dir='ltr'>recte</span> <span class='ocrx_word' id='word_1_189' title='bbox 673 1625 729 1660; x_wconf 87' lang='lat' dir='ltr'>hic</span> <span class='ocrx_word' id='word_1_190' title='bbox 753 1627 967 1669; x_wconf 80' lang='lat' dir='ltr'>intelligitur</span> <span class='ocrx_word' id='word_1_191' title='bbox 991 1627 1066 1671; x_wconf 89' lang='lat' dir='ltr'>ipse</span> <span class='ocrx_word' id='word_1_192' title='bbox 1087 1626 1160 1659; x_wconf 89' lang='lat' dir='ltr'>(lies</span> 
     </span>
     <span class='ocr_line' id='line_1_30' title="bbox 174 1677 1162 1723; baseline -0.004 -9"><span class='ocrx_word' id='word_1_193' title='bbox 174 1679 442 1714; x_wconf 84' lang='lat' dir='ltr'>resurrectionis</span> <span class='ocrx_word' id='word_1_194' title='bbox 458 1678 627 1716; x_wconf 86' lang='lat' dir='ltr'>Messiae,</span> <span class='ocrx_word' id='word_1_195' title='bbox 646 1678 706 1723; x_wconf 89' lang='lat' dir='ltr'>qui</span> <span class='ocrx_word' id='word_1_196' title='bbox 724 1684 774 1712; x_wconf 90' lang='lat' dir='ltr'>est</span> <span class='ocrx_word' id='word_1_197' title='bbox 790 1678 1000 1722; x_wconf 88' lang='lat' dir='ltr'>praecipuus</span> <span class='ocrx_word' id='word_1_198' title='bbox 1017 1677 1090 1711; x_wconf 92' lang='lat' dir='ltr'>dies</span> <span class='ocrx_word' id='word_1_199' title='bbox 1106 1684 1162 1711; x_wconf 90' lang='lat' dir='ltr'>to-</span> 
     </span>
     <span class='ocr_line' id='line_1_31' title="bbox 173 1729 1162 1770; baseline -0.003 -5"><span class='ocrx_word' id='word_1_200' title='bbox 173 1734 244 1765; x_wconf 82' lang='lat' dir='ltr'>tius</span> <span class='ocrx_word' id='word_1_201' title='bbox 263 1731 352 1765; x_wconf 83' lang='lat' dir='ltr'>Novi</span> <span class='ocrx_word' id='word_1_202' title='bbox 370 1729 583 1770; x_wconf 82' lang='lat' dir='ltr'>testamenti,</span> <span class='ocrx_word' id='word_1_203' title='bbox 612 1730 696 1763; x_wconf 88' lang='lat' dir='ltr'>inde</span> <span class='ocrx_word' id='word_1_204' title='bbox 713 1729 757 1763; x_wconf 86' lang='lat' dir='ltr'>ab</span> <span class='ocrx_word' id='word_1_205' title='bbox 775 1729 877 1764; x_wconf 89' lang='lat' dir='ltr'>initio</span> <span class='ocrx_word' id='word_1_206' title='bbox 894 1729 1080 1770; x_wconf 83' lang='lat' dir='ltr'>Ecclesiae,</span> <span class='ocrx_word' id='word_1_207' title='bbox 1102 1741 1162 1763; x_wconf 91' lang='lat' dir='ltr'>us-</span> 
     </span>
     <span class='ocr_line' id='line_1_32' title="bbox 172 1782 436 1829; baseline -0.015 -12"><span class='ocrx_word' id='word_1_208' title='bbox 172 1796 240 1829; x_wconf 88' lang='lat' dir='ltr'>que</span> <span class='ocrx_word' id='word_1_209' title='bbox 256 1783 298 1816; x_wconf 90' lang='lat' dir='ltr'>ad</span> <span class='ocrx_word' id='word_1_210' title='bbox 318 1782 436 1817; x_wconf 85' lang='lat' dir='ltr'>finem.</span> 
     </span>
    </p>
   </div>
   <div class='ocr_carea' id='block_1_5' title="bbox 176 1840 1170 2401">
    <p class='ocr_par' dir='ltr' id='par_1_7' title="bbox 176 1840 1170 2401">
     <span class='ocr_line' id='line_1_33' title="bbox 279 1840 1163 1875; baseline 0 0"><span class='ocrx_word' id='word_1_211' title='bbox 279 1842 455 1875; x_wconf 87' lang='lat' dir='ltr'>Facienda</span> <span class='ocrx_word' id='word_1_212' title='bbox 477 1847 527 1875; x_wconf 89' lang='lat' dir='ltr'>est</span> <span class='ocrx_word' id='word_1_213' title='bbox 550 1840 646 1874; x_wconf 90' lang='lat' dir='ltr'>enim</span> <span class='ocrx_word' id='word_1_214' title='bbox 672 1841 814 1875; x_wconf 87' lang='lat' dir='ltr'>collatio</span> <span class='ocrx_word' id='word_1_215' title='bbox 836 1841 987 1874; x_wconf 90' lang='lat' dir='ltr'>duorum</span> <span class='ocrx_word' id='word_1_216' title='bbox 1013 1840 1163 1875; x_wconf 87' lang='lat' dir='ltr'>dierum.</span> 
     </span>
     <span class='ocr_line' id='line_1_34' title="bbox 176 1891 1164 1936; baseline -0.004 -8"><span class='ocrx_word' id='word_1_217' title='bbox 176 1893 266 1928; x_wconf 89' lang='lat' dir='ltr'>Cum</span> <span class='ocrx_word' id='word_1_218' title='bbox 283 1891 359 1926; x_wconf 87' lang='lat' dir='ltr'>Eva</span> <span class='ocrx_word' id='word_1_219' title='bbox 374 1899 406 1926; x_wconf 87' lang='lat' dir='ltr'>et</span> <span class='ocrx_word' id='word_1_220' title='bbox 421 1893 536 1925; x_wconf 70' lang='lat' dir='ltr'>Adam</span> <span class='ocrx_word' id='word_1_221' title='bbox 555 1892 643 1936; x_wconf 87' lang='lat' dir='ltr'>lapsi</span> <span class='ocrx_word' id='word_1_222' title='bbox 661 1900 762 1933; x_wconf 89' lang='lat' dir='ltr'>sunt,</span> <span class='ocrx_word' id='word_1_223' title='bbox 778 1893 851 1926; x_wconf 90' lang='lat' dir='ltr'>dies</span> <span class='ocrx_word' id='word_1_224' title='bbox 873 1892 987 1926; x_wconf 89' lang='lat' dir='ltr'>luctus</span> <span class='ocrx_word' id='word_1_225' title='bbox 1004 1898 1036 1925; x_wconf 94' lang='lat' dir='ltr'>et</span> <span class='ocrx_word' id='word_1_226' title='bbox 1053 1898 1164 1925; x_wconf 88' lang='lat' dir='ltr'>aeter-</span> 
     </span>
     <span class='ocr_line' id='line_1_35' title="bbox 177 1940 1165 1988; baseline -0.002 -10"><span class='ocrx_word' id='word_1_227' title='bbox 177 1957 243 1978; x_wconf 83' lang='lat' dir='ltr'>nae</span> <span class='ocrx_word' id='word_1_228' title='bbox 265 1945 336 1978; x_wconf 87' lang='lat' dir='ltr'>irae</span> <span class='ocrx_word' id='word_1_229' title='bbox 358 1955 396 1977; x_wconf 88' lang='lat' dir='ltr'>ac</span> <span class='ocrx_word' id='word_1_230' title='bbox 418 1944 544 1977; x_wconf 88' lang='lat' dir='ltr'>mortis</span> <span class='ocrx_word' id='word_1_231' title='bbox 571 1944 746 1988; x_wconf 87' lang='lat' dir='ltr'>oppressit</span> <span class='ocrx_word' id='word_1_232' title='bbox 764 1950 877 1977; x_wconf 87' lang='lat' dir='ltr'>totum</span> <span class='ocrx_word' id='word_1_233' title='bbox 904 1954 1014 1986; x_wconf 86' lang='lat' dir='ltr'>genus</span> <span class='ocrx_word' id='word_1_234' title='bbox 1037 1940 1165 1976; x_wconf 87' lang='lat' dir='ltr'>huma-</span> 
     </span>
     <span class='ocr_line' id='line_1_36' title="bbox 178 1992 1164 2035; baseline -0.003 -5"><span class='ocrx_word' id='word_1_235' title='bbox 178 2009 277 2030; x_wconf 85' lang='lat' dir='ltr'>num.</span> <span class='ocrx_word' id='word_1_236' title='bbox 326 1994 413 2028; x_wconf 89' lang='lat' dir='ltr'>Eius</span> <span class='ocrx_word' id='word_1_237' title='bbox 439 1995 509 2027; x_wconf 91' lang='lat' dir='ltr'>diei</span> <span class='ocrx_word' id='word_1_238' title='bbox 533 2006 719 2027; x_wconf 86' lang='lat' dir='ltr'>aerumnas</span> <span class='ocrx_word' id='word_1_239' title='bbox 751 2006 824 2028; x_wconf 92' lang='lat' dir='ltr'>non</span> <span class='ocrx_word' id='word_1_240' title='bbox 855 1994 936 2027; x_wconf 88' lang='lat' dir='ltr'>fecit</span> <span class='ocrx_word' id='word_1_241' title='bbox 958 1992 1071 2035; x_wconf 86' lang='lat' dir='ltr'>Deus,</span> <span class='ocrx_word' id='word_1_242' title='bbox 1105 1994 1164 2027; x_wconf 92' lang='lat' dir='ltr'>sed</span> 
     </span>
     <span class='ocr_line' id='line_1_37' title="bbox 180 2045 1165 2089; baseline -0.003 -9"><span class='ocrx_word' id='word_1_243' title='bbox 180 2047 356 2081; x_wconf 79' lang='lat' dir='ltr'>diabolus,</span> <span class='ocrx_word' id='word_1_244' title='bbox 390 2045 435 2080; x_wconf 85' lang='lat' dir='ltr'>Et</span> <span class='ocrx_word' id='word_1_245' title='bbox 452 2047 556 2079; x_wconf 91' lang='lat' dir='ltr'>durat</span> <span class='ocrx_word' id='word_1_246' title='bbox 573 2046 632 2078; x_wconf 91' lang='lat' dir='ltr'>ille</span> <span class='ocrx_word' id='word_1_247' title='bbox 650 2046 809 2079; x_wconf 89' lang='lat' dir='ltr'>funestus</span> <span class='ocrx_word' id='word_1_248' title='bbox 829 2045 904 2078; x_wconf 89' lang='lat' dir='ltr'>dies</span> <span class='ocrx_word' id='word_1_249' title='bbox 919 2045 1049 2089; x_wconf 84' lang='lat' dir='ltr'>impiis,</span> <span class='ocrx_word' id='word_1_250' title='bbox 1075 2056 1165 2078; x_wconf 90' lang='lat' dir='ltr'>sem-</span> 
     </span>
     <span class='ocr_line' id='line_1_38' title="bbox 180 2094 1166 2144; baseline -0.003 -13"><span class='ocrx_word' id='word_1_251' title='bbox 180 2111 242 2144; x_wconf 80' lang='lat' dir='ltr'>per</span> <span class='ocrx_word' id='word_1_252' title='bbox 265 2104 298 2131; x_wconf 87' lang='lat' dir='ltr'>et</span> <span class='ocrx_word' id='word_1_253' title='bbox 322 2097 488 2131; x_wconf 90' lang='lat' dir='ltr'>omnibus</span> <span class='ocrx_word' id='word_1_254' title='bbox 512 2097 744 2141; x_wconf 88' lang='lat' dir='ltr'>temporibus.</span> <span class='ocrx_word' id='word_1_255' title='bbox 799 2094 955 2130; x_wconf 88' lang='lat' dir='ltr'>Econtra</span> <span class='ocrx_word' id='word_1_256' title='bbox 980 2108 1063 2129; x_wconf 88' lang='lat' dir='ltr'>vero</span> <span class='ocrx_word' id='word_1_257' title='bbox 1088 2108 1166 2129; x_wconf 93' lang='lat' dir='ltr'>cum</span> 
     </span>
     <span class='ocr_line' id='line_1_39' title="bbox 180 2147 1168 2192; baseline -0.003 -9"><span class='ocrx_word' id='word_1_258' title='bbox 180 2148 343 2184; x_wconf 86' lang='lat' dir='ltr'>Christus</span> <span class='ocrx_word' id='word_1_259' title='bbox 364 2155 526 2192; x_wconf 84' lang='lat' dir='ltr'>superata</span> <span class='ocrx_word' id='word_1_260' title='bbox 549 2155 661 2182; x_wconf 90' lang='lat' dir='ltr'>morte</span> <span class='ocrx_word' id='word_1_261' title='bbox 684 2148 894 2188; x_wconf 79' lang='lat' dir='ltr'>resurrexit,</span> <span class='ocrx_word' id='word_1_262' title='bbox 921 2147 1087 2181; x_wconf 74' lang='lat' dir='ltr'>liberavit</span> <span class='ocrx_word' id='word_1_263' title='bbox 1109 2159 1168 2191; x_wconf 87' lang='lat' dir='ltr'>ge-</span> 
     </span>
     <span class='ocr_line' id='line_1_40' title="bbox 181 2198 1169 2244; baseline -0.004 -9"><span class='ocrx_word' id='word_1_264' title='bbox 181 2213 248 2236; x_wconf 86' lang='lat' dir='ltr'>nus</span> <span class='ocrx_word' id='word_1_265' title='bbox 264 2198 460 2234; x_wconf 84' lang='lat' dir='ltr'>humanum</span> <span class='ocrx_word' id='word_1_266' title='bbox 478 2211 496 2233; x_wconf 87' lang='lat' dir='ltr'>a</span> <span class='ocrx_word' id='word_1_267' title='bbox 513 2206 653 2244; x_wconf 88' lang='lat' dir='ltr'>peccato</span> <span class='ocrx_word' id='word_1_268' title='bbox 679 2205 711 2232; x_wconf 89' lang='lat' dir='ltr'>et</span> <span class='ocrx_word' id='word_1_269' title='bbox 734 2211 752 2232; x_wconf 85' lang='lat' dir='ltr'>a</span> <span class='ocrx_word' id='word_1_270' title='bbox 770 2205 903 2239; x_wconf 88' lang='lat' dir='ltr'>morte,</span> <span class='ocrx_word' id='word_1_271' title='bbox 929 2198 977 2232; x_wconf 91' lang='lat' dir='ltr'>sic</span> <span class='ocrx_word' id='word_1_272' title='bbox 993 2205 1032 2232; x_wconf 91' lang='lat' dir='ltr'>ut</span> <span class='ocrx_word' id='word_1_273' title='bbox 1048 2210 1169 2231; x_wconf 88' lang='lat' dir='ltr'>omnes</span> 
     </span>
     <span class='ocr_line' id='line_1_41' title="bbox 182 2249 1169 2292; baseline -0.004 -6"><span class='ocrx_word' id='word_1_274' title='bbox 182 2254 360 2286; x_wconf 87' lang='lat' dir='ltr'>intuentes</span> <span class='ocrx_word' id='word_1_275' title='bbox 379 2251 415 2283; x_wconf 88' lang='lat' dir='ltr'>in</span> <span class='ocrx_word' id='word_1_276' title='bbox 436 2262 514 2283; x_wconf 87' lang='lat' dir='ltr'>eum</span> <span class='ocrx_word' id='word_1_277' title='bbox 532 2251 643 2292; x_wconf 86' lang='lat' dir='ltr'>diem,</span> <span class='ocrx_word' id='word_1_278' title='bbox 671 2257 703 2283; x_wconf 90' lang='lat' dir='ltr'>et</span> <span class='ocrx_word' id='word_1_279' title='bbox 720 2250 755 2283; x_wconf 87' lang='lat' dir='ltr'>id</span> <span class='ocrx_word' id='word_1_280' title='bbox 781 2249 990 2283; x_wconf 90' lang='lat' dir='ltr'>beneficium</span> <span class='ocrx_word' id='word_1_281' title='bbox 1015 2250 1101 2289; x_wconf 83' lang='lat' dir='ltr'>fide,</span> <span class='ocrx_word' id='word_1_282' title='bbox 1133 2250 1169 2282; x_wconf 91' lang='lat' dir='ltr'>id</span> 
     </span>
     <span class='ocr_line' id='line_1_42' title="bbox 184 2301 1170 2347; baseline -0.004 -10"><span class='ocrx_word' id='word_1_283' title='bbox 184 2311 246 2341; x_wconf 86' lang='lat' dir='ltr'>est,</span> <span class='ocrx_word' id='word_1_284' title='bbox 274 2302 401 2336; x_wconf 86' lang='lat' dir='ltr'>fiducia</span> <span class='ocrx_word' id='word_1_285' title='bbox 421 2301 505 2335; x_wconf 87' lang='lat' dir='ltr'>Filii</span> <span class='ocrx_word' id='word_1_286' title='bbox 520 2301 607 2342; x_wconf 90' lang='lat' dir='ltr'>Dei,</span> <span class='ocrx_word' id='word_1_287' title='bbox 624 2301 834 2346; x_wconf 86' lang='lat' dir='ltr'>accipientes</span> <span class='ocrx_word' id='word_1_288' title='bbox 850 2312 1063 2347; x_wconf 84' lang='lat' dir='ltr'>quocunque</span> <span class='ocrx_word' id='word_1_289' title='bbox 1081 2308 1170 2335; x_wconf 90' lang='lat' dir='ltr'>tem-</span> 
     </span>
     <span class='ocr_line' id='line_1_43' title="bbox 183 2351 1033 2401; baseline -0.001 -13"><span class='ocrx_word' id='word_1_290' title='bbox 183 2366 291 2401; x_wconf 87' lang='lat' dir='ltr'>pore,</span> <span class='ocrx_word' id='word_1_291' title='bbox 317 2354 403 2387; x_wconf 88' lang='lat' dir='ltr'>fiant</span> <span class='ocrx_word' id='word_1_292' title='bbox 420 2353 503 2387; x_wconf 88' lang='lat' dir='ltr'>iusti</span> <span class='ocrx_word' id='word_1_293' title='bbox 520 2359 555 2387; x_wconf 88' lang='lat' dir='ltr'>et</span> <span class='ocrx_word' id='word_1_294' title='bbox 569 2351 736 2387; x_wconf 87' lang='lat' dir='ltr'>haeredes</span> <span class='ocrx_word' id='word_1_295' title='bbox 752 2354 844 2386; x_wconf 78' lang='lat' dir='ltr'>vitae</span> <span class='ocrx_word' id='word_1_296' title='bbox 860 2359 1033 2387; x_wconf 85' lang='lat' dir='ltr'>aeternae.</span> 
     </span>
    </p>
   </div>
   <div class='ocr_carea' id='block_1_6' title="bbox 187 2411 1179 2753">
    <p class='ocr_par' dir='ltr' id='par_1_8' title="bbox 187 2411 1179 2714">
     <span class='ocr_line' id='line_1_44' title="bbox 287 2411 1172 2454; baseline -0.005 -7"><span class='ocrx_word' id='word_1_297' title='bbox 287 2413 406 2447; x_wconf 88' lang='lat' dir='ltr'>Huius</span> <span class='ocrx_word' id='word_1_298' title='bbox 423 2412 494 2446; x_wconf 87' lang='lat' dir='ltr'>diei</span> <span class='ocrx_word' id='word_1_299' title='bbox 510 2412 739 2454; x_wconf 87' lang='lat' dir='ltr'>heneficium,</span> <span class='ocrx_word' id='word_1_300' title='bbox 768 2412 804 2446; x_wconf 93' lang='lat' dir='ltr'>id</span> <span class='ocrx_word' id='word_1_301' title='bbox 824 2419 894 2454; x_wconf 91' lang='lat' dir='ltr'>est,</span> <span class='ocrx_word' id='word_1_302' title='bbox 923 2411 1099 2446; x_wconf 86' lang='lat' dir='ltr'>restitutio</span> <span class='ocrx_word' id='word_1_303' title='bbox 1116 2411 1172 2443; x_wconf 90' lang='lat' dir='ltr'>vi-</span> 
     </span>
     <span class='ocr_line' id='line_1_45' title="bbox 187 2464 1174 2506; baseline -0.005 -7"><span class='ocrx_word' id='word_1_304' title='bbox 187 2473 242 2499; x_wconf 89' lang='lat' dir='ltr'>tae</span> <span class='ocrx_word' id='word_1_305' title='bbox 259 2471 440 2505; x_wconf 87' lang='lat' dir='ltr'>aeternae,</span> <span class='ocrx_word' id='word_1_306' title='bbox 465 2471 557 2498; x_wconf 89' lang='lat' dir='ltr'>certe</span> <span class='ocrx_word' id='word_1_307' title='bbox 581 2476 654 2497; x_wconf 92' lang='lat' dir='ltr'>non</span> <span class='ocrx_word' id='word_1_308' title='bbox 681 2471 731 2497; x_wconf 90' lang='lat' dir='ltr'>est</span> <span class='ocrx_word' id='word_1_309' title='bbox 754 2464 851 2497; x_wconf 87' lang='lat' dir='ltr'>illius</span> <span class='ocrx_word' id='word_1_310' title='bbox 869 2470 1048 2497; x_wconf 88' lang='lat' dir='ltr'>creaturae</span> <span class='ocrx_word' id='word_1_311' title='bbox 1073 2473 1174 2506; x_wconf 92' lang='lat' dir='ltr'>opus,</span> 
     </span>
     <span class='ocr_line' id='line_1_46' title="bbox 189 2512 1176 2554; baseline -0.005 -4"><span class='ocrx_word' id='word_1_312' title='bbox 189 2517 247 2550; x_wconf 88' lang='lat' dir='ltr'>sed</span> <span class='ocrx_word' id='word_1_313' title='bbox 271 2515 338 2549; x_wconf 91' lang='lat' dir='ltr'>Dei</span> <span class='ocrx_word' id='word_1_314' title='bbox 365 2527 505 2549; x_wconf 83' lang='lat' dir='ltr'>munus.</span> <span class='ocrx_word' id='word_1_315' title='bbox 565 2514 633 2548; x_wconf 89' lang='lat' dir='ltr'>Hic</span> <span class='ocrx_word' id='word_1_316' title='bbox 658 2527 739 2548; x_wconf 88' lang='lat' dir='ltr'>vere</span> <span class='ocrx_word' id='word_1_317' title='bbox 766 2522 816 2549; x_wconf 86' lang='lat' dir='ltr'>est</span> <span class='ocrx_word' id='word_1_318' title='bbox 840 2523 942 2549; x_wconf 88' lang='lat' dir='ltr'>autor</span> <span class='ocrx_word' id='word_1_319' title='bbox 963 2512 1069 2547; x_wconf 89' lang='lat' dir='ltr'>huius</span> <span class='ocrx_word' id='word_1_320' title='bbox 1092 2513 1176 2554; x_wconf 88' lang='lat' dir='ltr'>diei,</span> 
     </span>
     <span class='ocr_line' id='line_1_47' title="bbox 189 2564 1178 2612; baseline -0.003 -12"><span class='ocrx_word' id='word_1_321' title='bbox 189 2566 249 2601; x_wconf 88' lang='lat' dir='ltr'>hic</span> <span class='ocrx_word' id='word_1_322' title='bbox 265 2579 326 2612; x_wconf 86' lang='lat' dir='ltr'>per</span> <span class='ocrx_word' id='word_1_323' title='bbox 343 2565 510 2599; x_wconf 82' lang='lat' dir='ltr'>Messiam</span> <span class='ocrx_word' id='word_1_324' title='bbox 528 2566 701 2611; x_wconf 89' lang='lat' dir='ltr'>praestitit</span> <span class='ocrx_word' id='word_1_325' title='bbox 721 2564 787 2599; x_wconf 90' lang='lat' dir='ltr'>hoc</span> <span class='ocrx_word' id='word_1_326' title='bbox 806 2567 931 2610; x_wconf 78' lang='lat' dir='ltr'>ingens</span> <span class='ocrx_word' id='word_1_327' title='bbox 956 2565 1178 2605; x_wconf 87' lang='lat' dir='ltr'>beneficium,</span> 
     </span>
     <span class='ocr_line' id='line_1_48' title="bbox 191 2616 1179 2661; baseline -0.003 -10"><span class='ocrx_word' id='word_1_328' title='bbox 191 2616 287 2651; x_wconf 84' lang='lat' dir='ltr'>hunc</span> <span class='ocrx_word' id='word_1_329' title='bbox 310 2617 424 2650; x_wconf 80' lang='lat' dir='ltr'>voluit</span> <span class='ocrx_word' id='word_1_330' title='bbox 449 2629 522 2650; x_wconf 85' lang='lat' dir='ltr'>esse</span> <span class='ocrx_word' id='word_1_331' title='bbox 544 2624 699 2661; x_wconf 85' lang='lat' dir='ltr'>patrem,</span> <span class='ocrx_word' id='word_1_332' title='bbox 728 2617 762 2649; x_wconf 91' lang='lat' dir='ltr'>id</span> <span class='ocrx_word' id='word_1_333' title='bbox 780 2624 850 2656; x_wconf 85' lang='lat' dir='ltr'>est,</span> <span class='ocrx_word' id='word_1_334' title='bbox 879 2624 1038 2651; x_wconf 82' lang='lat' dir='ltr'>autorem</span> <span class='ocrx_word' id='word_1_335' title='bbox 1066 2622 1099 2650; x_wconf 93' lang='lat' dir='ltr'>et</span> <span class='ocrx_word' id='word_1_336' title='bbox 1122 2616 1179 2648; x_wconf 91' lang='lat' dir='ltr'>in-</span> 
     </span>
     <span class='ocr_line' id='line_1_49' title="bbox 193 2667 1030 2714; baseline -0.002 -11"><span class='ocrx_word' id='word_1_337' title='bbox 193 2675 369 2703; x_wconf 87' lang='lat' dir='ltr'>coatorem</span> <span class='ocrx_word' id='word_1_338' title='bbox 386 2675 547 2702; x_wconf 87' lang='lat' dir='ltr'>aeternae</span> <span class='ocrx_word' id='word_1_339' title='bbox 568 2669 677 2709; x_wconf 78' lang='lat' dir='ltr'>vitae,</span> <span class='ocrx_word' id='word_1_340' title='bbox 703 2675 744 2702; x_wconf 87' lang='lat' dir='ltr'>ut</span> <span class='ocrx_word' id='word_1_341' title='bbox 762 2668 879 2714; x_wconf 90' lang='lat' dir='ltr'>inquit</span> <span class='ocrx_word' id='word_1_342' title='bbox 896 2667 1030 2703; x_wconf 86' lang='lat' dir='ltr'>Esaias.</span> 
     </span>
    </p>

    <p class='ocr_par' dir='ltr' id='par_1_9' title="bbox 246 2720 788 2753">
     <span class='ocr_line' id='line_1_50' title="bbox 246 2720 788 2753; baseline -0.002 -1"><span class='ocrx_word' id='word_1_343' title='bbox 246 2723 423 2753; x_wconf 71' lang='lat' dir='ltr'>MELANTH.</span> <span class='ocrx_word' id='word_1_344' title='bbox 453 2722 556 2753; x_wconf 73' lang='lat' dir='ltr'>Orra.</span> <span class='ocrx_word' id='word_1_345' title='bbox 581 2721 663 2751; x_wconf 62' lang='lat' dir='ltr'>Vot.</span> <span class='ocrx_word' id='word_1_346' title='bbox 695 2720 788 2752; x_wconf 77' lang='lat' dir='ltr'>XtII.</span> 
     </span>
    </p>
   </div>
   <div class='ocr_carea' id='block_1_7' title="bbox 764 69 1596 110">
    <p class='ocr_par' dir='ltr' id='par_1_10' title="bbox 764 69 1596 110">
     <span class='ocr_line' id='line_1_51' title="bbox 764 69 1596 110; baseline 0 0"><span class='ocrx_word' id='word_1_347' title='bbox 764 74 826 110; x_wconf 89' lang='lat' dir='ltr'>IX.</span> <span class='ocrx_word' id='word_1_348' title='bbox 880 71 1245 110; x_wconf 76' lang='lat' dir='ltr'><strong>COMMENTARH</strong></span> <span class='ocrx_word' id='word_1_349' title='bbox 1271 73 1322 108; x_wconf 85' lang='lat' dir='ltr'>IN</span> <span class='ocrx_word' id='word_1_350' title='bbox 1350 69 1596 110; x_wconf 79' lang='lat' dir='ltr'>PSALMOS:</span> 
     </span>
    </p>
   </div>
   <div class='ocr_carea' id='block_1_8' title="bbox 2103 79 2199 114">
    <p class='ocr_par' dir='ltr' id='par_1_11' title="bbox 2103 79 2199 114">
     <span class='ocr_line' id='line_1_52' title="bbox 2103 79 2199 114; baseline 0.01 -1"><span class='ocrx_word' id='word_1_351' title='bbox 2103 79 2199 114; x_wconf 80' lang='lat'>1458</span> 
     </span>
    </p>
   </div>
   <div class='ocr_carea' id='block_1_9' title="bbox 1202 157 2225 2713">
    <p class='ocr_par' dir='ltr' id='par_1_12' title="bbox 1202 157 2194 613">
     <span class='ocr_line' id='line_1_53' title="bbox 1303 157 2194 209; baseline 0.009 -16"><span class='ocrx_word' id='word_1_352' title='bbox 1303 157 1350 193; x_wconf 87' lang='lat' dir='ltr'>Et</span> <span class='ocrx_word' id='word_1_353' title='bbox 1377 160 1467 194; x_wconf 88' lang='lat' dir='ltr'>sicut</span> <span class='ocrx_word' id='word_1_354' title='bbox 1492 159 1566 192; x_wconf 91' lang='lat' dir='ltr'>dies</span> <span class='ocrx_word' id='word_1_355' title='bbox 1589 159 1715 194; x_wconf 77' lang='lat' dir='ltr'>mortis</span> <span class='ocrx_word' id='word_1_356' title='bbox 1742 160 1846 195; x_wconf 86' lang='lat' dir='ltr'>durat</span> <span class='ocrx_word' id='word_1_357' title='bbox 1869 160 1987 207; x_wconf 86' lang='lat' dir='ltr'>impiis</span> <span class='ocrx_word' id='word_1_358' title='bbox 2012 172 2194 209; x_wconf 90' lang='lat' dir='ltr'>perpetuo,</span> 
     </span>
     <span class='ocr_line' id='line_1_54' title="bbox 1202 209 2193 259; baseline 0.007 -15"><span class='ocrx_word' id='word_1_359' title='bbox 1202 211 1251 244; x_wconf 92' lang='lat' dir='ltr'>sic</span> <span class='ocrx_word' id='word_1_360' title='bbox 1283 211 1418 254; x_wconf 84' lang='lat' dir='ltr'>agnitio</span> <span class='ocrx_word' id='word_1_361' title='bbox 1453 217 1485 244; x_wconf 91' lang='lat' dir='ltr'>et</span> <span class='ocrx_word' id='word_1_362' title='bbox 1509 211 1644 244; x_wconf 88' lang='lat' dir='ltr'>fructus</span> <span class='ocrx_word' id='word_1_363' title='bbox 1681 209 1788 245; x_wconf 93' lang='lat' dir='ltr'>huius</span> <span class='ocrx_word' id='word_1_364' title='bbox 1822 212 1913 255; x_wconf 86' lang='lat' dir='ltr'>diei,</span> <span class='ocrx_word' id='word_1_365' title='bbox 1951 223 2020 259; x_wconf 82' lang='lat' dir='ltr'>quo</span> <span class='ocrx_word' id='word_1_366' title='bbox 2049 216 2132 250; x_wconf 69' lang='lat' dir='ltr'>vicit</span> <span class='ocrx_word' id='word_1_367' title='bbox 2161 224 2193 251; x_wconf 88' lang='lat' dir='ltr'>et</span> 
     </span>
     <span class='ocr_line' id='line_1_55' title="bbox 1202 259 2189 306; baseline 0.006 -11"><span class='ocrx_word' id='word_1_368' title='bbox 1202 259 1400 306; x_wconf 85' lang='lat' dir='ltr'>triumphat</span> <span class='ocrx_word' id='word_1_369' title='bbox 1418 261 1584 301; x_wconf 84' lang='lat' dir='ltr'>Messias,</span> <span class='ocrx_word' id='word_1_370' title='bbox 1613 263 1765 304; x_wconf 90' lang='lat' dir='ltr'>pertinet</span> <span class='ocrx_word' id='word_1_371' title='bbox 1783 263 1827 296; x_wconf 86' lang='lat' dir='ltr'>ad</span> <span class='ocrx_word' id='word_1_372' title='bbox 1845 264 2047 299; x_wconf 86' lang='lat' dir='ltr'>universam</span> <span class='ocrx_word' id='word_1_373' title='bbox 2066 264 2189 301; x_wconf 88' lang='lat' dir='ltr'>Eccle-</span> 
     </span>
     <span class='ocr_line' id='line_1_56' title="bbox 1202 313 2191 359; baseline 0.007 -13"><span class='ocrx_word' id='word_1_374' title='bbox 1202 313 1287 346; x_wconf 89' lang='lat' dir='ltr'>siam</span> <span class='ocrx_word' id='word_1_375' title='bbox 1307 313 1468 346; x_wconf 87' lang='lat' dir='ltr'>omnium</span> <span class='ocrx_word' id='word_1_376' title='bbox 1487 320 1698 356; x_wconf 89' lang='lat' dir='ltr'>temporum.</span> <span class='ocrx_word' id='word_1_377' title='bbox 1741 313 1800 348; x_wconf 88' lang='lat' dir='ltr'>Sic</span> <span class='ocrx_word' id='word_1_378' title='bbox 1820 315 1856 347; x_wconf 91' lang='lat' dir='ltr'>in</span> <span class='ocrx_word' id='word_1_379' title='bbox 1876 316 2036 359; x_wconf 86' lang='lat' dir='ltr'>patribus</span> <span class='ocrx_word' id='word_1_380' title='bbox 2052 317 2191 353; x_wconf 87' lang='lat' dir='ltr'>incoata</span> 
     </span>
     <span class='ocr_line' id='line_1_57' title="bbox 1203 363 2192 404; baseline 0.006 -7"><span class='ocrx_word' id='word_1_381' title='bbox 1203 371 1253 398; x_wconf 91' lang='lat' dir='ltr'>est</span> <span class='ocrx_word' id='word_1_382' title='bbox 1270 364 1341 397; x_wconf 88' lang='lat' dir='ltr'>vita</span> <span class='ocrx_word' id='word_1_383' title='bbox 1363 370 1523 404; x_wconf 89' lang='lat' dir='ltr'>aeterna,</span> <span class='ocrx_word' id='word_1_384' title='bbox 1552 364 1772 398; x_wconf 88' lang='lat' dir='ltr'>intuentibus</span> <span class='ocrx_word' id='word_1_385' title='bbox 1797 366 1834 398; x_wconf 93' lang='lat' dir='ltr'>in</span> <span class='ocrx_word' id='word_1_386' title='bbox 1858 363 1951 400; x_wconf 90' lang='lat' dir='ltr'>hunc</span> <span class='ocrx_word' id='word_1_387' title='bbox 1969 367 2062 401; x_wconf 90' lang='lat' dir='ltr'>diem</span> <span class='ocrx_word' id='word_1_388' title='bbox 2079 369 2192 403; x_wconf 76' lang='lat' dir='ltr'>victo-</span> 
     </span>
     <span class='ocr_line' id='line_1_58' title="bbox 1202 412 2191 458; baseline 0.005 -9"><span class='ocrx_word' id='word_1_389' title='bbox 1202 416 1275 449; x_wconf 83' lang='lat' dir='ltr'>riae</span> <span class='ocrx_word' id='word_1_390' title='bbox 1296 421 1329 449; x_wconf 89' lang='lat' dir='ltr'>et</span> <span class='ocrx_word' id='word_1_391' title='bbox 1344 412 1516 458; x_wconf 88' lang='lat' dir='ltr'>triumphi</span> <span class='ocrx_word' id='word_1_392' title='bbox 1534 414 1702 454; x_wconf 77' lang='lat' dir='ltr'>Messiae,</span> <span class='ocrx_word' id='word_1_393' title='bbox 1731 423 1763 449; x_wconf 89' lang='lat' dir='ltr'>et</span> <span class='ocrx_word' id='word_1_394' title='bbox 1781 417 1848 450; x_wconf 85' lang='lat' dir='ltr'>fide</span> <span class='ocrx_word' id='word_1_395' title='bbox 1863 415 1959 451; x_wconf 91' lang='lat' dir='ltr'>hunc</span> <span class='ocrx_word' id='word_1_396' title='bbox 1976 426 2134 453; x_wconf 84' lang='lat' dir='ltr'>autorem</span> <span class='ocrx_word' id='word_1_397' title='bbox 2160 428 2191 455; x_wconf 89' lang='lat' dir='ltr'>et</span> 
     </span>
     <span class='ocr_line' id='line_1_59' title="bbox 1203 465 2192 512; baseline 0.006 -12"><span class='ocrx_word' id='word_1_398' title='bbox 1203 473 1339 511; x_wconf 92' lang='lat' dir='ltr'>patrem</span> <span class='ocrx_word' id='word_1_399' title='bbox 1381 465 1473 499; x_wconf 84' lang='lat' dir='ltr'>vitae</span> <span class='ocrx_word' id='word_1_400' title='bbox 1515 473 1676 500; x_wconf 86' lang='lat' dir='ltr'>aeternae</span> <span class='ocrx_word' id='word_1_401' title='bbox 1712 465 2070 512; x_wconf 88' lang='lat' dir='ltr'>apprehendentibus.</span> <span class='ocrx_word' id='word_1_402' title='bbox 2138 470 2192 506; x_wconf 86' lang='lat' dir='ltr'>Ita</span> 
     </span>
     <span class='ocr_line' id='line_1_60' title="bbox 1209 517 2191 563; baseline 0.005 -12"><span class='ocrx_word' id='word_1_403' title='bbox 1209 517 1349 551; x_wconf 70' lang='lat' dir='ltr'>Novum</span> <span class='ocrx_word' id='word_1_404' title='bbox 1368 523 1635 558; x_wconf 87' lang='lat' dir='ltr'>testamentum,</span> <span class='ocrx_word' id='word_1_405' title='bbox 1662 530 1734 552; x_wconf 89' lang='lat' dir='ltr'>non</span> <span class='ocrx_word' id='word_1_406' title='bbox 1753 531 1928 553; x_wconf 87' lang='lat' dir='ltr'>annorum</span> <span class='ocrx_word' id='word_1_407' title='bbox 1944 533 2105 563; x_wconf 86' lang='lat' dir='ltr'>numero,</span> <span class='ocrx_word' id='word_1_408' title='bbox 2130 523 2191 556; x_wconf 89' lang='lat' dir='ltr'>sed</span> 
     </span>
     <span class='ocr_line' id='line_1_61' title="bbox 1204 569 2063 613; baseline 0.005 -11"><span class='ocrx_word' id='word_1_409' title='bbox 1204 569 1384 613; x_wconf 84' lang='lat' dir='ltr'>agnitione</span> <span class='ocrx_word' id='word_1_410' title='bbox 1402 569 1562 602; x_wconf 85' lang='lat' dir='ltr'>beneficii</span> <span class='ocrx_word' id='word_1_411' title='bbox 1581 569 1801 604; x_wconf 87' lang='lat' dir='ltr'>discernatur</span> <span class='ocrx_word' id='word_1_412' title='bbox 1818 582 1836 604; x_wconf 87' lang='lat' dir='ltr'>a</span> <span class='ocrx_word' id='word_1_413' title='bbox 1854 571 1911 604; x_wconf 93' lang='lat' dir='ltr'>die</span> <span class='ocrx_word' id='word_1_414' title='bbox 1927 572 2063 607; x_wconf 89' lang='lat' dir='ltr'>mortis.</span> 
     </span>
    </p>

    <p class='ocr_par' dir='ltr' id='par_1_13' title="bbox 1205 618 2196 1270">
     <span class='ocr_line' id='line_1_62' title="bbox 1308 618 2192 666; baseline 0.003 -12"><span class='ocrx_word' id='word_1_415' title='bbox 1308 618 1397 654; x_wconf 89' lang='lat' dir='ltr'>Cum</span> <span class='ocrx_word' id='word_1_416' title='bbox 1413 626 1530 654; x_wconf 87' lang='lat' dir='ltr'>autem</span> <span class='ocrx_word' id='word_1_417' title='bbox 1555 621 1763 663; x_wconf 86' lang='lat' dir='ltr'>agnovimus</span> <span class='ocrx_word' id='word_1_418' title='bbox 1779 618 1885 656; x_wconf 89' lang='lat' dir='ltr'>huius</span> <span class='ocrx_word' id='word_1_419' title='bbox 1909 622 1980 655; x_wconf 85' lang='lat' dir='ltr'>diei</span> <span class='ocrx_word' id='word_1_420' title='bbox 1995 623 2192 666; x_wconf 72' lang='lat' dir='ltr'>victoriam,</span> 
     </span>
     <span class='ocr_line' id='line_1_63' title="bbox 1206 671 2192 715; baseline 0.004 -11"><span class='ocrx_word' id='word_1_421' title='bbox 1206 678 1239 704; x_wconf 89' lang='lat' dir='ltr'>et</span> <span class='ocrx_word' id='word_1_422' title='bbox 1253 672 1321 704; x_wconf 86' lang='lat' dir='ltr'>fide</span> <span class='ocrx_word' id='word_1_423' title='bbox 1338 682 1468 705; x_wconf 91' lang='lat' dir='ltr'>munus</span> <span class='ocrx_word' id='word_1_424' title='bbox 1487 671 1702 715; x_wconf 87' lang='lat' dir='ltr'>accepimus,</span> <span class='ocrx_word' id='word_1_425' title='bbox 1719 684 1800 705; x_wconf 84' lang='lat' dir='ltr'>vere</span> <span class='ocrx_word' id='word_1_426' title='bbox 1818 673 1977 707; x_wconf 87' lang='lat' dir='ltr'>exultant</span> <span class='ocrx_word' id='word_1_427' title='bbox 2002 683 2034 708; x_wconf 89' lang='lat' dir='ltr'>et</span> <span class='ocrx_word' id='word_1_428' title='bbox 2057 675 2192 708; x_wconf 89' lang='lat' dir='ltr'>laetan-</span> 
     </span>
     <span class='ocr_line' id='line_1_64' title="bbox 1205 720 2192 767; baseline 0.003 -11"><span class='ocrx_word' id='word_1_429' title='bbox 1205 729 1264 756; x_wconf 92' lang='lat' dir='ltr'>tur</span> <span class='ocrx_word' id='word_1_430' title='bbox 1280 722 1402 756; x_wconf 88' lang='lat' dir='ltr'>animi.</span> <span class='ocrx_word' id='word_1_431' title='bbox 1456 720 1541 755; x_wconf 92' lang='lat' dir='ltr'>Ideo</span> <span class='ocrx_word' id='word_1_432' title='bbox 1567 723 1742 767; x_wconf 85' lang='lat' dir='ltr'>sequitur:</span> <span class='ocrx_word' id='word_1_433' title='bbox 1772 721 2000 757; x_wconf 68' lang='lat' dir='ltr'>Eatultemus</span> <span class='ocrx_word' id='word_1_434' title='bbox 2025 730 2055 758; x_wconf 75' lang='lat' dir='ltr'>et</span> <span class='ocrx_word' id='word_1_435' title='bbox 2081 724 2192 759; x_wconf 81' lang='lat' dir='ltr'>laete-</span> 
     </span>
     <span class='ocr_line' id='line_1_65' title="bbox 1205 772 2194 821; baseline 0.005 -16"><span class='ocrx_word' id='word_1_436' title='bbox 1205 785 1287 806; x_wconf 81' lang='lat' dir='ltr'>mur</span> <span class='ocrx_word' id='word_1_437' title='bbox 1313 773 1351 806; x_wconf 88' lang='lat' dir='ltr'>in</span> <span class='ocrx_word' id='word_1_438' title='bbox 1374 784 1427 808; x_wconf 82' lang='lat' dir='ltr'>ea.</span> <span class='ocrx_word' id='word_1_439' title='bbox 1491 772 1650 806; x_wconf 89' lang='lat' dir='ltr'>Primum</span> <span class='ocrx_word' id='word_1_440' title='bbox 1675 774 1712 806; x_wconf 89' lang='lat' dir='ltr'>in</span> <span class='ocrx_word' id='word_1_441' title='bbox 1736 775 1838 808; x_wconf 89' lang='lat' dir='ltr'>nobis</span> <span class='ocrx_word' id='word_1_442' title='bbox 1862 775 1947 818; x_wconf 87' lang='lat' dir='ltr'>ipsis</span> <span class='ocrx_word' id='word_1_443' title='bbox 1973 777 2194 821; x_wconf 84' lang='lat' dir='ltr'>complentur</span> 
     </span>
     <span class='ocr_line' id='line_1_66' title="bbox 1207 824 2194 866; baseline 0.004 -8"><span class='ocrx_word' id='word_1_444' title='bbox 1207 826 1312 858; x_wconf 88' lang='lat' dir='ltr'>corda</span> <span class='ocrx_word' id='word_1_445' title='bbox 1330 824 1562 858; x_wconf 88' lang='lat' dir='ltr'>inenarrabili</span> <span class='ocrx_word' id='word_1_446' title='bbox 1579 824 1733 866; x_wconf 88' lang='lat' dir='ltr'>laeticia,</span> <span class='ocrx_word' id='word_1_447' title='bbox 1760 838 1838 858; x_wconf 90' lang='lat' dir='ltr'>cum</span> <span class='ocrx_word' id='word_1_448' title='bbox 1857 826 2054 860; x_wconf 85' lang='lat' dir='ltr'>liberantur</span> <span class='ocrx_word' id='word_1_449' title='bbox 2080 839 2098 861; x_wconf 88' lang='lat' dir='ltr'>a</span> <span class='ocrx_word' id='word_1_450' title='bbox 2125 836 2194 862; x_wconf 89' lang='lat' dir='ltr'>ter-</span> 
     </span>
     <span class='ocr_line' id='line_1_67' title="bbox 1207 875 2195 921; baseline 0.002 -11"><span class='ocrx_word' id='word_1_451' title='bbox 1207 877 1349 910; x_wconf 87' lang='lat' dir='ltr'>roribus</span> <span class='ocrx_word' id='word_1_452' title='bbox 1370 875 1502 920; x_wconf 90' lang='lat' dir='ltr'>peccati</span> <span class='ocrx_word' id='word_1_453' title='bbox 1528 883 1560 909; x_wconf 89' lang='lat' dir='ltr'>et</span> <span class='ocrx_word' id='word_1_454' title='bbox 1578 877 1720 917; x_wconf 88' lang='lat' dir='ltr'>mortis,</span> <span class='ocrx_word' id='word_1_455' title='bbox 1749 883 1782 911; x_wconf 87' lang='lat' dir='ltr'>et</span> <span class='ocrx_word' id='word_1_456' title='bbox 1804 877 2010 921; x_wconf 88' lang='lat' dir='ltr'>concipiunt</span> <span class='ocrx_word' id='word_1_457' title='bbox 2033 880 2195 913; x_wconf 84' lang='lat' dir='ltr'>consola-</span> 
     </span>
     <span class='ocr_line' id='line_1_68' title="bbox 1206 926 2194 974; baseline 0.002 -13"><span class='ocrx_word' id='word_1_458' title='bbox 1206 928 1358 968; x_wconf 87' lang='lat' dir='ltr'>tionem,</span> <span class='ocrx_word' id='word_1_459' title='bbox 1382 927 1471 961; x_wconf 92' lang='lat' dir='ltr'>sicut</span> <span class='ocrx_word' id='word_1_460' title='bbox 1494 926 1626 960; x_wconf 82' lang='lat' dir='ltr'>Paulus</span> <span class='ocrx_word' id='word_1_461' title='bbox 1649 927 1783 972; x_wconf 89' lang='lat' dir='ltr'>inquit:</span> <span class='ocrx_word' id='word_1_462' title='bbox 1820 927 1908 961; x_wconf 90' lang='lat' dir='ltr'>Fide</span> <span class='ocrx_word' id='word_1_463' title='bbox 1932 929 2108 962; x_wconf 81' lang='lat' dir='ltr'>iustificati</span> <span class='ocrx_word' id='word_1_464' title='bbox 2133 943 2194 974; x_wconf 80' lang='lat' dir='ltr'>pa-</span> 
     </span>
     <span class='ocr_line' id='line_1_69' title="bbox 1208 976 2195 1026; baseline 0.002 -13"><span class='ocrx_word' id='word_1_465' title='bbox 1208 992 1282 1013; x_wconf 88' lang='lat' dir='ltr'>cem</span> <span class='ocrx_word' id='word_1_466' title='bbox 1304 977 1486 1013; x_wconf 79' lang='lat' dir='ltr'>habemus.</span> <span class='ocrx_word' id='word_1_467' title='bbox 1541 976 1586 1012; x_wconf 85' lang='lat' dir='ltr'>Et</span> <span class='ocrx_word' id='word_1_468' title='bbox 1607 976 1768 1013; x_wconf 76' lang='lat' dir='ltr'>Christus</span> <span class='ocrx_word' id='word_1_469' title='bbox 1784 979 1827 1012; x_wconf 92' lang='lat' dir='ltr'>de</span> <span class='ocrx_word' id='word_1_470' title='bbox 1845 977 2028 1013; x_wconf 85' lang='lat' dir='ltr'>Abraham</span> <span class='ocrx_word' id='word_1_471' title='bbox 2060 981 2195 1026; x_wconf 87' lang='lat' dir='ltr'>inquit:</span> 
     </span>
     <span class='ocr_line' id='line_1_70' title="bbox 1208 1029 2195 1075; baseline 0.001 -10"><span class='ocrx_word' id='word_1_472' title='bbox 1208 1029 1390 1065; x_wconf 85' lang='lat' dir='ltr'>Abraham</span> <span class='ocrx_word' id='word_1_473' title='bbox 1402 1030 1491 1063; x_wconf 81' lang='lat' dir='ltr'>vidit</span> <span class='ocrx_word' id='word_1_474' title='bbox 1509 1030 1600 1062; x_wconf 87' lang='lat' dir='ltr'>diem</span> <span class='ocrx_word' id='word_1_475' title='bbox 1617 1042 1753 1071; x_wconf 88' lang='lat' dir='ltr'>meum,</span> <span class='ocrx_word' id='word_1_476' title='bbox 1771 1037 1804 1064; x_wconf 89' lang='lat' dir='ltr'>et</span> <span class='ocrx_word' id='word_1_477' title='bbox 1818 1031 1965 1064; x_wconf 89' lang='lat' dir='ltr'>laetatus</span> <span class='ocrx_word' id='word_1_478' title='bbox 1977 1038 2037 1066; x_wconf 86' lang='lat' dir='ltr'>est.</span> <span class='ocrx_word' id='word_1_479' title='bbox 2073 1032 2195 1075; x_wconf 74' lang='lat' dir='ltr'>Agno-</span> 
     </span>
     <span class='ocr_line' id='line_1_71' title="bbox 1208 1079 2195 1126; baseline 0.003 -12"><span class='ocrx_word' id='word_1_480' title='bbox 1208 1083 1259 1116; x_wconf 74' lang='lat' dir='ltr'>vit</span> <span class='ocrx_word' id='word_1_481' title='bbox 1276 1089 1465 1116; x_wconf 84' lang='lat' dir='ltr'>venturum</span> <span class='ocrx_word' id='word_1_482' title='bbox 1484 1079 1577 1115; x_wconf 85' lang='lat' dir='ltr'>hunc</span> <span class='ocrx_word' id='word_1_483' title='bbox 1597 1081 1710 1122; x_wconf 89' lang='lat' dir='ltr'>diem,</span> <span class='ocrx_word' id='word_1_484' title='bbox 1738 1094 1807 1126; x_wconf 91' lang='lat' dir='ltr'>quo</span> <span class='ocrx_word' id='word_1_485' title='bbox 1826 1080 1974 1115; x_wconf 89' lang='lat' dir='ltr'>Messias</span> <span class='ocrx_word' id='word_1_486' title='bbox 1998 1083 2195 1117; x_wconf 89' lang='lat' dir='ltr'>aboliturus</span> 
     </span>
     <span class='ocr_line' id='line_1_72' title="bbox 1209 1132 2195 1178; baseline 0.002 -12"><span class='ocrx_word' id='word_1_487' title='bbox 1209 1141 1282 1167; x_wconf 91' lang='lat' dir='ltr'>erat</span> <span class='ocrx_word' id='word_1_488' title='bbox 1300 1140 1479 1178; x_wconf 89' lang='lat' dir='ltr'>peccatum</span> <span class='ocrx_word' id='word_1_489' title='bbox 1498 1139 1530 1166; x_wconf 90' lang='lat' dir='ltr'>et</span> <span class='ocrx_word' id='word_1_490' title='bbox 1547 1139 1706 1167; x_wconf 88' lang='lat' dir='ltr'>mortem.</span> <span class='ocrx_word' id='word_1_491' title='bbox 1753 1132 1794 1165; x_wconf 91' lang='lat' dir='ltr'>In</span> <span class='ocrx_word' id='word_1_492' title='bbox 1813 1144 1851 1166; x_wconf 88' lang='lat' dir='ltr'>ea</span> <span class='ocrx_word' id='word_1_493' title='bbox 1870 1133 1947 1166; x_wconf 89' lang='lat' dir='ltr'>luce</span> <span class='ocrx_word' id='word_1_494' title='bbox 1966 1134 2109 1177; x_wconf 78' lang='lat' dir='ltr'>agnovit</span> <span class='ocrx_word' id='word_1_495' title='bbox 2129 1136 2195 1168; x_wconf 92' lang='lat' dir='ltr'>mi-</span> 
     </span>
     <span class='ocr_line' id='line_1_73' title="bbox 1209 1183 2196 1229; baseline 0.003 -12"><span class='ocrx_word' id='word_1_496' title='bbox 1209 1184 1435 1218; x_wconf 80' lang='lat' dir='ltr'>sericordiam</span> <span class='ocrx_word' id='word_1_497' title='bbox 1458 1183 1524 1217; x_wconf 91' lang='lat' dir='ltr'>Dei</span> <span class='ocrx_word' id='word_1_498' title='bbox 1557 1190 1589 1217; x_wconf 91' lang='lat' dir='ltr'>et</span> <span class='ocrx_word' id='word_1_499' title='bbox 1619 1183 1861 1217; x_wconf 86' lang='lat' dir='ltr'>remissionem</span> <span class='ocrx_word' id='word_1_500' title='bbox 1888 1192 2126 1229; x_wconf 85' lang='lat' dir='ltr'>peccatorum,</span> <span class='ocrx_word' id='word_1_501' title='bbox 2164 1193 2196 1220; x_wconf 87' lang='lat' dir='ltr'>et</span> 
     </span>
     <span class='ocr_line' id='line_1_74' title="bbox 1210 1235 2161 1270; baseline 0.001 -1"><span class='ocrx_word' id='word_1_502' title='bbox 1210 1235 1364 1269; x_wconf 85' lang='lat' dir='ltr'>mirabili</span> <span class='ocrx_word' id='word_1_503' title='bbox 1387 1235 1520 1268; x_wconf 87' lang='lat' dir='ltr'>laeticia</span> <span class='ocrx_word' id='word_1_504' title='bbox 1538 1235 1646 1268; x_wconf 88' lang='lat' dir='ltr'>sensit</span> <span class='ocrx_word' id='word_1_505' title='bbox 1665 1235 1731 1267; x_wconf 91' lang='lat' dir='ltr'>sibi</span> <span class='ocrx_word' id='word_1_506' title='bbox 1750 1235 1825 1268; x_wconf 83' lang='lat' dir='ltr'>dari</span> <span class='ocrx_word' id='word_1_507' title='bbox 1842 1235 1951 1269; x_wconf 76' lang='lat' dir='ltr'>vitam</span> <span class='ocrx_word' id='word_1_508' title='bbox 1969 1243 2161 1270; x_wconf 86' lang='lat' dir='ltr'>aeternam.</span> 
     </span>
    </p>

    <p class='ocr_par' dir='ltr' id='par_1_14' title="bbox 1210 1283 2213 2354">
     <span class='ocr_line' id='line_1_75' title="bbox 1311 1283 2193 1330; baseline 0.001 -9"><span class='ocrx_word' id='word_1_509' title='bbox 1311 1286 1380 1321; x_wconf 91' lang='lat' dir='ltr'>Sed</span> <span class='ocrx_word' id='word_1_510' title='bbox 1407 1283 1492 1319; x_wconf 88' lang='lat' dir='ltr'>haec</span> <span class='ocrx_word' id='word_1_511' title='bbox 1515 1286 1650 1319; x_wconf 84' lang='lat' dir='ltr'>laeticia</span> <span class='ocrx_word' id='word_1_512' title='bbox 1676 1298 1749 1319; x_wconf 92' lang='lat' dir='ltr'>non</span> <span class='ocrx_word' id='word_1_513' title='bbox 1781 1292 1893 1330; x_wconf 88' lang='lat' dir='ltr'>potest</span> <span class='ocrx_word' id='word_1_514' title='bbox 1923 1287 2085 1328; x_wconf 80' lang='lat' dir='ltr'>existere,</span> <span class='ocrx_word' id='word_1_515' title='bbox 2123 1289 2193 1322; x_wconf 89' lang='lat' dir='ltr'>nisi</span> 
     </span>
     <span class='ocr_line' id='line_1_76' title="bbox 1211 1334 2197 1381; baseline 0.002 -9"><span class='ocrx_word' id='word_1_516' title='bbox 1211 1346 1304 1372; x_wconf 82' lang='lat' dir='ltr'>recte</span> <span class='ocrx_word' id='word_1_517' title='bbox 1330 1344 1539 1381; x_wconf 80' lang='lat' dir='ltr'>agnoscatur</span> <span class='ocrx_word' id='word_1_518' title='bbox 1561 1334 1619 1370; x_wconf 88' lang='lat' dir='ltr'>hic</span> <span class='ocrx_word' id='word_1_519' title='bbox 1645 1337 1737 1376; x_wconf 84' lang='lat' dir='ltr'>dies,</span> <span class='ocrx_word' id='word_1_520' title='bbox 1765 1337 1800 1369; x_wconf 90' lang='lat' dir='ltr'>id</span> <span class='ocrx_word' id='word_1_521' title='bbox 1828 1344 1899 1375; x_wconf 84' lang='lat' dir='ltr'>est,</span> <span class='ocrx_word' id='word_1_522' title='bbox 1934 1338 2001 1370; x_wconf 83' lang='lat' dir='ltr'>nisi</span> <span class='ocrx_word' id='word_1_523' title='bbox 2028 1347 2120 1373; x_wconf 84' lang='lat' dir='ltr'>recte</span> <span class='ocrx_word' id='word_1_524' title='bbox 2144 1346 2197 1374; x_wconf 88' lang='lat' dir='ltr'>te-</span> 
     </span>
     <span class='ocr_line' id='line_1_77' title="bbox 1210 1387 2195 1431; baseline 0.001 -8"><span class='ocrx_word' id='word_1_525' title='bbox 1210 1388 1628 1431; x_wconf 85' lang='lat' dir='ltr'>neaturEvangeliumde</span> <span class='ocrx_word' id='word_1_526' title='bbox 1641 1387 1732 1421; x_wconf 86' lang='lat' dir='ltr'>Filio</span> <span class='ocrx_word' id='word_1_527' title='bbox 1743 1387 1821 1421; x_wconf 89' lang='lat' dir='ltr'>Dei.</span> <span class='ocrx_word' id='word_1_528' title='bbox 1850 1387 1972 1422; x_wconf 90' lang='lat' dir='ltr'>Donec</span> <span class='ocrx_word' id='word_1_529' title='bbox 1989 1390 2097 1423; x_wconf 85' lang='lat' dir='ltr'>animi</span> <span class='ocrx_word' id='word_1_530' title='bbox 2115 1402 2195 1424; x_wconf 92' lang='lat' dir='ltr'>sau-</span> 
     </span>
     <span class='ocr_line' id='line_1_78' title="bbox 1212 1438 2198 1484; baseline 0.002 -11"><span class='ocrx_word' id='word_1_531' title='bbox 1212 1442 1351 1474; x_wconf 85' lang='lat' dir='ltr'>ciantur</span> <span class='ocrx_word' id='word_1_532' title='bbox 1365 1440 1451 1483; x_wconf 85' lang='lat' dir='ltr'>legis</span> <span class='ocrx_word' id='word_1_533' title='bbox 1467 1451 1570 1478; x_wconf 80' lang='lat' dir='ltr'>voce,</span> <span class='ocrx_word' id='word_1_534' title='bbox 1600 1439 1742 1482; x_wconf 86' lang='lat' dir='ltr'>fugiunt</span> <span class='ocrx_word' id='word_1_535' title='bbox 1759 1438 1872 1472; x_wconf 88' lang='lat' dir='ltr'>Deum</span> <span class='ocrx_word' id='word_1_536' title='bbox 1885 1464 1893 1477; x_wconf 85' lang='lat'>‚</span> <span class='ocrx_word' id='word_1_537' title='bbox 1922 1452 1995 1473; x_wconf 92' lang='lat' dir='ltr'>non</span> <span class='ocrx_word' id='word_1_538' title='bbox 2012 1441 2198 1484; x_wconf 84' lang='lat' dir='ltr'>laetantur,</span> 
     </span>
     <span class='ocr_line' id='line_1_79' title="bbox 1212 1487 2195 1533; baseline 0.002 -8"><span class='ocrx_word' id='word_1_539' title='bbox 1212 1493 1248 1525; x_wconf 82' lang='lat' dir='ltr'>id</span> <span class='ocrx_word' id='word_1_540' title='bbox 1274 1498 1343 1532; x_wconf 85' lang='lat' dir='ltr'>est,</span> <span class='ocrx_word' id='word_1_541' title='bbox 1377 1492 1489 1524; x_wconf 88' lang='lat' dir='ltr'>donec</span> <span class='ocrx_word' id='word_1_542' title='bbox 1513 1490 1753 1532; x_wconf 85' lang='lat' dir='ltr'>imaginantur</span> <span class='ocrx_word' id='word_1_543' title='bbox 1786 1487 1846 1523; x_wconf 86' lang='lat' dir='ltr'>has</span> <span class='ocrx_word' id='word_1_544' title='bbox 1870 1503 1989 1532; x_wconf 82' lang='lat' dir='ltr'>voceS,</span> <span class='ocrx_word' id='word_1_545' title='bbox 2022 1492 2195 1533; x_wconf 76' lang='lat' dir='ltr'>Exultate,</span> 
     </span>
     <span class='ocr_line' id='line_1_80' title="bbox 1213 1541 2199 1588; baseline 0 -12"><span class='ocrx_word' id='word_1_546' title='bbox 1213 1543 1411 1576; x_wconf 81' lang='lat' dir='ltr'>Laetamini</span> <span class='ocrx_word' id='word_1_547' title='bbox 1426 1569 1435 1582; x_wconf 89' lang='lat'>,</span> <span class='ocrx_word' id='word_1_548' title='bbox 1462 1542 1505 1574; x_wconf 87' lang='lat' dir='ltr'>ad</span> <span class='ocrx_word' id='word_1_549' title='bbox 1524 1541 1611 1574; x_wconf 89' lang='lat' dir='ltr'>alios</span> <span class='ocrx_word' id='word_1_550' title='bbox 1627 1541 1826 1588; x_wconf 86' lang='lat' dir='ltr'>pertinere,</span> <span class='ocrx_word' id='word_1_551' title='bbox 1853 1553 1916 1574; x_wconf 89' lang='lat' dir='ltr'>nec</span> <span class='ocrx_word' id='word_1_552' title='bbox 1942 1554 2042 1586; x_wconf 88' lang='lat' dir='ltr'>posse</span> <span class='ocrx_word' id='word_1_553' title='bbox 2063 1544 2199 1585; x_wconf 85' lang='lat' dir='ltr'>laetari,</span> 
     </span>
     <span class='ocr_line' id='line_1_81' title="bbox 1214 1592 2199 1638; baseline 0.002 -12"><span class='ocrx_word' id='word_1_554' title='bbox 1214 1595 1281 1627; x_wconf 90' lang='lat' dir='ltr'>nisi</span> <span class='ocrx_word' id='word_1_555' title='bbox 1310 1605 1367 1626; x_wconf 87' lang='lat' dir='ltr'>eos</span> <span class='ocrx_word' id='word_1_556' title='bbox 1392 1593 1451 1638; x_wconf 86' lang='lat' dir='ltr'>qui</span> <span class='ocrx_word' id='word_1_557' title='bbox 1482 1599 1564 1625; x_wconf 90' lang='lat' dir='ltr'>sunt</span> <span class='ocrx_word' id='word_1_558' title='bbox 1590 1592 1706 1634; x_wconf 82' lang='lat' dir='ltr'>digni,</span> <span class='ocrx_word' id='word_1_559' title='bbox 1740 1592 1816 1624; x_wconf 84' lang='lat' dir='ltr'>sine</span> <span class='ocrx_word' id='word_1_560' title='bbox 1843 1600 2002 1636; x_wconf 86' lang='lat' dir='ltr'>peccato,</span> <span class='ocrx_word' id='word_1_561' title='bbox 2037 1596 2199 1628; x_wconf 89' lang='lat' dir='ltr'>nondum</span> 
     </span>
     <span class='ocr_line' id='line_1_82' title="bbox 1215 1641 2200 1689; baseline 0.002 -12"><span class='ocrx_word' id='word_1_562' title='bbox 1215 1652 1408 1688; x_wconf 77' lang='lat' dir='ltr'>agnoscunt</span> <span class='ocrx_word' id='word_1_563' title='bbox 1434 1641 1529 1676; x_wconf 88' lang='lat' dir='ltr'>hunc</span> <span class='ocrx_word' id='word_1_564' title='bbox 1556 1642 1669 1683; x_wconf 86' lang='lat' dir='ltr'>diem,</span> <span class='ocrx_word' id='word_1_565' title='bbox 1695 1643 1855 1676; x_wconf 89' lang='lat' dir='ltr'>nondum</span> <span class='ocrx_word' id='word_1_566' title='bbox 1883 1652 2016 1678; x_wconf 89' lang='lat' dir='ltr'>norunt</span> <span class='ocrx_word' id='word_1_567' title='bbox 2037 1643 2200 1689; x_wconf 75' lang='lat' dir='ltr'>Evange-</span> 
     </span>
     <span class='ocr_line' id='line_1_83' title="bbox 1215 1693 2201 1740; baseline 0.001 -11"><span class='ocrx_word' id='word_1_568' title='bbox 1215 1697 1316 1729; x_wconf 90' lang='lat' dir='ltr'>lium.</span> <span class='ocrx_word' id='word_1_569' title='bbox 1369 1694 1438 1729; x_wconf 86' lang='lat' dir='ltr'>Sed</span> <span class='ocrx_word' id='word_1_570' title='bbox 1457 1695 1565 1727; x_wconf 89' lang='lat' dir='ltr'>sciant</span> <span class='ocrx_word' id='word_1_571' title='bbox 1581 1694 1688 1737; x_wconf 88' lang='lat' dir='ltr'>gratis</span> <span class='ocrx_word' id='word_1_572' title='bbox 1707 1693 2024 1738; x_wconf 81' lang='lat' dir='ltr'>propterMessiam</span> <span class='ocrx_word' id='word_1_573' title='bbox 2043 1697 2201 1740; x_wconf 85' lang='lat' dir='ltr'>promitti</span> 
     </span>
     <span class='ocr_line' id='line_1_84' title="bbox 1215 1745 2202 1789; baseline 0.001 -8"><span class='ocrx_word' id='word_1_574' title='bbox 1215 1746 1539 1781; x_wconf 78' lang='lat' dir='ltr'>reconciliationem</span> <span class='ocrx_word' id='word_1_575' title='bbox 1556 1752 1588 1778; x_wconf 92' lang='lat' dir='ltr'>et</span> <span class='ocrx_word' id='word_1_576' title='bbox 1607 1745 1878 1789; x_wconf 81' lang='lat' dir='ltr'>imputationem</span> <span class='ocrx_word' id='word_1_577' title='bbox 1895 1746 2063 1780; x_wconf 81' lang='lat' dir='ltr'>iusticiae.</span> <span class='ocrx_word' id='word_1_578' title='bbox 2105 1747 2202 1782; x_wconf 88' lang='lat' dir='ltr'>Sciat</span> 
     </span>
     <span class='ocr_line' id='line_1_85' title="bbox 1216 1794 2200 1844; baseline 0.003 -14"><span class='ocrx_word' id='word_1_579' title='bbox 1216 1799 1364 1844; x_wconf 84' lang='lat' dir='ltr'>quisque</span> <span class='ocrx_word' id='word_1_580' title='bbox 1381 1798 1424 1830; x_wconf 92' lang='lat' dir='ltr'>ad</span> <span class='ocrx_word' id='word_1_581' title='bbox 1443 1809 1478 1831; x_wconf 93' lang='lat' dir='ltr'>se</span> <span class='ocrx_word' id='word_1_582' title='bbox 1499 1797 1673 1840; x_wconf 87' lang='lat' dir='ltr'>pertinere</span> <span class='ocrx_word' id='word_1_583' title='bbox 1693 1794 1754 1829; x_wconf 84' lang='lat' dir='ltr'>has</span> <span class='ocrx_word' id='word_1_584' title='bbox 1773 1808 1888 1829; x_wconf 77' lang='lat' dir='ltr'>voces:</span> <span class='ocrx_word' id='word_1_585' title='bbox 1918 1796 2097 1838; x_wconf 73' lang='lat' dir='ltr'>Exustate,</span> <span class='ocrx_word' id='word_1_586' title='bbox 2111 1798 2200 1833; x_wconf 84' lang='lat' dir='ltr'>Lae-</span> 
     </span>
     <span class='ocr_line' id='line_1_86' title="bbox 1217 1845 2200 1892; baseline 0.001 -9"><span class='ocrx_word' id='word_1_587' title='bbox 1217 1849 1362 1890; x_wconf 78' lang='lat' dir='ltr'>tamini,</span> <span class='ocrx_word' id='word_1_588' title='bbox 1393 1855 1423 1881; x_wconf 87' lang='lat' dir='ltr'>et</span> <span class='ocrx_word' id='word_1_589' title='bbox 1444 1848 1550 1892; x_wconf 85' lang='lat' dir='ltr'>gratis</span> <span class='ocrx_word' id='word_1_590' title='bbox 1567 1848 1693 1881; x_wconf 84' lang='lat' dir='ltr'>donari</span> <span class='ocrx_word' id='word_1_591' title='bbox 1721 1845 1788 1880; x_wconf 87' lang='lat' dir='ltr'>hoc</span> <span class='ocrx_word' id='word_1_592' title='bbox 1812 1848 2021 1882; x_wconf 88' lang='lat' dir='ltr'>beneficium</span> <span class='ocrx_word' id='word_1_593' title='bbox 2048 1857 2081 1884; x_wconf 91' lang='lat' dir='ltr'>et</span> <span class='ocrx_word' id='word_1_594' title='bbox 2104 1850 2200 1884; x_wconf 87' lang='lat' dir='ltr'>indi-</span> 
     </span>
     <span class='ocr_line' id='line_1_87' title="bbox 1218 1898 2204 1945; baseline 0.001 -12"><span class='ocrx_word' id='word_1_595' title='bbox 1218 1901 1307 1945; x_wconf 82' lang='lat' dir='ltr'>gnis.</span> <span class='ocrx_word' id='word_1_596' title='bbox 1368 1899 1441 1933; x_wconf 74' lang='lat' dir='ltr'>Scit</span> <span class='ocrx_word' id='word_1_597' title='bbox 1473 1898 1569 1933; x_wconf 89' lang='lat' dir='ltr'>Deus</span> <span class='ocrx_word' id='word_1_598' title='bbox 1598 1906 1631 1932; x_wconf 88' lang='lat' dir='ltr'>te</span> <span class='ocrx_word' id='word_1_599' title='bbox 1668 1910 1872 1943; x_wconf 90' lang='lat' dir='ltr'>oppressum</span> <span class='ocrx_word' id='word_1_600' title='bbox 1909 1911 1982 1933; x_wconf 88' lang='lat' dir='ltr'>esse</span> <span class='ocrx_word' id='word_1_601' title='bbox 2012 1902 2204 1940; x_wconf 85' lang='lat' dir='ltr'>moesticia,</span> 
     </span>
     <span class='ocr_line' id='line_1_88' title="bbox 1219 1948 2205 1998; baseline 0 -13"><span class='ocrx_word' id='word_1_602' title='bbox 1219 1958 1364 1998; x_wconf 86' lang='lat' dir='ltr'>propter</span> <span class='ocrx_word' id='word_1_603' title='bbox 1379 1958 1559 1995; x_wconf 90' lang='lat' dir='ltr'>peccatum</span> <span class='ocrx_word' id='word_1_604' title='bbox 1578 1948 1726 1983; x_wconf 88' lang='lat' dir='ltr'>haerens</span> <span class='ocrx_word' id='word_1_605' title='bbox 1743 1950 1780 1982; x_wconf 79' lang='lat' dir='ltr'>in</span> <span class='ocrx_word' id='word_1_606' title='bbox 1800 1962 1915 1986; x_wconf 86' lang='lat' dir='ltr'>carne.</span> <span class='ocrx_word' id='word_1_607' title='bbox 1967 1952 2052 1985; x_wconf 89' lang='lat' dir='ltr'>Ideo</span> <span class='ocrx_word' id='word_1_608' title='bbox 2071 1954 2205 1997; x_wconf 89' lang='lat' dir='ltr'>praeci-</span> 
     </span>
     <span class='ocr_line' id='line_1_89' title="bbox 1219 2001 2204 2048; baseline 0.002 -12"><span class='ocrx_word' id='word_1_609' title='bbox 1219 2004 1269 2048; x_wconf 89' lang='lat' dir='ltr'>pit</span> <span class='ocrx_word' id='word_1_610' title='bbox 1296 2014 1498 2048; x_wconf 86' lang='lat' dir='ltr'>quanquam</span> <span class='ocrx_word' id='word_1_611' title='bbox 1524 2001 1694 2045; x_wconf 87' lang='lat' dir='ltr'>indigno‚</span> <span class='ocrx_word' id='word_1_612' title='bbox 1720 2008 1759 2035; x_wconf 90' lang='lat' dir='ltr'>ut</span> <span class='ocrx_word' id='word_1_613' title='bbox 1782 2001 1941 2040; x_wconf 86' lang='lat' dir='ltr'>laeteris,</span> <span class='ocrx_word' id='word_1_614' title='bbox 1975 2003 2053 2037; x_wconf 79' lang='lat' dir='ltr'>vult</span> <span class='ocrx_word' id='word_1_615' title='bbox 2080 2011 2111 2037; x_wconf 88' lang='lat' dir='ltr'>te</span> <span class='ocrx_word' id='word_1_616' title='bbox 2134 2011 2204 2038; x_wconf 90' lang='lat' dir='ltr'>sta-</span> 
     </span>
     <span class='ocr_line' id='line_1_90' title="bbox 1221 2053 2206 2100; baseline 0.001 -12"><span class='ocrx_word' id='word_1_617' title='bbox 1221 2062 1337 2091; x_wconf 78' lang='lat' dir='ltr'>tuere,</span> <span class='ocrx_word' id='word_1_618' title='bbox 1365 2054 1460 2098; x_wconf 87' lang='lat' dir='ltr'>quod</span> <span class='ocrx_word' id='word_1_619' title='bbox 1476 2065 1681 2100; x_wconf 82' lang='lat' dir='ltr'>quanquam</span> <span class='ocrx_word' id='word_1_620' title='bbox 1699 2053 1867 2094; x_wconf 79' lang='lat' dir='ltr'>indignus</span> <span class='ocrx_word' id='word_1_621' title='bbox 1889 2053 1954 2093; x_wconf 86' lang='lat' dir='ltr'>sis,</span> <span class='ocrx_word' id='word_1_622' title='bbox 1981 2059 2098 2087; x_wconf 87' lang='lat' dir='ltr'>tamen</span> <span class='ocrx_word' id='word_1_623' title='bbox 2122 2067 2206 2099; x_wconf 86' lang='lat' dir='ltr'>pro-</span> 
     </span>
     <span class='ocr_line' id='line_1_91' title="bbox 1223 2102 2209 2149; baseline 0.002 -11"><span class='ocrx_word' id='word_1_624' title='bbox 1223 2113 1300 2149; x_wconf 90' lang='lat' dir='ltr'>pter</span> <span class='ocrx_word' id='word_1_625' title='bbox 1328 2102 1424 2138; x_wconf 89' lang='lat' dir='ltr'>hunc</span> <span class='ocrx_word' id='word_1_626' title='bbox 1451 2105 1621 2137; x_wconf 87' lang='lat' dir='ltr'>victorem</span> <span class='ocrx_word' id='word_1_627' title='bbox 1649 2110 1682 2137; x_wconf 88' lang='lat' dir='ltr'>et</span> <span class='ocrx_word' id='word_1_628' title='bbox 1705 2104 1933 2137; x_wconf 85' lang='lat' dir='ltr'>mediatorem</span> <span class='ocrx_word' id='word_1_629' title='bbox 1963 2103 2039 2138; x_wconf 90' lang='lat' dir='ltr'>Deo</span> <span class='ocrx_word' id='word_1_630' title='bbox 2062 2105 2209 2149; x_wconf 85' lang='lat' dir='ltr'>placeas.</span> 
     </span>
     <span class='ocr_line' id='line_1_92' title="bbox 1222 2154 2209 2200; baseline 0.001 -10"><span class='ocrx_word' id='word_1_631' title='bbox 1222 2157 1274 2191; x_wconf 85' lang='lat' dir='ltr'>Ita</span> <span class='ocrx_word' id='word_1_632' title='bbox 1301 2156 1440 2200; x_wconf 87' lang='lat' dir='ltr'>cognito</span> <span class='ocrx_word' id='word_1_633' title='bbox 1463 2155 1657 2199; x_wconf 72' lang='lat' dir='ltr'>Evangelio</span> <span class='ocrx_word' id='word_1_634' title='bbox 1681 2156 1723 2187; x_wconf 91' lang='lat' dir='ltr'>de</span> <span class='ocrx_word' id='word_1_635' title='bbox 1747 2154 1874 2197; x_wconf 85' lang='lat' dir='ltr'>gratia,</span> <span class='ocrx_word' id='word_1_636' title='bbox 1902 2155 1939 2187; x_wconf 90' lang='lat' dir='ltr'>id</span> <span class='ocrx_word' id='word_1_637' title='bbox 1965 2162 2031 2196; x_wconf 91' lang='lat' dir='ltr'>est,</span> <span class='ocrx_word' id='word_1_638' title='bbox 2059 2157 2209 2199; x_wconf 84' lang='lat' dir='ltr'>gratuita</span> 
     </span>
     <span class='ocr_line' id='line_1_93' title="bbox 1223 2205 2211 2251; baseline 0 -9"><span class='ocrx_word' id='word_1_639' title='bbox 1223 2208 1425 2251; x_wconf 84' lang='lat' dir='ltr'>acceptione</span> <span class='ocrx_word' id='word_1_640' title='bbox 1449 2219 1509 2240; x_wconf 88' lang='lat' dir='ltr'>seu</span> <span class='ocrx_word' id='word_1_641' title='bbox 1536 2206 1772 2249; x_wconf 78' lang='lat' dir='ltr'>imputatione</span> <span class='ocrx_word' id='word_1_642' title='bbox 1799 2205 1976 2247; x_wconf 87' lang='lat' dir='ltr'>iusticiae,</span> <span class='ocrx_word' id='word_1_643' title='bbox 2011 2208 2115 2240; x_wconf 85' lang='lat' dir='ltr'>corda</span> <span class='ocrx_word' id='word_1_644' title='bbox 2139 2209 2211 2242; x_wconf 86' lang='lat' dir='ltr'>lae-</span> 
     </span>
     <span class='ocr_line' id='line_1_94' title="bbox 1223 2255 2213 2302; baseline 0.002 -10"><span class='ocrx_word' id='word_1_645' title='bbox 1223 2260 1292 2293; x_wconf 86' lang='lat' dir='ltr'>tari</span> <span class='ocrx_word' id='word_1_646' title='bbox 1315 2265 1346 2292; x_wconf 94' lang='lat' dir='ltr'>et</span> <span class='ocrx_word' id='word_1_647' title='bbox 1373 2259 1530 2302; x_wconf 87' lang='lat' dir='ltr'>accipere</span> <span class='ocrx_word' id='word_1_648' title='bbox 1563 2257 1731 2291; x_wconf 87' lang='lat' dir='ltr'>beneficia</span> <span class='ocrx_word' id='word_1_649' title='bbox 1761 2256 1846 2290; x_wconf 83' lang='lat' dir='ltr'>Filii</span> <span class='ocrx_word' id='word_1_650' title='bbox 1870 2255 1958 2299; x_wconf 74' lang='lat' dir='ltr'>Dei,</span> <span class='ocrx_word' id='word_1_651' title='bbox 1985 2264 2018 2291; x_wconf 89' lang='lat' dir='ltr'>et</span> <span class='ocrx_word' id='word_1_652' title='bbox 2049 2259 2213 2293; x_wconf 74' lang='lat' dir='ltr'>invocare</span> 
     </span>
     <span class='ocr_line' id='line_1_95' title="bbox 1223 2310 1513 2354; baseline -0.007 -9"><span class='ocrx_word' id='word_1_653' title='bbox 1223 2310 1338 2344; x_wconf 89' lang='lat' dir='ltr'>Deum</span> <span class='ocrx_word' id='word_1_654' title='bbox 1357 2316 1513 2354; x_wconf 83' lang='lat' dir='ltr'>possunt.</span> 
     </span>
    </p>

    <p class='ocr_par' dir='ltr' id='par_1_15' title="bbox 1227 2357 2225 2713">
     <span class='ocr_line' id='line_1_96' title="bbox 1328 2357 2217 2396; baseline 0.001 -1"><span class='ocrx_word' id='word_1_655' title='bbox 1328 2361 1440 2394; x_wconf 89' lang='lat' dir='ltr'>Porro</span> <span class='ocrx_word' id='word_1_656' title='bbox 1455 2359 1598 2393; x_wconf 84' lang='lat' dir='ltr'>Laetari</span> <span class='ocrx_word' id='word_1_657' title='bbox 1623 2366 1656 2393; x_wconf 89' lang='lat' dir='ltr'>et</span> <span class='ocrx_word' id='word_1_658' title='bbox 1673 2357 1842 2393; x_wconf 76' lang='lat' dir='ltr'>Exultare</span> <span class='ocrx_word' id='word_1_659' title='bbox 1869 2372 1943 2394; x_wconf 90' lang='lat' dir='ltr'>non</span> <span class='ocrx_word' id='word_1_660' title='bbox 1963 2367 2100 2395; x_wconf 86' lang='lat' dir='ltr'>tantum</span> <span class='ocrx_word' id='word_1_661' title='bbox 2118 2374 2217 2396; x_wconf 88' lang='lat' dir='ltr'>arca-</span> 
     </span>
     <span class='ocr_line' id='line_1_97' title="bbox 1227 2411 2217 2457; baseline 0.002 -11"><span class='ocrx_word' id='word_1_662' title='bbox 1227 2425 1308 2446; x_wconf 91' lang='lat' dir='ltr'>nam</span> <span class='ocrx_word' id='word_1_663' title='bbox 1334 2412 1508 2445; x_wconf 85' lang='lat' dir='ltr'>laeticiam</span> <span class='ocrx_word' id='word_1_664' title='bbox 1536 2411 1730 2454; x_wconf 87' lang='lat' dir='ltr'>significat,</span> <span class='ocrx_word' id='word_1_665' title='bbox 1757 2411 1816 2443; x_wconf 89' lang='lat' dir='ltr'>sed</span> <span class='ocrx_word' id='word_1_666' title='bbox 1841 2412 1945 2444; x_wconf 85' lang='lat' dir='ltr'>etiam</span> <span class='ocrx_word' id='word_1_667' title='bbox 1971 2413 2217 2457; x_wconf 87' lang='lat' dir='ltr'>complectitur</span> 
     </span>
     <span class='ocr_line' id='line_1_98' title="bbox 1228 2461 2218 2508; baseline 0.002 -11"><span class='ocrx_word' id='word_1_668' title='bbox 1228 2464 1420 2508; x_wconf 83' lang='lat' dir='ltr'>gratiarum</span> <span class='ocrx_word' id='word_1_669' title='bbox 1456 2462 1651 2501; x_wconf 83' lang='lat' dir='ltr'>actionem,</span> <span class='ocrx_word' id='word_1_670' title='bbox 1687 2461 1948 2503; x_wconf 84' lang='lat' dir='ltr'>invoctionem,</span> <span class='ocrx_word' id='word_1_671' title='bbox 1984 2465 2218 2507; x_wconf 87' lang='lat' dir='ltr'>praedicatio-</span> 
     </span>
     <span class='ocr_line' id='line_1_99' title="bbox 1230 2513 2221 2556; baseline 0.002 -8"><span class='ocrx_word' id='word_1_672' title='bbox 1230 2527 1331 2556; x_wconf 87' lang='lat' dir='ltr'>nem,</span> <span class='ocrx_word' id='word_1_673' title='bbox 1357 2514 1635 2553; x_wconf 77' lang='lat' dir='ltr'>consessionem,</span> <span class='ocrx_word' id='word_1_674' title='bbox 1669 2519 1703 2546; x_wconf 87' lang='lat' dir='ltr'>et</span> <span class='ocrx_word' id='word_1_675' title='bbox 1728 2513 1765 2545; x_wconf 91' lang='lat' dir='ltr'>in</span> <span class='ocrx_word' id='word_1_676' title='bbox 1794 2514 1893 2546; x_wconf 89' lang='lat' dir='ltr'>omni</span> <span class='ocrx_word' id='word_1_677' title='bbox 1918 2515 2119 2549; x_wconf 81' lang='lat' dir='ltr'>obedientia</span> <span class='ocrx_word' id='word_1_678' title='bbox 2147 2524 2221 2550; x_wconf 89' lang='lat' dir='ltr'>stu-</span> 
     </span>
     <span class='ocr_line' id='line_1_100' title="bbox 1233 2561 2221 2609; baseline 0.001 -10"><span class='ocrx_word' id='word_1_679' title='bbox 1233 2567 1332 2600; x_wconf 90' lang='lat' dir='ltr'>dium</span> <span class='ocrx_word' id='word_1_680' title='bbox 1352 2565 1582 2598; x_wconf 84' lang='lat' dir='ltr'>celebrandae</span> <span class='ocrx_word' id='word_1_681' title='bbox 1607 2561 1715 2597; x_wconf 86' lang='lat' dir='ltr'>huius</span> <span class='ocrx_word' id='word_1_682' title='bbox 1732 2563 1919 2606; x_wconf 82' lang='lat' dir='ltr'>victoriae,</span> <span class='ocrx_word' id='word_1_683' title='bbox 1948 2573 1982 2599; x_wconf 84' lang='lat' dir='ltr'>et</span> <span class='ocrx_word' id='word_1_684' title='bbox 2005 2567 2221 2609; x_wconf 81' lang='lat' dir='ltr'>glorificandi</span> 
     </span>
     <span class='ocr_line' id='line_1_101' title="bbox 1235 2615 2223 2660; baseline 0.002 -10"><span class='ocrx_word' id='word_1_685' title='bbox 1235 2617 1321 2651; x_wconf 86' lang='lat' dir='ltr'>Filii</span> <span class='ocrx_word' id='word_1_686' title='bbox 1338 2615 1425 2656; x_wconf 91' lang='lat' dir='ltr'>Dei,</span> <span class='ocrx_word' id='word_1_687' title='bbox 1443 2623 1476 2649; x_wconf 90' lang='lat' dir='ltr'>et</span> <span class='ocrx_word' id='word_1_688' title='bbox 1495 2615 1729 2649; x_wconf 86' lang='lat' dir='ltr'>constantiam</span> <span class='ocrx_word' id='word_1_689' title='bbox 1747 2615 1783 2647; x_wconf 90' lang='lat' dir='ltr'>in</span> <span class='ocrx_word' id='word_1_690' title='bbox 1801 2617 1995 2650; x_wconf 87' lang='lat' dir='ltr'>subeundis</span> <span class='ocrx_word' id='word_1_691' title='bbox 2012 2619 2174 2660; x_wconf 72' lang='lat' dir='ltr'>periculis</span> <span class='ocrx_word' id='word_1_692' title='bbox 2192 2626 2223 2652; x_wconf 89' lang='lat' dir='ltr'>et</span> 
     </span>
     <span class='ocr_line' id='line_1_102' title="bbox 1240 2667 2225 2713; baseline 0 -12"><span class='ocrx_word' id='word_1_693' title='bbox 1240 2667 1439 2706; x_wconf 78' lang='lat' dir='ltr'>aerumnis,</span> <span class='ocrx_word' id='word_1_694' title='bbox 1469 2680 1558 2713; x_wconf 88' lang='lat' dir='ltr'>quae</span> <span class='ocrx_word' id='word_1_695' title='bbox 1576 2678 1648 2700; x_wconf 91' lang='lat' dir='ltr'>non</span> <span class='ocrx_word' id='word_1_696' title='bbox 1668 2672 1783 2710; x_wconf 82' lang='lat' dir='ltr'>potest</span> <span class='ocrx_word' id='word_1_697' title='bbox 1799 2667 1964 2709; x_wconf 81' lang='lat' dir='ltr'>existere,</span> <span class='ocrx_word' id='word_1_698' title='bbox 1992 2669 2057 2701; x_wconf 68' lang='lat' dir='ltr'>nisi</span> <span class='ocrx_word' id='word_1_699' title='bbox 2083 2681 2142 2701; x_wconf 88' lang='lat' dir='ltr'>cor</span> <span class='ocrx_word' id='word_1_700' title='bbox 2168 2681 2225 2713; x_wconf 86' lang='lat' dir='ltr'>pa-</span> 
     </span>
    </p>
   </div>
  </div>
 </body>
</html>
