<?xml version="1.0" encoding="UTF-8"?>
<!DOCTYPE html PUBLIC "-//W3C//DTD XHTML 1.0 Transitional//EN"
    "http://www.w3.org/TR/xhtml1/DTD/xhtml1-transitional.dtd">
<html xmlns="http://www.w3.org/1999/xhtml" xml:lang="en" lang="en">
 <head>
  <title>
</title>
<meta http-equiv="Content-Type" content="text/html;charset=utf-8" />
  <meta name='ocr-system' content='tesseract 3.04.00' />
  <meta name='ocr-capabilities' content='ocr_page ocr_carea ocr_par ocr_line ocrx_word'/>
</head>
<body>
  <div class='ocr_page' id='page_1' title='image "./operaquaesupersu13melauoft_0111.png"; bbox 0 0 2379 2948; ppageno 0'>
   <div class='ocr_carea' id='block_1_1' title="bbox 142 109 218 147">
    <p class='ocr_par' dir='ltr' id='par_1_1' title="bbox 142 109 218 147">
     <span class='ocr_line' id='line_1_1' title="bbox 142 109 218 147; baseline 0 -1"><span class='ocrx_word' id='word_1_1' title='bbox 142 109 218 147; x_wconf 88' lang='grc'><strong>197</strong></span> 
     </span>
    </p>
   </div>
   <div class='ocr_carea' id='block_1_2' title="bbox 134 193 1129 2710">
    <p class='ocr_par' dir='ltr' id='par_1_2' title="bbox 242 193 596 239">
     <span class='ocr_line' id='line_1_2' title="bbox 242 193 596 239; baseline 0.003 -11"><span class='ocrx_word' id='word_1_2' title='bbox 242 193 297 228; x_wconf 90' lang='lat' dir='ltr'><strong>De</strong></span> <span class='ocrx_word' id='word_1_3' title='bbox 314 193 427 228; x_wconf 89' lang='lat' dir='ltr'><strong>causis</strong></span> <span class='ocrx_word' id='word_1_4' title='bbox 445 194 596 239; x_wconf 87' lang='lat' dir='ltr'><strong>pluviae.</strong></span> 
     </span>
    </p>

    <p class='ocr_par' dir='ltr' id='par_1_3' title="bbox 241 245 473 280">
     <span class='ocr_line' id='line_1_3' title="bbox 241 245 473 280; baseline 0.009 -2"><span class='ocrx_word' id='word_1_5' title='bbox 241 245 295 278; x_wconf 91' lang='lat' dir='ltr'><strong>De</strong></span> <span class='ocrx_word' id='word_1_6' title='bbox 312 246 473 280; x_wconf 78' lang='lat' dir='ltr'>metallis-</span> 
     </span>
    </p>

    <p class='ocr_par' dir='ltr' id='par_1_4' title="bbox 241 294 609 340">
     <span class='ocr_line' id='line_1_4' title="bbox 241 294 609 340; baseline -0.008 -11"><span class='ocrx_word' id='word_1_7' title='bbox 241 294 296 330; x_wconf 92' lang='lat' dir='ltr'><strong>De</strong></span> <span class='ocrx_word' id='word_1_8' title='bbox 314 297 466 340; x_wconf 85' lang='lat' dir='ltr'><strong>perfecte</strong></span> <span class='ocrx_word' id='word_1_9' title='bbox 482 295 609 328; x_wconf 82' lang='lat' dir='ltr'>mixtis.</span> 
     </span>
    </p>

    <p class='ocr_par' dir='ltr' id='par_1_5' title="bbox 240 343 657 390">
     <span class='ocr_line' id='line_1_5' title="bbox 240 343 657 390; baseline -0.005 -10"><span class='ocrx_word' id='word_1_10' title='bbox 240 345 294 380; x_wconf 89' lang='lat' dir='ltr'><strong>De</strong></span> <span class='ocrx_word' id='word_1_11' title='bbox 314 347 472 390; x_wconf 87' lang='lat' dir='ltr'><strong>partibus</strong></span> <span class='ocrx_word' id='word_1_12' title='bbox 492 343 657 378; x_wconf 81' lang='lat' dir='ltr'><strong>hominis.</strong></span> 
     </span>
    </p>

    <p class='ocr_par' dir='ltr' id='par_1_6' title="bbox 241 394 926 440">
     <span class='ocr_line' id='line_1_6' title="bbox 241 394 926 440; baseline -0.003 -10"><span class='ocrx_word' id='word_1_13' title='bbox 241 396 294 430; x_wconf 90' lang='lat' dir='ltr'><strong>De</strong></span> <span class='ocrx_word' id='word_1_14' title='bbox 313 397 478 440; x_wconf 90' lang='lat' dir='ltr'><strong>gradibus</strong></span> <span class='ocrx_word' id='word_1_15' title='bbox 496 406 557 428; x_wconf 90' lang='lat' dir='ltr'><strong>seu</strong></span> <span class='ocrx_word' id='word_1_16' title='bbox 575 394 758 439; x_wconf 84' lang='lat' dir='ltr'><strong>speciebus</strong></span> <span class='ocrx_word' id='word_1_17' title='bbox 776 394 926 428; x_wconf 85' lang='lat' dir='ltr'><strong>animae.</strong></span> 
     </span>
    </p>

    <p class='ocr_par' dir='ltr' id='par_1_7' title="bbox 239 445 513 489">
     <span class='ocr_line' id='line_1_7' title="bbox 239 445 513 489; baseline 0 -9"><span class='ocrx_word' id='word_1_18' title='bbox 239 445 294 480; x_wconf 86' lang='lat' dir='ltr'><strong>De</strong></span> <span class='ocrx_word' id='word_1_19' title='bbox 309 446 513 489; x_wconf 78' lang='lat' dir='ltr'><strong>vegetativa.</strong></span> 
     </span>
    </p>

    <p class='ocr_par' dir='ltr' id='par_1_8' title="bbox 240 495 484 530">
     <span class='ocr_line' id='line_1_8' title="bbox 240 495 484 530; baseline -0.012 0"><span class='ocrx_word' id='word_1_20' title='bbox 240 497 293 530; x_wconf 92' lang='lat' dir='ltr'><strong>De</strong></span> <span class='ocrx_word' id='word_1_21' title='bbox 311 495 484 529; x_wconf 72' lang='lat' dir='ltr'><strong>sensitiva.</strong></span> 
     </span>
    </p>

    <p class='ocr_par' dir='ltr' id='par_1_9' title="bbox 239 545 511 589">
     <span class='ocr_line' id='line_1_9' title="bbox 239 545 511 589; baseline 0.007 -10"><span class='ocrx_word' id='word_1_22' title='bbox 239 547 291 580; x_wconf 87' lang='lat' dir='ltr'><strong>De</strong></span> <span class='ocrx_word' id='word_1_23' title='bbox 309 545 511 589; x_wconf 82' lang='lat' dir='ltr'><strong>appetitiva.</strong></span> 
     </span>
    </p>

    <p class='ocr_par' dir='ltr' id='par_1_10' title="bbox 237 596 529 630">
     <span class='ocr_line' id='line_1_10' title="bbox 237 596 529 630; baseline 0 -1"><span class='ocrx_word' id='word_1_24' title='bbox 237 597 289 629; x_wconf 91' lang='lat' dir='ltr'><strong>De</strong></span> <span class='ocrx_word' id='word_1_25' title='bbox 305 596 529 630; x_wconf 87' lang='lat' dir='ltr'><strong>locomotiva.</strong></span> 
     </span>
    </p>

    <p class='ocr_par' dir='ltr' id='par_1_11' title="bbox 238 646 533 682">
     <span class='ocr_line' id='line_1_11' title="bbox 238 646 533 682; baseline 0.014 -4"><span class='ocrx_word' id='word_1_26' title='bbox 238 646 290 679; x_wconf 90' lang='lat' dir='ltr'><strong>De</strong></span> <span class='ocrx_word' id='word_1_27' title='bbox 306 647 533 682; x_wconf 80' lang='lat' dir='ltr'><strong>intellectiva.</strong></span> 
     </span>
    </p>

    <p class='ocr_par' dir='ltr' id='par_1_12' title="bbox 234 696 1120 742">
     <span class='ocr_line' id='line_1_12' title="bbox 234 696 1120 742; baseline 0 -11"><span class='ocrx_word' id='word_1_28' title='bbox 234 696 287 731; x_wconf 90' lang='lat' dir='ltr'><strong>De</strong></span> <span class='ocrx_word' id='word_1_29' title='bbox 303 697 507 730; x_wconf 87' lang='lat' dir='ltr'><strong>discrimine</strong></span> <span class='ocrx_word' id='word_1_30' title='bbox 531 696 707 742; x_wconf 83' lang='lat' dir='ltr'><strong>potentiae</strong></span> <span class='ocrx_word' id='word_1_31' title='bbox 731 697 974 741; x_wconf 84' lang='lat' dir='ltr'><strong>cognoscentis</strong></span> <span class='ocrx_word' id='word_1_32' title='bbox 999 704 1034 732; x_wconf 89' lang='lat' dir='ltr'><strong>et</strong></span> <span class='ocrx_word' id='word_1_33' title='bbox 1057 709 1120 742; x_wconf 89' lang='lat' dir='ltr'><strong>ap-</strong></span> 
     </span>
    </p>

    <p class='ocr_par' dir='ltr' id='par_1_13' title="bbox 339 747 479 791">
     <span class='ocr_line' id='line_1_13' title="bbox 339 747 479 791; baseline 0.021 -11"><span class='ocrx_word' id='word_1_34' title='bbox 339 747 479 791; x_wconf 87' lang='lat' dir='ltr'><strong>petitus.</strong></span> 
     </span>
    </p>

    <p class='ocr_par' dir='ltr' id='par_1_14' title="bbox 235 795 754 834">
     <span class='ocr_line' id='line_1_14' title="bbox 235 795 754 834; baseline 0.002 -2"><span class='ocrx_word' id='word_1_35' title='bbox 235 795 288 832; x_wconf 89' lang='lat' dir='ltr'><strong>De</strong></span> <span class='ocrx_word' id='word_1_36' title='bbox 307 797 487 832; x_wconf 88' lang='lat' dir='ltr'><strong>intellectu</strong></span> <span class='ocrx_word' id='word_1_37' title='bbox 507 805 541 832; x_wconf 91' lang='lat' dir='ltr'><strong>et</strong></span> <span class='ocrx_word' id='word_1_38' title='bbox 559 799 754 834; x_wconf 86' lang='lat' dir='ltr'><strong>voluntate.</strong></span> 
     </span>
    </p>

    <p class='ocr_par' dir='ltr' id='par_1_15' title="bbox 238 846 690 895">
     <span class='ocr_line' id='line_1_15' title="bbox 238 846 690 895; baseline 0 -14"><span class='ocrx_word' id='word_1_39' title='bbox 238 846 333 894; x_wconf 68' lang='grc' dir='ltr'><strong>Περὶ</strong></span> <span class='ocrx_word' id='word_1_40' title='bbox 352 847 465 895; x_wconf 64' lang='grc' dir='ltr'><em>λόγου</em></span> <span class='ocrx_word' id='word_1_41' title='bbox 482 847 543 882; x_wconf 79' lang='grc' dir='ltr'><strong>καὶ</strong></span> <span class='ocrx_word' id='word_1_42' title='bbox 565 847 690 895; x_wconf 66' lang='grc' dir='ltr'><em>ὁρμῆς.</em></span> 
     </span>
    </p>

    <p class='ocr_par' dir='ltr' id='par_1_16' title="bbox 239 898 886 940">
     <span class='ocr_line' id='line_1_16' title="bbox 239 898 886 940; baseline 0.006 -9"><span class='ocrx_word' id='word_1_43' title='bbox 239 898 293 931; x_wconf 90' lang='lat' dir='ltr'><strong>De</strong></span> <span class='ocrx_word' id='word_1_44' title='bbox 311 899 519 933; x_wconf 77' lang='lat' dir='ltr'><strong>adfectibus.</strong></span> <span class='ocrx_word' id='word_1_45' title='bbox 883 938 886 940; x_wconf 10' lang='grc' dir='ltr'>μ</span> 
     </span>
    </p>

    <p class='ocr_par' dir='ltr' id='par_1_17' title="bbox 235 947 885 983">
     <span class='ocr_line' id='line_1_17' title="bbox 235 947 885 983; baseline 0.002 -1"><span class='ocrx_word' id='word_1_46' title='bbox 235 948 289 982; x_wconf 94' lang='lat' dir='ltr'><strong>De</strong></span> <span class='ocrx_word' id='word_1_47' title='bbox 309 950 470 982; x_wconf 88' lang='lat' dir='ltr'><strong>libertate</strong></span> <span class='ocrx_word' id='word_1_48' title='bbox 487 950 679 983; x_wconf 84' lang='lat' dir='ltr'><strong>voluntatis</strong></span> <span class='ocrx_word' id='word_1_49' title='bbox 697 947 885 983; x_wconf 82' lang='lat' dir='ltr'><strong>humanae.</strong></span> 
     </span>
    </p>

    <p class='ocr_par' dir='ltr' id='par_1_18' title="bbox 236 998 857 1034">
     <span class='ocr_line' id='line_1_18' title="bbox 236 998 857 1034; baseline 0.002 -2"><span class='ocrx_word' id='word_1_50' title='bbox 236 998 289 1032; x_wconf 89' lang='lat' dir='ltr'><strong>De</strong></span> <span class='ocrx_word' id='word_1_51' title='bbox 306 1000 418 1033; x_wconf 88' lang='lat' dir='ltr'><strong>causis</strong></span> <span class='ocrx_word' id='word_1_52' title='bbox 436 1000 607 1034; x_wconf 89' lang='lat' dir='ltr'><strong>virtutum</strong></span> <span class='ocrx_word' id='word_1_53' title='bbox 626 1009 658 1034; x_wconf 90' lang='lat' dir='ltr'><strong>et</strong></span> <span class='ocrx_word' id='word_1_54' title='bbox 675 1001 857 1034; x_wconf 85' lang='lat' dir='ltr'><strong>viciorum.</strong></span> 
     </span>
    </p>

    <p class='ocr_par' dir='ltr' id='par_1_19' title="bbox 238 1049 570 1085">
     <span class='ocr_line' id='line_1_19' title="bbox 238 1049 570 1085; baseline 0.006 -3"><span class='ocrx_word' id='word_1_55' title='bbox 238 1049 290 1083; x_wconf 90' lang='lat' dir='ltr'><strong>De</strong></span> <span class='ocrx_word' id='word_1_56' title='bbox 308 1051 375 1083; x_wconf 92' lang='lat' dir='ltr'><strong>fine</strong></span> <span class='ocrx_word' id='word_1_57' title='bbox 405 1049 570 1085; x_wconf 88' lang='lat' dir='ltr'><strong>hominis.</strong></span> 
     </span>
    </p>

    <p class='ocr_par' dir='ltr' id='par_1_20' title="bbox 134 1098 1120 1448">
     <span class='ocr_line' id='line_1_20' title="bbox 186 1098 1118 1146; baseline 0.001 -13"><span class='ocrx_word' id='word_1_58' title='bbox 186 1098 237 1133; x_wconf 88' lang='lat' dir='ltr'><strong>lta</strong></span> <span class='ocrx_word' id='word_1_59' title='bbox 270 1100 338 1133; x_wconf 83' lang='lat' dir='ltr'><strong>iam</strong></span> <span class='ocrx_word' id='word_1_60' title='bbox 371 1099 512 1146; x_wconf 79' lang='lat' dir='ltr'><strong>physica</strong></span> <span class='ocrx_word' id='word_1_61' title='bbox 547 1100 694 1134; x_wconf 80' lang='lat' dir='ltr'><strong>dimittit</strong></span> <span class='ocrx_word' id='word_1_62' title='bbox 725 1101 942 1143; x_wconf 87' lang='lat' dir='ltr'><strong>studiosum,</strong></span> <span class='ocrx_word' id='word_1_63' title='bbox 984 1109 1057 1136; x_wconf 91' lang='lat' dir='ltr'><strong>tum</strong></span> <span class='ocrx_word' id='word_1_64' title='bbox 1077 1103 1118 1135; x_wconf 88' lang='lat' dir='ltr'><strong>ad</strong></span> 
     </span>
     <span class='ocr_line' id='line_1_21' title="bbox 134 1149 1119 1192; baseline 0.002 -9"><span class='ocrx_word' id='word_1_65' title='bbox 134 1151 352 1184; x_wconf 84' lang='lat' dir='ltr'><strong>medicorum</strong></span> <span class='ocrx_word' id='word_1_66' title='bbox 385 1152 602 1192; x_wconf 81' lang='lat' dir='ltr'><strong>doctrinam,</strong></span> <span class='ocrx_word' id='word_1_67' title='bbox 639 1158 713 1184; x_wconf 88' lang='lat' dir='ltr'><strong>tum</strong></span> <span class='ocrx_word' id='word_1_68' title='bbox 744 1152 786 1183; x_wconf 88' lang='lat' dir='ltr'><strong>ad</strong></span> <span class='ocrx_word' id='word_1_69' title='bbox 821 1149 970 1187; x_wconf 84' lang='lat' dir='ltr'><strong>ethicen.</strong></span> <span class='ocrx_word' id='word_1_70' title='bbox 1030 1152 1119 1186; x_wconf 82' lang='lat' dir='ltr'><strong>Nam</strong></span> 
     </span>
     <span class='ocr_line' id='line_1_22' title="bbox 135 1201 1120 1245; baseline 0.003 -12"><span class='ocrx_word' id='word_1_71' title='bbox 135 1201 262 1233; x_wconf 89' lang='lat' dir='ltr'><strong>medici</strong></span> <span class='ocrx_word' id='word_1_72' title='bbox 285 1202 387 1245; x_wconf 88' lang='lat' dir='ltr'><strong>plura</strong></span> <span class='ocrx_word' id='word_1_73' title='bbox 407 1203 449 1235; x_wconf 88' lang='lat' dir='ltr'><strong>dc</strong></span> <span class='ocrx_word' id='word_1_74' title='bbox 468 1202 636 1234; x_wconf 85' lang='lat' dir='ltr'><strong>membris</strong></span> <span class='ocrx_word' id='word_1_75' title='bbox 653 1209 684 1234; x_wconf 91' lang='lat' dir='ltr'><strong>et</strong></span> <span class='ocrx_word' id='word_1_76' title='bbox 702 1202 858 1244; x_wconf 85' lang='lat' dir='ltr'><strong>partibus</strong></span> <span class='ocrx_word' id='word_1_77' title='bbox 876 1201 1023 1236; x_wconf 87' lang='lat' dir='ltr'><strong>hnmani</strong></span> <span class='ocrx_word' id='word_1_78' title='bbox 1043 1216 1120 1236; x_wconf 91' lang='lat' dir='ltr'><strong>cor-</strong></span> 
     </span>
     <span class='ocr_line' id='line_1_23' title="bbox 136 1251 1120 1296; baseline 0.003 -13"><span class='ocrx_word' id='word_1_79' title='bbox 136 1251 250 1296; x_wconf 88' lang='lat' dir='ltr'><strong>poris,</strong></span> <span class='ocrx_word' id='word_1_80' title='bbox 286 1253 328 1283; x_wconf 91' lang='lat' dir='ltr'><strong>de</strong></span> <span class='ocrx_word' id='word_1_81' title='bbox 354 1251 562 1296; x_wconf 80' lang='lat' dir='ltr'><strong>qualitatum</strong></span> <span class='ocrx_word' id='word_1_82' title='bbox 595 1252 760 1284; x_wconf 88' lang='lat' dir='ltr'><strong>varietate</strong></span> <span class='ocrx_word' id='word_1_83' title='bbox 785 1259 817 1285; x_wconf 90' lang='lat' dir='ltr'><strong>et</strong></span> <span class='ocrx_word' id='word_1_84' title='bbox 843 1253 1043 1293; x_wconf 81' lang='lat' dir='ltr'><strong>effectibus,</strong></span> <span class='ocrx_word' id='word_1_85' title='bbox 1078 1255 1120 1286; x_wconf 91' lang='lat' dir='ltr'><strong>de</strong></span> 
     </span>
     <span class='ocr_line' id='line_1_24' title="bbox 134 1301 1120 1345; baseline 0.002 -11"><span class='ocrx_word' id='word_1_86' title='bbox 134 1301 393 1335; x_wconf 80' lang='lat' dir='ltr'><strong>mutationibus</strong></span> <span class='ocrx_word' id='word_1_87' title='bbox 413 1314 599 1343; x_wconf 85' lang='lat' dir='ltr'><strong>corporum</strong></span> <span class='ocrx_word' id='word_1_88' title='bbox 618 1303 809 1345; x_wconf 85' lang='lat' dir='ltr'><strong>disputant.</strong></span> <span class='ocrx_word' id='word_1_89' title='bbox 862 1301 1000 1336; x_wconf 84' lang='lat' dir='ltr'><strong>Deinde</strong></span> <span class='ocrx_word' id='word_1_90' title='bbox 1024 1316 1120 1336; x_wconf 85' lang='lat' dir='ltr'><strong>rnor-</strong></span> 
     </span>
     <span class='ocr_line' id='line_1_25' title="bbox 134 1351 1120 1394; baseline 0.002 -9"><span class='ocrx_word' id='word_1_91' title='bbox 134 1353 260 1385; x_wconf 86' lang='lat' dir='ltr'><strong>borum</strong></span> <span class='ocrx_word' id='word_1_92' title='bbox 279 1362 399 1383; x_wconf 84' lang='lat' dir='ltr'><strong>causas</strong></span> <span class='ocrx_word' id='word_1_93' title='bbox 415 1351 626 1389; x_wconf 89' lang='lat' dir='ltr'><strong>ostendunt,</strong></span> <span class='ocrx_word' id='word_1_94' title='bbox 653 1353 789 1383; x_wconf 83' lang='lat' dir='ltr'><strong>addunt</strong></span> <span class='ocrx_word' id='word_1_95' title='bbox 811 1359 842 1385; x_wconf 89' lang='lat' dir='ltr'><strong>et</strong></span> <span class='ocrx_word' id='word_1_96' title='bbox 866 1354 1037 1394; x_wconf 84' lang='lat' dir='ltr'><strong>remedia,</strong></span> <span class='ocrx_word' id='word_1_97' title='bbox 1064 1354 1120 1386; x_wconf 88' lang='lat' dir='ltr'><strong>in-</strong></span> 
     </span>
     <span class='ocr_line' id='line_1_26' title="bbox 134 1400 1083 1448; baseline 0.001 -13"><span class='ocrx_word' id='word_1_98' title='bbox 134 1401 283 1448; x_wconf 90' lang='lat' dir='ltr'><strong>quirunt</strong></span> <span class='ocrx_word' id='word_1_99' title='bbox 306 1400 460 1444; x_wconf 86' lang='lat' dir='ltr'><strong>plantas,</strong></span> <span class='ocrx_word' id='word_1_100' title='bbox 487 1400 702 1441; x_wconf 89' lang='lat' dir='ltr'><strong>animantia,</strong></span> <span class='ocrx_word' id='word_1_101' title='bbox 729 1401 891 1440; x_wconf 87' lang='lat' dir='ltr'><strong>metalla,</strong></span> <span class='ocrx_word' id='word_1_102' title='bbox 918 1413 1083 1445; x_wconf 74' lang='lat' dir='ltr'><strong>gemmas,</strong></span> 
     </span>
    </p>

    <p class='ocr_par' dir='ltr' id='par_1_21' title="bbox 134 1449 1120 1851">
     <span class='ocr_line' id='line_1_27' title="bbox 236 1449 1119 1496; baseline 0.001 -11"><span class='ocrx_word' id='word_1_103' title='bbox 236 1449 363 1485; x_wconf 84' lang='lat' dir='ltr'><strong>Ethice</strong></span> <span class='ocrx_word' id='word_1_104' title='bbox 381 1463 462 1484; x_wconf 90' lang='lat' dir='ltr'><strong>vero</strong></span> <span class='ocrx_word' id='word_1_105' title='bbox 483 1458 668 1496; x_wconf 88' lang='lat' dir='ltr'><strong>postquam</strong></span> <span class='ocrx_word' id='word_1_106' title='bbox 689 1463 707 1484; x_wconf 91' lang='lat' dir='ltr'><strong>a</strong></span> <span class='ocrx_word' id='word_1_107' title='bbox 726 1449 879 1496; x_wconf 82' lang='lat' dir='ltr'><strong>physicis</strong></span> <span class='ocrx_word' id='word_1_108' title='bbox 898 1454 1025 1495; x_wconf 88' lang='lat' dir='ltr'><strong>gradus</strong></span> <span class='ocrx_word' id='word_1_109' title='bbox 1042 1453 1119 1486; x_wconf 90' lang='lat' dir='ltr'><strong>ani-</strong></span> 
     </span>
     <span class='ocr_line' id='line_1_28' title="bbox 135 1501 1118 1551; baseline 0 -15"><span class='ocrx_word' id='word_1_110' title='bbox 135 1514 230 1543; x_wconf 87' lang='lat' dir='ltr'><strong>mae,</strong></span> <span class='ocrx_word' id='word_1_111' title='bbox 256 1509 291 1536; x_wconf 87' lang='lat' dir='ltr'><strong>et</strong></span> <span class='ocrx_word' id='word_1_112' title='bbox 308 1502 463 1535; x_wconf 77' lang='lat' dir='ltr'><strong>diversas</strong></span> <span class='ocrx_word' id='word_1_113' title='bbox 480 1502 646 1545; x_wconf 85' lang='lat' dir='ltr'><strong>actiones,</strong></span> <span class='ocrx_word' id='word_1_114' title='bbox 673 1502 838 1541; x_wconf 78' lang='lat' dir='ltr'><strong>noticias,</strong></span> <span class='ocrx_word' id='word_1_115' title='bbox 866 1501 1035 1551; x_wconf 65' lang='grc' dir='ltr'><strong>στοργάς,</strong></span> <span class='ocrx_word' id='word_1_116' title='bbox 1064 1504 1118 1536; x_wconf 91' lang='lat' dir='ltr'><strong>di-</strong></span> 
     </span>
     <span class='ocr_line' id='line_1_29' title="bbox 136 1550 1120 1596; baseline 0.002 -10"><span class='ocrx_word' id='word_1_117' title='bbox 136 1564 254 1586; x_wconf 85' lang='lat' dir='ltr'><strong>versos</strong></span> <span class='ocrx_word' id='word_1_118' title='bbox 280 1553 435 1586; x_wconf 88' lang='lat' dir='ltr'><strong>adfectus</strong></span> <span class='ocrx_word' id='word_1_119' title='bbox 459 1553 626 1596; x_wconf 86' lang='lat' dir='ltr'><strong>sumpsit,</strong></span> <span class='ocrx_word' id='word_1_120' title='bbox 660 1550 742 1585; x_wconf 90' lang='lat' dir='ltr'><strong>hinc</strong></span> <span class='ocrx_word' id='word_1_121' title='bbox 768 1553 965 1586; x_wconf 88' lang='lat' dir='ltr'><strong>doctrinam</strong></span> <span class='ocrx_word' id='word_1_122' title='bbox 991 1555 1120 1588; x_wconf 76' lang='lat' dir='ltr'><strong>extruit</strong></span> 
     </span>
     <span class='ocr_line' id='line_1_30' title="bbox 135 1601 1119 1649; baseline 0.002 -13"><span class='ocrx_word' id='word_1_123' title='bbox 135 1605 178 1637; x_wconf 90' lang='lat' dir='ltr'><strong>de</strong></span> <span class='ocrx_word' id='word_1_124' title='bbox 202 1604 270 1636; x_wconf 89' lang='lat' dir='ltr'><strong>fine</strong></span> <span class='ocrx_word' id='word_1_125' title='bbox 295 1601 467 1643; x_wconf 85' lang='lat' dir='ltr'><strong>hominis,</strong></span> <span class='ocrx_word' id='word_1_126' title='bbox 512 1604 555 1636; x_wconf 92' lang='lat' dir='ltr'><strong>de</strong></span> <span class='ocrx_word' id='word_1_127' title='bbox 590 1603 724 1647; x_wconf 84' lang='lat' dir='ltr'><strong>legibus</strong></span> <span class='ocrx_word' id='word_1_128' title='bbox 753 1611 920 1645; x_wconf 85' lang='lat' dir='ltr'><strong>naturae,</strong></span> <span class='ocrx_word' id='word_1_129' title='bbox 949 1617 1037 1649; x_wconf 88' lang='lat' dir='ltr'><strong>quae</strong></span> <span class='ocrx_word' id='word_1_130' title='bbox 1064 1618 1119 1638; x_wconf 91' lang='lat' dir='ltr'><strong>re-</strong></span> 
     </span>
     <span class='ocr_line' id='line_1_31' title="bbox 134 1653 1119 1698; baseline 0.001 -10"><span class='ocrx_word' id='word_1_131' title='bbox 134 1660 222 1698; x_wconf 86' lang='lat' dir='ltr'><strong>gunt</strong></span> <span class='ocrx_word' id='word_1_132' title='bbox 250 1665 372 1687; x_wconf 91' lang='lat' dir='ltr'><strong>omnes</strong></span> <span class='ocrx_word' id='word_1_133' title='bbox 403 1655 569 1689; x_wconf 83' lang='lat' dir='ltr'><strong>actiones,</strong></span> <span class='ocrx_word' id='word_1_134' title='bbox 644 1653 766 1698; x_wconf 87' lang='lat' dir='ltr'><strong>ltaque</strong></span> <span class='ocrx_word' id='word_1_135' title='bbox 798 1654 826 1687; x_wconf 89' lang='lat' dir='ltr'><strong>si</strong></span> <span class='ocrx_word' id='word_1_136' title='bbox 852 1656 1119 1698; x_wconf 77' lang='lat' dir='ltr'><strong>magnifacimus</strong></span> 
     </span>
     <span class='ocr_line' id='line_1_32' title="bbox 135 1703 1120 1749; baseline 0.002 -12"><span class='ocrx_word' id='word_1_137' title='bbox 135 1703 295 1745; x_wconf 81' lang='lat' dir='ltr'><strong>ethicen‚</strong></span> <span class='ocrx_word' id='word_1_138' title='bbox 346 1711 378 1738; x_wconf 86' lang='lat' dir='ltr'><strong>et</strong></span> <span class='ocrx_word' id='word_1_139' title='bbox 409 1705 649 1738; x_wconf 80' lang='lat' dir='ltr'><strong>dulcissimam</strong></span> <span class='ocrx_word' id='word_1_140' title='bbox 686 1712 833 1738; x_wconf 83' lang='lat' dir='ltr'><strong>naturae</strong></span> <span class='ocrx_word' id='word_1_141' title='bbox 869 1706 1120 1749; x_wconf 85' lang='lat' dir='ltr'><strong>cognitionem,</strong></span> 
     </span>
     <span class='ocr_line' id='line_1_33' title="bbox 136 1755 1119 1801; baseline 0.001 -13"><span class='ocrx_word' id='word_1_142' title='bbox 136 1768 241 1801; x_wconf 88' lang='lat' dir='ltr'><strong>quam</strong></span> <span class='ocrx_word' id='word_1_143' title='bbox 267 1755 392 1788; x_wconf 88' lang='lat' dir='ltr'><strong>medici</strong></span> <span class='ocrx_word' id='word_1_144' title='bbox 411 1755 581 1799; x_wconf 79' lang='lat' dir='ltr'><strong>complexi</strong></span> <span class='ocrx_word' id='word_1_145' title='bbox 597 1762 696 1795; x_wconf 87' lang='lat' dir='ltr'><strong>sunt,</strong></span> <span class='ocrx_word' id='word_1_146' title='bbox 720 1767 858 1788; x_wconf 88' lang='lat' dir='ltr'><strong>necesse</strong></span> <span class='ocrx_word' id='word_1_147' title='bbox 883 1763 933 1789; x_wconf 89' lang='lat' dir='ltr'><strong>est</strong></span> <span class='ocrx_word' id='word_1_148' title='bbox 955 1755 1040 1789; x_wconf 92' lang='lat' dir='ltr'><strong>haec</strong></span> <span class='ocrx_word' id='word_1_149' title='bbox 1060 1769 1119 1789; x_wconf 81' lang='lat' dir='ltr'><strong>ex-</strong></span> 
     </span>
     <span class='ocr_line' id='line_1_34' title="bbox 136 1804 1068 1851; baseline 0.002 -12"><span class='ocrx_word' id='word_1_150' title='bbox 136 1806 257 1845; x_wconf 87' lang='lat' dir='ltr'><strong>ordia,</strong></span> <span class='ocrx_word' id='word_1_151' title='bbox 285 1817 374 1850; x_wconf 88' lang='lat' dir='ltr'><strong>quae</strong></span> <span class='ocrx_word' id='word_1_152' title='bbox 390 1806 427 1838; x_wconf 91' lang='lat' dir='ltr'><strong>in</strong></span> <span class='ocrx_word' id='word_1_153' title='bbox 447 1804 600 1851; x_wconf 72' lang='lat' dir='ltr'><strong>physicis</strong></span> <span class='ocrx_word' id='word_1_154' title='bbox 617 1807 816 1846; x_wconf 90' lang='lat' dir='ltr'><strong>traduntur,</strong></span> <span class='ocrx_word' id='word_1_155' title='bbox 849 1818 1068 1849; x_wconf 83' lang='lat' dir='ltr'><strong>cognoscere.</strong></span> 
     </span>
    </p>

    <p class='ocr_par' dir='ltr' id='par_1_22' title="bbox 136 1853 1121 2104">
     <span class='ocr_line' id='line_1_35' title="bbox 239 1853 1118 1901; baseline 0.002 -13"><span class='ocrx_word' id='word_1_156' title='bbox 239 1855 322 1889; x_wconf 91' lang='lat' dir='ltr'><strong>Ideo</strong></span> <span class='ocrx_word' id='word_1_157' title='bbox 339 1863 454 1890; x_wconf 89' lang='lat' dir='ltr'><strong>autem</strong></span> <span class='ocrx_word' id='word_1_158' title='bbox 473 1856 585 1899; x_wconf 89' lang='lat' dir='ltr'><strong>capita</strong></span> <span class='ocrx_word' id='word_1_159' title='bbox 606 1853 711 1889; x_wconf 84' lang='lat' dir='ltr'><strong>huius</strong></span> <span class='ocrx_word' id='word_1_160' title='bbox 729 1856 912 1889; x_wconf 90' lang='lat' dir='ltr'><strong>doctrinae</strong></span> <span class='ocrx_word' id='word_1_161' title='bbox 932 1858 1118 1901; x_wconf 88' lang='lat' dir='ltr'><strong>praecipua</strong></span> 
     </span>
     <span class='ocr_line' id='line_1_36' title="bbox 136 1905 1120 1952; baseline 0 -12"><span class='ocrx_word' id='word_1_162' title='bbox 136 1906 314 1945; x_wconf 83' lang='lat' dir='ltr'><strong>recensui,</strong></span> <span class='ocrx_word' id='word_1_163' title='bbox 356 1914 395 1940; x_wconf 93' lang='lat' dir='ltr'><strong>ut</strong></span> <span class='ocrx_word' id='word_1_164' title='bbox 418 1906 567 1940; x_wconf 86' lang='lat' dir='ltr'><strong>studiosi</strong></span> <span class='ocrx_word' id='word_1_165' title='bbox 590 1906 718 1946; x_wconf 87' lang='lat' dir='ltr'><strong>sciant,</strong></span> <span class='ocrx_word' id='word_1_166' title='bbox 751 1907 835 1951; x_wconf 87' lang='lat' dir='ltr'><strong>quid</strong></span> <span class='ocrx_word' id='word_1_167' title='bbox 860 1907 897 1940; x_wconf 93' lang='lat' dir='ltr'><strong>in</strong></span> <span class='ocrx_word' id='word_1_168' title='bbox 920 1905 986 1940; x_wconf 86' lang='lat' dir='ltr'><strong>hoc</strong></span> <span class='ocrx_word' id='word_1_169' title='bbox 1015 1920 1120 1952; x_wconf 86' lang='lat' dir='ltr'><strong>opere</strong></span> 
     </span>
     <span class='ocr_line' id='line_1_37' title="bbox 136 1957 1120 2003; baseline 0 -11"><span class='ocrx_word' id='word_1_170' title='bbox 136 1957 391 2002; x_wconf 83' lang='lat' dir='ltr'><strong>expectandum</strong></span> <span class='ocrx_word' id='word_1_171' title='bbox 416 1958 480 1998; x_wconf 88' lang='lat' dir='ltr'><strong>sit,</strong></span> <span class='ocrx_word' id='word_1_172' title='bbox 512 1964 545 1991; x_wconf 88' lang='lat' dir='ltr'><strong>et</strong></span> <span class='ocrx_word' id='word_1_173' title='bbox 566 1957 755 2002; x_wconf 87' lang='lat' dir='ltr'><strong>propositis</strong></span> <span class='ocrx_word' id='word_1_174' title='bbox 781 1957 912 1999; x_wconf 89' lang='lat' dir='ltr'><strong>titulis,</strong></span> <span class='ocrx_word' id='word_1_175' title='bbox 951 1965 1120 2003; x_wconf 80' lang='lat' dir='ltr'><strong>tanquam</strong></span> 
     </span>
     <span class='ocr_line' id='line_1_38' title="bbox 136 2007 1121 2042; baseline 0.001 -1"><span class='ocrx_word' id='word_1_176' title='bbox 136 2009 173 2041; x_wconf 89' lang='lat' dir='ltr'><strong>in</strong></span> <span class='ocrx_word' id='word_1_177' title='bbox 203 2007 331 2042; x_wconf 87' lang='lat' dir='ltr'><strong>tabella</strong></span> <span class='ocrx_word' id='word_1_178' title='bbox 373 2020 530 2042; x_wconf 87' lang='lat' dir='ltr'><strong>summus</strong></span> <span class='ocrx_word' id='word_1_179' title='bbox 570 2020 688 2042; x_wconf 89' lang='lat' dir='ltr'><strong>rerum</strong></span> <span class='ocrx_word' id='word_1_180' title='bbox 738 2008 877 2042; x_wconf 84' lang='lat' dir='ltr'><strong>facilius</strong></span> <span class='ocrx_word' id='word_1_181' title='bbox 919 2009 1121 2042; x_wconf 81' lang='lat' dir='ltr'><strong>meminisse</strong></span> 
     </span>
     <span class='ocr_line' id='line_1_39' title="bbox 137 2065 277 2104; baseline 0.014 -12"><span class='ocrx_word' id='word_1_182' title='bbox 137 2065 277 2104; x_wconf 81' lang='lat' dir='ltr'><strong>queant.</strong></span> 
     </span>
    </p>

    <p class='ocr_par' dir='ltr' id='par_1_23' title="bbox 138 2107 1129 2710">
     <span class='ocr_line' id='line_1_40' title="bbox 239 2107 1122 2155; baseline 0.001 -13"><span class='ocrx_word' id='word_1_183' title='bbox 239 2108 446 2143; x_wconf 85' lang='lat' dir='ltr'><strong>Aristoteles</strong></span> <span class='ocrx_word' id='word_1_184' title='bbox 468 2120 487 2142; x_wconf 94' lang='lat' dir='ltr'><strong>a</strong></span> <span class='ocrx_word' id='word_1_185' title='bbox 512 2107 659 2143; x_wconf 89' lang='lat' dir='ltr'><strong>materia</strong></span> <span class='ocrx_word' id='word_1_186' title='bbox 685 2119 829 2142; x_wconf 81' lang='lat' dir='ltr'><strong>exorsus</strong></span> <span class='ocrx_word' id='word_1_187' title='bbox 853 2115 921 2150; x_wconf 87' lang='lat' dir='ltr'><strong>est,</strong></span> <span class='ocrx_word' id='word_1_188' title='bbox 957 2116 990 2143; x_wconf 88' lang='lat' dir='ltr'><strong>et</strong></span> <span class='ocrx_word' id='word_1_189' title='bbox 1014 2121 1122 2155; x_wconf 85' lang='lat' dir='ltr'><strong>quae-</strong></span> 
     </span>
     <span class='ocr_line' id='line_1_41' title="bbox 138 2158 1122 2201; baseline 0 -7"><span class='ocrx_word' id='word_1_190' title='bbox 138 2159 269 2194; x_wconf 86' lang='lat' dir='ltr'><strong>stiones</strong></span> <span class='ocrx_word' id='word_1_191' title='bbox 293 2160 336 2192; x_wconf 89' lang='lat' dir='ltr'><strong>de</strong></span> <span class='ocrx_word' id='word_1_192' title='bbox 359 2159 455 2198; x_wconf 90' lang='lat' dir='ltr'><strong>Deo,</strong></span> <span class='ocrx_word' id='word_1_193' title='bbox 481 2160 524 2193; x_wconf 92' lang='lat' dir='ltr'><strong>de</strong></span> <span class='ocrx_word' id='word_1_194' title='bbox 548 2158 678 2200; x_wconf 86' lang='lat' dir='ltr'><strong>Coelo,</strong></span> <span class='ocrx_word' id='word_1_195' title='bbox 705 2160 748 2193; x_wconf 91' lang='lat' dir='ltr'><strong>de</strong></span> <span class='ocrx_word' id='word_1_196' title='bbox 771 2159 912 2201; x_wconf 81' lang='lat' dir='ltr'><strong>stellis,</strong></span> <span class='ocrx_word' id='word_1_197' title='bbox 939 2160 1059 2195; x_wconf 86' lang='lat' dir='ltr'><strong>differt</strong></span> <span class='ocrx_word' id='word_1_198' title='bbox 1083 2161 1122 2194; x_wconf 90' lang='lat' dir='ltr'><strong>in</strong></span> 
     </span>
     <span class='ocr_line' id='line_1_42' title="bbox 139 2209 1123 2256; baseline 0.002 -13"><span class='ocrx_word' id='word_1_199' title='bbox 139 2209 347 2255; x_wconf 84' lang='lat' dir='ltr'><strong>posteriores</strong></span> <span class='ocrx_word' id='word_1_200' title='bbox 365 2210 486 2244; x_wconf 90' lang='lat' dir='ltr'><strong>libros.</strong></span> <span class='ocrx_word' id='word_1_201' title='bbox 528 2210 601 2244; x_wconf 76' lang='lat' dir='ltr'><strong>Nec</strong></span> <span class='ocrx_word' id='word_1_202' title='bbox 616 2210 715 2243; x_wconf 92' lang='lat' dir='ltr'><strong>nulla</strong></span> <span class='ocrx_word' id='word_1_203' title='bbox 731 2222 834 2244; x_wconf 87' lang='lat' dir='ltr'><strong>causa</strong></span> <span class='ocrx_word' id='word_1_204' title='bbox 850 2217 919 2252; x_wconf 88' lang='lat' dir='ltr'><strong>est,</strong></span> <span class='ocrx_word' id='word_1_205' title='bbox 945 2223 1009 2245; x_wconf 91' lang='lat' dir='ltr'><strong>cur</strong></span> <span class='ocrx_word' id='word_1_206' title='bbox 1025 2211 1123 2256; x_wconf 88' lang='lat' dir='ltr'><strong>prius</strong></span> 
     </span>
     <span class='ocr_line' id='line_1_43' title="bbox 140 2259 1124 2305; baseline 0.001 -11"><span class='ocrx_word' id='word_1_207' title='bbox 140 2259 226 2295; x_wconf 87' lang='lat' dir='ltr'><strong>haec</strong></span> <span class='ocrx_word' id='word_1_208' title='bbox 249 2260 407 2304; x_wconf 89' lang='lat' dir='ltr'><strong>proxima</strong></span> <span class='ocrx_word' id='word_1_209' title='bbox 431 2272 579 2305; x_wconf 90' lang='lat' dir='ltr'><strong>corpora</strong></span> <span class='ocrx_word' id='word_1_210' title='bbox 604 2261 760 2295; x_wconf 89' lang='lat' dir='ltr'><strong>subiecta</strong></span> <span class='ocrx_word' id='word_1_211' title='bbox 785 2261 922 2302; x_wconf 89' lang='lat' dir='ltr'><strong>sensui,</strong></span> <span class='ocrx_word' id='word_1_212' title='bbox 954 2269 988 2296; x_wconf 85' lang='lat' dir='ltr'><strong>et</strong></span> <span class='ocrx_word' id='word_1_213' title='bbox 1008 2269 1124 2296; x_wconf 87' lang='lat' dir='ltr'><strong>muta-</strong></span> 
     </span>
     <span class='ocr_line' id='line_1_44' title="bbox 140 2310 1124 2357; baseline 0.003 -14"><span class='ocrx_word' id='word_1_214' title='bbox 140 2312 279 2346; x_wconf 78' lang='lat' dir='ltr'><strong>tionum</strong></span> <span class='ocrx_word' id='word_1_215' title='bbox 303 2321 422 2344; x_wconf 84' lang='lat' dir='ltr'><strong>causas</strong></span> <span class='ocrx_word' id='word_1_216' title='bbox 451 2311 489 2344; x_wconf 89' lang='lat' dir='ltr'><strong>in</strong></span> <span class='ocrx_word' id='word_1_217' title='bbox 514 2310 568 2345; x_wconf 87' lang='lat' dir='ltr'><strong>his</strong></span> <span class='ocrx_word' id='word_1_218' title='bbox 593 2312 802 2355; x_wconf 84' lang='lat' dir='ltr'><strong>corporibus</strong></span> <span class='ocrx_word' id='word_1_219' title='bbox 824 2312 930 2357; x_wconf 86' lang='lat' dir='ltr'><strong>aspici</strong></span> <span class='ocrx_word' id='word_1_220' title='bbox 959 2313 1124 2350; x_wconf 88' lang='lat' dir='ltr'><strong>voluerit.</strong></span> 
     </span>
     <span class='ocr_line' id='line_1_45' title="bbox 141 2359 1125 2407; baseline 0.001 -11"><span class='ocrx_word' id='word_1_221' title='bbox 141 2363 211 2397; x_wconf 89' lang='lat' dir='ltr'><strong>Sed</strong></span> <span class='ocrx_word' id='word_1_222' title='bbox 227 2372 291 2395; x_wconf 86' lang='lat' dir='ltr'><strong>nos</strong></span> <span class='ocrx_word' id='word_1_223' title='bbox 308 2372 327 2394; x_wconf 89' lang='lat' dir='ltr'><strong>a</strong></span> <span class='ocrx_word' id='word_1_224' title='bbox 342 2359 417 2394; x_wconf 84' lang='lat' dir='ltr'><strong>Deo</strong></span> <span class='ocrx_word' id='word_1_225' title='bbox 431 2362 543 2395; x_wconf 88' lang='lat' dir='ltr'><strong>ordiri</strong></span> <span class='ocrx_word' id='word_1_226' title='bbox 558 2362 761 2402; x_wconf 87' lang='lat' dir='ltr'><strong>maluimus,</strong></span> <span class='ocrx_word' id='word_1_227' title='bbox 789 2370 829 2397; x_wconf 90' lang='lat' dir='ltr'><strong>ut</strong></span> <span class='ocrx_word' id='word_1_228' title='bbox 845 2375 864 2396; x_wconf 91' lang='lat' dir='ltr'><strong>a</strong></span> <span class='ocrx_word' id='word_1_229' title='bbox 881 2362 993 2407; x_wconf 90' lang='lat' dir='ltr'><strong>prima</strong></span> <span class='ocrx_word' id='word_1_230' title='bbox 1011 2376 1125 2404; x_wconf 88' lang='lat' dir='ltr'><strong>causa,</strong></span> 
     </span>
     <span class='ocr_line' id='line_1_46' title="bbox 143 2411 1125 2459; baseline 0.001 -12"><span class='ocrx_word' id='word_1_231' title='bbox 143 2414 186 2447; x_wconf 87' lang='lat' dir='ltr'><strong>ad</strong></span> <span class='ocrx_word' id='word_1_232' title='bbox 212 2419 342 2446; x_wconf 88' lang='lat' dir='ltr'><strong>ceteras</strong></span> <span class='ocrx_word' id='word_1_233' title='bbox 375 2411 504 2444; x_wconf 84' lang='lat' dir='ltr'><strong>deinde</strong></span> <span class='ocrx_word' id='word_1_234' title='bbox 529 2414 834 2458; x_wconf 86' lang='lat' dir='ltr'><strong>progrederemur.</strong></span> <span class='ocrx_word' id='word_1_235' title='bbox 902 2412 1064 2459; x_wconf 89' lang='lat' dir='ltr'><strong>Cumque</strong></span> <span class='ocrx_word' id='word_1_236' title='bbox 1087 2415 1125 2447; x_wconf 88' lang='lat' dir='ltr'><strong>in</strong></span> 
     </span>
     <span class='ocr_line' id='line_1_47' title="bbox 143 2459 1124 2508; baseline 0.001 -11"><span class='ocrx_word' id='word_1_237' title='bbox 143 2463 311 2497; x_wconf 90' lang='lat' dir='ltr'><strong>omnibus</strong></span> <span class='ocrx_word' id='word_1_238' title='bbox 347 2459 504 2495; x_wconf 89' lang='lat' dir='ltr'><strong>honestis</strong></span> <span class='ocrx_word' id='word_1_239' title='bbox 536 2463 640 2496; x_wconf 90' lang='lat' dir='ltr'><strong>rebus</strong></span> <span class='ocrx_word' id='word_1_240' title='bbox 670 2463 923 2508; x_wconf 80' lang='lat' dir='ltr'><strong>suscipiendis,</strong></span> <span class='ocrx_word' id='word_1_241' title='bbox 953 2465 1124 2498; x_wconf 83' lang='lat' dir='ltr'><strong>auxilium</strong></span> 
     </span>
     <span class='ocr_line' id='line_1_48' title="bbox 142 2512 1127 2558; baseline 0.002 -11"><span class='ocrx_word' id='word_1_242' title='bbox 142 2514 209 2547; x_wconf 91' lang='lat' dir='ltr'><strong>Dei</strong></span> <span class='ocrx_word' id='word_1_243' title='bbox 228 2513 417 2558; x_wconf 88' lang='lat' dir='ltr'><strong>petendum</strong></span> <span class='ocrx_word' id='word_1_244' title='bbox 438 2512 500 2553; x_wconf 89' lang='lat' dir='ltr'><strong>sit,</strong></span> <span class='ocrx_word' id='word_1_245' title='bbox 526 2513 676 2547; x_wconf 86' lang='lat' dir='ltr'><strong>maxime</strong></span> <span class='ocrx_word' id='word_1_246' title='bbox 700 2514 738 2547; x_wconf 91' lang='lat' dir='ltr'><strong>in</strong></span> <span class='ocrx_word' id='word_1_247' title='bbox 756 2512 821 2547; x_wconf 91' lang='lat' dir='ltr'><strong>hac</strong></span> <span class='ocrx_word' id='word_1_248' title='bbox 839 2521 985 2549; x_wconf 84' lang='lat' dir='ltr'><strong>naturae</strong></span> <span class='ocrx_word' id='word_1_249' title='bbox 1011 2515 1127 2549; x_wconf 89' lang='lat' dir='ltr'><strong>consi-</strong></span> 
     </span>
     <span class='ocr_line' id='line_1_49' title="bbox 144 2563 1129 2610; baseline 0.001 -11"><span class='ocrx_word' id='word_1_250' title='bbox 144 2564 347 2606; x_wconf 86' lang='lat' dir='ltr'><strong>deratione,</strong></span> <span class='ocrx_word' id='word_1_251' title='bbox 382 2569 516 2596; x_wconf 89' lang='lat' dir='ltr'><strong>mentes</strong></span> <span class='ocrx_word' id='word_1_252' title='bbox 548 2568 684 2596; x_wconf 88' lang='lat' dir='ltr'><strong>nostras</strong></span> <span class='ocrx_word' id='word_1_253' title='bbox 706 2576 726 2598; x_wconf 87' lang='lat' dir='ltr'><strong>a</strong></span> <span class='ocrx_word' id='word_1_254' title='bbox 750 2563 826 2598; x_wconf 90' lang='lat' dir='ltr'><strong>Deo</strong></span> <span class='ocrx_word' id='word_1_255' title='bbox 851 2571 994 2599; x_wconf 88' lang='lat' dir='ltr'><strong>aeterno</strong></span> <span class='ocrx_word' id='word_1_256' title='bbox 1017 2573 1129 2610; x_wconf 81' lang='lat' dir='ltr'><strong>patre,</strong></span> 
     </span>
     <span class='ocr_line' id='line_1_50' title="bbox 146 2610 1129 2654; baseline 0 -4"><span class='ocrx_word' id='word_1_257' title='bbox 146 2614 295 2650; x_wconf 89' lang='lat' dir='ltr'><strong>Domini</strong></span> <span class='ocrx_word' id='word_1_258' title='bbox 319 2613 431 2646; x_wconf 85' lang='lat' dir='ltr'><strong>nostri</strong></span> <span class='ocrx_word' id='word_1_259' title='bbox 457 2612 536 2647; x_wconf 90' lang='lat' dir='ltr'><strong>Iesu</strong></span> <span class='ocrx_word' id='word_1_260' title='bbox 551 2610 706 2654; x_wconf 83' lang='lat' dir='ltr'><strong>Christi,</strong></span> <span class='ocrx_word' id='word_1_261' title='bbox 732 2612 922 2650; x_wconf 83' lang='lat' dir='ltr'><strong>architecto</strong></span> <span class='ocrx_word' id='word_1_262' title='bbox 945 2616 1129 2652; x_wconf 86' lang='lat' dir='ltr'><strong>universae</strong></span> 
     </span>
     <span class='ocr_line' id='line_1_51' title="bbox 148 2664 697 2710; baseline -0.005 -10"><span class='ocrx_word' id='word_1_263' title='bbox 148 2673 294 2700; x_wconf 88' lang='lat' dir='ltr'><strong>naturae</strong></span> <span class='ocrx_word' id='word_1_264' title='bbox 313 2664 505 2709; x_wconf 83' lang='lat' dir='ltr'><strong>gubernari</strong></span> <span class='ocrx_word' id='word_1_265' title='bbox 527 2670 697 2710; x_wconf 88' lang='lat' dir='ltr'><strong>petamus.</strong></span> 
     </span>
    </p>
   </div>
   <div class='ocr_carea' id='block_1_3' title="bbox 151 2728 198 2746">
    <p class='ocr_par' dir='ltr' id='par_1_24' title="bbox 151 2728 198 2746">
     <span class='ocr_line' id='line_1_52' title="bbox 151 2728 198 2746; baseline 0 -4"><span class='ocrx_word' id='word_1_266' title='bbox 151 2738 161 2746; x_wconf 39' lang='grc' dir='ltr'><strong><em>κ</em></strong></span> <span class='ocrx_word' id='word_1_267' title='bbox 183 2728 198 2742; x_wconf 70' lang='lat'>0</span> 
     </span>
    </p>
   </div>
   <div class='ocr_carea' id='block_1_4' title="bbox 722 105 1600 152">
    <p class='ocr_par' dir='ltr' id='par_1_25' title="bbox 722 105 1600 152">
     <span class='ocr_line' id='line_1_53' title="bbox 722 105 1600 152; baseline 0.008 -7"><span class='ocrx_word' id='word_1_268' title='bbox 722 108 788 148; x_wconf 87' lang='lat'><strong>111.</strong></span> <span class='ocrx_word' id='word_1_269' title='bbox 839 105 1000 146; x_wconf 88' lang='lat' dir='ltr'>INITIA</span> <span class='ocrx_word' id='word_1_270' title='bbox 1025 107 1319 146; x_wconf 86' lang='lat' dir='ltr'><strong>DOCTRINAE</strong></span> <span class='ocrx_word' id='word_1_271' title='bbox 1344 111 1600 152; x_wconf 84' lang='lat' dir='ltr'><strong>PHYSICAE.</strong></span> 
     </span>
    </p>
   </div>
   <div class='ocr_carea' id='block_1_5' title="bbox 1563 130 2165 242">
    <p class='ocr_par' dir='ltr' id='par_1_26' title="bbox 1563 130 2165 242">
     <span class='ocr_line' id='line_1_54' title="bbox 2094 130 2165 166; baseline 0.014 -1"><span class='ocrx_word' id='word_1_272' title='bbox 2094 130 2165 166; x_wconf 88' lang='lat'><strong>198</strong></span> 
     </span>
     <span class='ocr_line' id='line_1_55' title="bbox 1563 202 1778 242; baseline 0.028 -6"><span class='ocrx_word' id='word_1_273' title='bbox 1563 202 1630 237; x_wconf 87' lang='lat' dir='ltr'><strong>De</strong></span> <span class='ocrx_word' id='word_1_274' title='bbox 1673 204 1778 242; x_wconf 84' lang='lat' dir='ltr'><strong>Deo.</strong></span> 
     </span>
    </p>
   </div>
   <div class='ocr_carea' id='block_1_6' title="bbox 1171 267 2162 830">
    <p class='ocr_par' dir='ltr' id='par_1_27' title="bbox 1171 267 2162 830">
     <span class='ocr_line' id='line_1_56' title="bbox 1278 267 2162 331; baseline 0.029 -31"><span class='ocrx_word' id='word_1_275' title='bbox 1278 267 1368 327; x_wconf 77' lang='lat' dir='ltr'><strong>Cum</strong></span> <span class='ocrx_word' id='word_1_276' title='bbox 1390 273 1671 318; x_wconf 85' lang='lat' dir='ltr'><strong>consideramus,</strong></span> <span class='ocrx_word' id='word_1_277' title='bbox 1700 292 1884 328; x_wconf 86' lang='lat' dir='ltr'><strong>quousque</strong></span> <span class='ocrx_word' id='word_1_278' title='bbox 1912 291 2076 331; x_wconf 84' lang='lat' dir='ltr'><strong>progredi</strong></span> <span class='ocrx_word' id='word_1_279' title='bbox 2094 290 2162 326; x_wconf 90' lang='lat' dir='ltr'><strong>hu-</strong></span> 
     </span>
     <span class='ocr_line' id='line_1_57' title="bbox 1176 324 2160 382; baseline 0.026 -31"><span class='ocrx_word' id='word_1_280' title='bbox 1176 330 1280 376; x_wconf 82' lang='lat' dir='ltr'><strong>mana</strong></span> <span class='ocrx_word' id='word_1_281' title='bbox 1299 328 1387 354; x_wconf 82' lang='lat' dir='ltr'><strong>ratio</strong></span> <span class='ocrx_word' id='word_1_282' title='bbox 1411 324 1538 364; x_wconf 85' lang='lat' dir='ltr'><strong>possit,</strong></span> <span class='ocrx_word' id='word_1_283' title='bbox 1567 326 1750 371; x_wconf 82' lang='lat' dir='ltr'><strong>inquirens</strong></span> <span class='ocrx_word' id='word_1_284' title='bbox 1765 331 1900 378; x_wconf 89' lang='lat' dir='ltr'><strong>Deum,</strong></span> <span class='ocrx_word' id='word_1_285' title='bbox 1930 339 2039 382; x_wconf 89' lang='lat' dir='ltr'><strong>magis</strong></span> <span class='ocrx_word' id='word_1_286' title='bbox 2056 342 2160 376; x_wconf 89' lang='lat' dir='ltr'><strong>intel-</strong></span> 
     </span>
     <span class='ocr_line' id='line_1_58' title="bbox 1175 369 2146 427; baseline 0.029 -28"><span class='ocrx_word' id='word_1_287' title='bbox 1175 369 1341 412; x_wconf 80' lang='lat' dir='ltr'><strong>ligemus,</strong></span> <span class='ocrx_word' id='word_1_288' title='bbox 1379 384 1441 405; x_wconf 88' lang='lat' dir='ltr'><strong>cur</strong></span> <span class='ocrx_word' id='word_1_289' title='bbox 1471 381 1608 416; x_wconf 88' lang='lat' dir='ltr'><strong>praeter</strong></span> <span class='ocrx_word' id='word_1_290' title='bbox 1631 375 1719 413; x_wconf 87' lang='lat' dir='ltr'><strong>hanc</strong></span> <span class='ocrx_word' id='word_1_291' title='bbox 1751 386 1948 420; x_wconf 88' lang='lat' dir='ltr'><strong>naturalem</strong></span> <span class='ocrx_word' id='word_1_292' title='bbox 1978 391 2146 427; x_wconf 89' lang='lat' dir='ltr'><strong>noticiam</strong></span> 
     </span>
     <span class='ocr_line' id='line_1_59' title="bbox 1175 422 2160 480; baseline 0.028 -29"><span class='ocrx_word' id='word_1_293' title='bbox 1175 422 1266 477; x_wconf 75' lang='lat' dir='ltr'><strong>Deus</strong></span> <span class='ocrx_word' id='word_1_294' title='bbox 1283 428 1449 466; x_wconf 82' lang='lat' dir='ltr'><strong>tanquam</strong></span> <span class='ocrx_word' id='word_1_295' title='bbox 1469 436 1508 456; x_wconf 86' lang='lat' dir='ltr'><strong>ex</strong></span> <span class='ocrx_word' id='word_1_296' title='bbox 1525 436 1651 459; x_wconf 85' lang='lat' dir='ltr'><strong>arcana</strong></span> <span class='ocrx_word' id='word_1_297' title='bbox 1668 431 1747 462; x_wconf 90' lang='lat' dir='ltr'><strong>sede</strong></span> <span class='ocrx_word' id='word_1_298' title='bbox 1763 436 1947 479; x_wconf 89' lang='lat' dir='ltr'><strong>prodiens,</strong></span> <span class='ocrx_word' id='word_1_299' title='bbox 1973 422 2160 480; x_wconf 50' lang='lat' dir='ltr'><strong>tradiderit,</strong></span> 
     </span>
     <span class='ocr_line' id='line_1_60' title="bbox 1175 471 2158 529; baseline 0.03 -28"><span class='ocrx_word' id='word_1_300' title='bbox 1175 471 1277 503; x_wconf 81' lang='lat' dir='ltr'><strong>nobis</strong></span> <span class='ocrx_word' id='word_1_301' title='bbox 1296 478 1327 504; x_wconf 91' lang='lat' dir='ltr'><strong>et</strong></span> <span class='ocrx_word' id='word_1_302' title='bbox 1347 483 1444 505; x_wconf 90' lang='lat' dir='ltr'><strong>suam</strong></span> <span class='ocrx_word' id='word_1_303' title='bbox 1463 476 1641 518; x_wconf 85' lang='lat' dir='ltr'><strong>quandam</strong></span> <span class='ocrx_word' id='word_1_304' title='bbox 1660 479 1855 516; x_wconf 84' lang='lat' dir='ltr'><strong>doctrinam</strong></span> <span class='ocrx_word' id='word_1_305' title='bbox 1872 487 1913 519; x_wconf 86' lang='lat' dir='ltr'><strong>de</strong></span> <span class='ocrx_word' id='word_1_306' title='bbox 1932 500 1992 523; x_wconf 89' lang='lat' dir='ltr'><strong>sua</strong></span> <span class='ocrx_word' id='word_1_307' title='bbox 2009 495 2158 529; x_wconf 85' lang='lat' dir='ltr'><strong>essentia</strong></span> 
     </span>
     <span class='ocr_line' id='line_1_61' title="bbox 1174 522 2157 579; baseline 0.027 -27"><span class='ocrx_word' id='word_1_308' title='bbox 1174 528 1207 554; x_wconf 83' lang='lat' dir='ltr'><strong>et</strong></span> <span class='ocrx_word' id='word_1_309' title='bbox 1230 522 1411 578; x_wconf 79' lang='lat' dir='ltr'><strong>voluntate</strong></span> <span class='ocrx_word' id='word_1_310' title='bbox 1424 548 1432 561; x_wconf 96' lang='lat'><strong>,</strong></span> <span class='ocrx_word' id='word_1_311' title='bbox 1460 536 1499 557; x_wconf 86' lang='lat' dir='ltr'><strong>ac</strong></span> <span class='ocrx_word' id='word_1_312' title='bbox 1521 528 1722 569; x_wconf 82' lang='lat' dir='ltr'><strong>patefecerit</strong></span> <span class='ocrx_word' id='word_1_313' title='bbox 1739 541 1774 563; x_wconf 91' lang='lat' dir='ltr'><strong>se</strong></span> <span class='ocrx_word' id='word_1_314' title='bbox 1790 532 1988 572; x_wconf 85' lang='lat' dir='ltr'><strong>illustribus</strong></span> <span class='ocrx_word' id='word_1_315' title='bbox 2005 549 2037 575; x_wconf 92' lang='lat' dir='ltr'><strong>et</strong></span> <span class='ocrx_word' id='word_1_316' title='bbox 2055 546 2157 579; x_wconf 85' lang='lat' dir='ltr'><strong>certis</strong></span> 
     </span>
     <span class='ocr_line' id='line_1_62' title="bbox 1175 573 2143 629; baseline 0.027 -26"><span class='ocrx_word' id='word_1_317' title='bbox 1175 573 1399 613; x_wconf 77' lang='lat' dir='ltr'><strong>testimoniis,</strong></span> <span class='ocrx_word' id='word_1_318' title='bbox 1422 587 1510 618; x_wconf 90' lang='lat' dir='ltr'><strong>quae</strong></span> <span class='ocrx_word' id='word_1_319' title='bbox 1527 588 1591 609; x_wconf 89' lang='lat' dir='ltr'><strong>nos</strong></span> <span class='ocrx_word' id='word_1_320' title='bbox 1609 578 1751 622; x_wconf 89' lang='lat' dir='ltr'><strong>quidem</strong></span> <span class='ocrx_word' id='word_1_321' title='bbox 1770 580 1806 614; x_wconf 92' lang='lat' dir='ltr'><strong>in</strong></span> <span class='ocrx_word' id='word_1_322' title='bbox 1817 581 1970 621; x_wconf 89' lang='lat' dir='ltr'><strong>Ecclesia</strong></span> <span class='ocrx_word' id='word_1_323' title='bbox 1990 590 2143 629; x_wconf 86' lang='lat' dir='ltr'><strong>instituti</strong></span> 
     </span>
     <span class='ocr_line' id='line_1_63' title="bbox 1173 622 2157 680; baseline 0.026 -27"><span class='ocrx_word' id='word_1_324' title='bbox 1173 634 1293 663; x_wconf 85' lang='lat' dir='ltr'><strong>nosse,</strong></span> <span class='ocrx_word' id='word_1_325' title='bbox 1321 625 1539 664; x_wconf 88' lang='lat' dir='ltr'><strong>meminisse,</strong></span> <span class='ocrx_word' id='word_1_326' title='bbox 1567 634 1599 660; x_wconf 89' lang='lat' dir='ltr'><strong>et</strong></span> <span class='ocrx_word' id='word_1_327' title='bbox 1616 640 1753 673; x_wconf 87' lang='lat' dir='ltr'><strong>semper</strong></span> <span class='ocrx_word' id='word_1_328' title='bbox 1770 631 1806 665; x_wconf 89' lang='lat' dir='ltr'><strong>in</strong></span> <span class='ocrx_word' id='word_1_329' title='bbox 1824 645 2010 679; x_wconf 88' lang='lat' dir='ltr'><strong>conspectu</strong></span> <span class='ocrx_word' id='word_1_330' title='bbox 2028 622 2157 680; x_wconf 62' lang='lat' dir='ltr'><strong>habere</strong></span> 
     </span>
     <span class='ocr_line' id='line_1_64' title="bbox 1172 674 2156 735; baseline 0.024 -31"><span class='ocrx_word' id='word_1_331' title='bbox 1172 674 1357 714; x_wconf 85' lang='lat' dir='ltr'><strong>debemus,</strong></span> <span class='ocrx_word' id='word_1_332' title='bbox 1384 681 1423 708; x_wconf 91' lang='lat' dir='ltr'><strong>ut</strong></span> <span class='ocrx_word' id='word_1_333' title='bbox 1441 688 1512 708; x_wconf 92' lang='lat' dir='ltr'><strong>non</strong></span> <span class='ocrx_word' id='word_1_334' title='bbox 1530 678 1644 711; x_wconf 88' lang='lat' dir='ltr'><strong>solum</strong></span> <span class='ocrx_word' id='word_1_335' title='bbox 1665 681 1874 718; x_wconf 87' lang='lat' dir='ltr'><strong>confirment</strong></span> <span class='ocrx_word' id='word_1_336' title='bbox 1898 699 1962 720; x_wconf 92' lang='lat' dir='ltr'><strong>nos</strong></span> <span class='ocrx_word' id='word_1_337' title='bbox 1979 690 2020 723; x_wconf 92' lang='lat' dir='ltr'><strong>de</strong></span> <span class='ocrx_word' id='word_1_338' title='bbox 2037 696 2156 735; x_wconf 80' lang='lat' dir='ltr'><strong>provi-</strong></span> 
     </span>
     <span class='ocr_line' id='line_1_65' title="bbox 1172 724 2157 781; baseline 0.023 -26"><span class='ocrx_word' id='word_1_339' title='bbox 1172 724 1309 765; x_wconf 90' lang='lat' dir='ltr'><strong>dentia,</strong></span> <span class='ocrx_word' id='word_1_340' title='bbox 1352 726 1412 758; x_wconf 90' lang='lat' dir='ltr'><strong>sed</strong></span> <span class='ocrx_word' id='word_1_341' title='bbox 1443 726 1548 760; x_wconf 89' lang='lat' dir='ltr'><strong>etiam</strong></span> <span class='ocrx_word' id='word_1_342' title='bbox 1583 729 1731 765; x_wconf 90' lang='lat' dir='ltr'><strong>doceant</strong></span> <span class='ocrx_word' id='word_1_343' title='bbox 1761 745 1826 767; x_wconf 90' lang='lat' dir='ltr'><strong>nos</strong></span> <span class='ocrx_word' id='word_1_344' title='bbox 1854 736 1897 768; x_wconf 92' lang='lat' dir='ltr'><strong>de</strong></span> <span class='ocrx_word' id='word_1_345' title='bbox 1925 741 2157 781; x_wconf 87' lang='lat' dir='ltr'><strong>promissione</strong></span> 
     </span>
     <span class='ocr_line' id='line_1_66' title="bbox 1171 775 2158 830; baseline 0.024 -25"><span class='ocrx_word' id='word_1_346' title='bbox 1171 775 1304 814; x_wconf 77' lang='lat' dir='ltr'><strong>divina,</strong></span> <span class='ocrx_word' id='word_1_347' title='bbox 1322 787 1384 808; x_wconf 88' lang='lat' dir='ltr'><strong>cur</strong></span> <span class='ocrx_word' id='word_1_348' title='bbox 1398 782 1430 809; x_wconf 90' lang='lat' dir='ltr'><strong>et</strong></span> <span class='ocrx_word' id='word_1_349' title='bbox 1448 780 1626 822; x_wconf 89' lang='lat' dir='ltr'><strong>quomodo</strong></span> <span class='ocrx_word' id='word_1_350' title='bbox 1643 782 1855 826; x_wconf 89' lang='lat' dir='ltr'><strong>recipiamur</strong></span> <span class='ocrx_word' id='word_1_351' title='bbox 1871 793 1903 820; x_wconf 88' lang='lat' dir='ltr'><strong>et</strong></span> <span class='ocrx_word' id='word_1_352' title='bbox 1920 792 2158 830; x_wconf 87' lang='lat' dir='ltr'><strong>exaudiamur.</strong></span> 
     </span>
    </p>
   </div>
   <div class='ocr_carea' id='block_1_7' title="bbox 1170 832 2158 2514">
    <p class='ocr_par' dir='ltr' id='par_1_28' title="bbox 1171 832 2158 1431">
     <span class='ocr_line' id='line_1_67' title="bbox 1275 832 2157 887; baseline 0.026 -22"><span class='ocrx_word' id='word_1_353' title='bbox 1275 832 1365 867; x_wconf 94' lang='lat' dir='ltr'><strong>Cum</strong></span> <span class='ocrx_word' id='word_1_354' title='bbox 1385 841 1501 868; x_wconf 86' lang='lat' dir='ltr'><strong>autem</strong></span> <span class='ocrx_word' id='word_1_355' title='bbox 1527 835 1623 870; x_wconf 89' lang='lat' dir='ltr'><strong>Deus</strong></span> <span class='ocrx_word' id='word_1_356' title='bbox 1649 839 1818 876; x_wconf 88' lang='lat' dir='ltr'><strong>immensa</strong></span> <span class='ocrx_word' id='word_1_357' title='bbox 1855 845 2015 882; x_wconf 89' lang='lat' dir='ltr'><strong>bonitate</strong></span> <span class='ocrx_word' id='word_1_358' title='bbox 2047 855 2157 887; x_wconf 88' lang='lat' dir='ltr'><strong>tradi-</strong></span> 
     </span>
     <span class='ocr_line' id='line_1_68' title="bbox 1174 883 2158 938; baseline 0.024 -24"><span class='ocrx_word' id='word_1_359' title='bbox 1174 883 1266 917; x_wconf 91' lang='lat' dir='ltr'><strong>derit</strong></span> <span class='ocrx_word' id='word_1_360' title='bbox 1283 885 1497 927; x_wconf 87' lang='lat' dir='ltr'><strong>peculiarem</strong></span> <span class='ocrx_word' id='word_1_361' title='bbox 1515 887 1724 931; x_wconf 88' lang='lat' dir='ltr'><strong>doctrinam,</strong></span> <span class='ocrx_word' id='word_1_362' title='bbox 1751 893 1794 926; x_wconf 91' lang='lat' dir='ltr'><strong>de</strong></span> <span class='ocrx_word' id='word_1_363' title='bbox 1809 905 1868 927; x_wconf 88' lang='lat' dir='ltr'><strong>sua</strong></span> <span class='ocrx_word' id='word_1_364' title='bbox 1885 900 2031 934; x_wconf 88' lang='lat' dir='ltr'><strong>essentia</strong></span> <span class='ocrx_word' id='word_1_365' title='bbox 2048 909 2079 936; x_wconf 92' lang='lat' dir='ltr'><strong>et</strong></span> <span class='ocrx_word' id='word_1_366' title='bbox 2095 917 2158 938; x_wconf 75' lang='lat' dir='ltr'><strong>vo-</strong></span> 
     </span>
     <span class='ocr_line' id='line_1_69' title="bbox 1172 934 2156 995; baseline 0.024 -30"><span class='ocrx_word' id='word_1_367' title='bbox 1172 934 1326 975; x_wconf 87' lang='lat' dir='ltr'><strong>luntate,</strong></span> <span class='ocrx_word' id='word_1_368' title='bbox 1353 942 1385 968; x_wconf 93' lang='lat' dir='ltr'><strong>et</strong></span> <span class='ocrx_word' id='word_1_369' title='bbox 1403 939 1633 981; x_wconf 89' lang='lat' dir='ltr'><strong>praeceperit,</strong></span> <span class='ocrx_word' id='word_1_370' title='bbox 1659 948 1698 974; x_wconf 86' lang='lat' dir='ltr'><strong>ut</strong></span> <span class='ocrx_word' id='word_1_371' title='bbox 1720 953 1795 975; x_wconf 88' lang='lat' dir='ltr'><strong>eam</strong></span> <span class='ocrx_word' id='word_1_372' title='bbox 1817 946 2021 983; x_wconf 84' lang='lat' dir='ltr'><strong>universum</strong></span> <span class='ocrx_word' id='word_1_373' title='bbox 2047 964 2156 995; x_wconf 82' lang='lat' dir='ltr'><strong>genus</strong></span> 
     </span>
     <span class='ocr_line' id='line_1_70' title="bbox 1172 981 2157 1047; baseline 0.023 -31"><span class='ocrx_word' id='word_1_374' title='bbox 1172 981 1367 1018; x_wconf 86' lang='lat' dir='ltr'><strong>humanum</strong></span> <span class='ocrx_word' id='word_1_375' title='bbox 1386 987 1515 1027; x_wconf 89' lang='lat' dir='ltr'><strong>audiat,</strong></span> <span class='ocrx_word' id='word_1_376' title='bbox 1534 998 1721 1031; x_wconf 81' lang='lat' dir='ltr'><strong>cognoscat</strong></span> <span class='ocrx_word' id='word_1_377' title='bbox 1739 999 1771 1026; x_wconf 90' lang='lat' dir='ltr'><strong>et</strong></span> <span class='ocrx_word' id='word_1_378' title='bbox 1789 996 2029 1042; x_wconf 88' lang='lat' dir='ltr'><strong>amplectatur,</strong></span> <span class='ocrx_word' id='word_1_379' title='bbox 2056 1016 2157 1047; x_wconf 88' lang='lat' dir='ltr'><strong>prae-</strong></span> 
     </span>
     <span class='ocr_line' id='line_1_71' title="bbox 1171 1035 2158 1090; baseline 0.023 -24"><span class='ocrx_word' id='word_1_380' title='bbox 1171 1035 1274 1078; x_wconf 88' lang='lat' dir='ltr'><strong>cipue</strong></span> <span class='ocrx_word' id='word_1_381' title='bbox 1301 1048 1338 1068; x_wconf 86' lang='lat' dir='ltr'><strong>ex</strong></span> <span class='ocrx_word' id='word_1_382' title='bbox 1364 1036 1434 1070; x_wconf 88' lang='lat' dir='ltr'><strong>illis</strong></span> <span class='ocrx_word' id='word_1_383' title='bbox 1457 1038 1614 1073; x_wconf 88' lang='lat' dir='ltr'><strong>sontibus</strong></span> <span class='ocrx_word' id='word_1_384' title='bbox 1639 1038 1834 1078; x_wconf 83' lang='lat' dir='ltr'><strong>haurienda</strong></span> <span class='ocrx_word' id='word_1_385' title='bbox 1860 1054 1909 1081; x_wconf 86' lang='lat' dir='ltr'><strong>est</strong></span> <span class='ocrx_word' id='word_1_386' title='bbox 1932 1049 2091 1088; x_wconf 88' lang='lat' dir='ltr'><strong>doctrina</strong></span> <span class='ocrx_word' id='word_1_387' title='bbox 2115 1057 2158 1090; x_wconf 93' lang='lat' dir='ltr'><strong>de</strong></span> 
     </span>
     <span class='ocr_line' id='line_1_72' title="bbox 1171 1083 2157 1148; baseline 0.021 -30"><span class='ocrx_word' id='word_1_388' title='bbox 1171 1083 1259 1118; x_wconf 86' lang='lat' dir='ltr'><strong>Deo.</strong></span> <span class='ocrx_word' id='word_1_389' title='bbox 1298 1085 1366 1119; x_wconf 88' lang='lat' dir='ltr'><strong>Sed</strong></span> <span class='ocrx_word' id='word_1_390' title='bbox 1384 1094 1500 1120; x_wconf 85' lang='lat' dir='ltr'><strong>tamen</strong></span> <span class='ocrx_word' id='word_1_391' title='bbox 1518 1092 1658 1132; x_wconf 90' lang='lat' dir='ltr'><strong>prodest</strong></span> <span class='ocrx_word' id='word_1_392' title='bbox 1675 1094 1835 1128; x_wconf 86' lang='lat' dir='ltr'><strong>conferre</strong></span> <span class='ocrx_word' id='word_1_393' title='bbox 1852 1097 2048 1135; x_wconf 80' lang='lat' dir='ltr'><strong>doctrinam</strong></span> <span class='ocrx_word' id='word_1_394' title='bbox 2067 1103 2157 1148; x_wconf 68' lang='lat' dir='ltr'><strong>phv-</strong></span> 
     </span>
     <span class='ocr_line' id='line_1_73' title="bbox 1171 1136 2157 1189; baseline 0.023 -23"><span class='ocrx_word' id='word_1_395' title='bbox 1171 1136 1296 1175; x_wconf 89' lang='lat' dir='ltr'><strong>sicam,</strong></span> <span class='ocrx_word' id='word_1_396' title='bbox 1332 1138 1374 1168; x_wconf 77' lang='lat' dir='ltr'><strong>ad</strong></span> <span class='ocrx_word' id='word_1_397' title='bbox 1402 1139 1588 1171; x_wconf 71' lang='lat' dir='ltr'><strong>revelatam</strong></span> <span class='ocrx_word' id='word_1_398' title='bbox 1619 1141 1809 1185; x_wconf 88' lang='lat' dir='ltr'><strong>divinitus,</strong></span> <span class='ocrx_word' id='word_1_399' title='bbox 1845 1154 1878 1180; x_wconf 85' lang='lat' dir='ltr'><strong>et</strong></span> <span class='ocrx_word' id='word_1_400' title='bbox 1904 1150 2044 1185; x_wconf 86' lang='lat' dir='ltr'><strong>collatio</strong></span> <span class='ocrx_word' id='word_1_401' title='bbox 2068 1147 2157 1189; x_wconf 78' lang='lat' dir='ltr'><strong>utri-</strong></span> 
     </span>
     <span class='ocr_line' id='line_1_74' title="bbox 1172 1187 2156 1239; baseline 0.024 -24"><span class='ocrx_word' id='word_1_402' title='bbox 1172 1198 1238 1230; x_wconf 85' lang='lat' dir='ltr'><strong>que</strong></span> <span class='ocrx_word' id='word_1_403' title='bbox 1255 1187 1373 1228; x_wconf 81' lang='lat' dir='ltr'><strong>generi</strong></span> <span class='ocrx_word' id='word_1_404' title='bbox 1389 1188 1524 1232; x_wconf 87' lang='lat' dir='ltr'><strong>aliquid</strong></span> <span class='ocrx_word' id='word_1_405' title='bbox 1546 1190 1633 1224; x_wconf 91' lang='lat' dir='ltr'><strong>lucis</strong></span> <span class='ocrx_word' id='word_1_406' title='bbox 1652 1193 1768 1234; x_wconf 81' lang='lat' dir='ltr'><strong>addit,</strong></span> <span class='ocrx_word' id='word_1_407' title='bbox 1797 1202 1829 1229; x_wconf 88' lang='lat' dir='ltr'><strong>et</strong></span> <span class='ocrx_word' id='word_1_408' title='bbox 1847 1198 1999 1235; x_wconf 83' lang='lat' dir='ltr'><strong>declarat</strong></span> <span class='ocrx_word' id='word_1_409' title='bbox 2015 1213 2156 1239; x_wconf 86' lang='lat' dir='ltr'><strong>senten-</strong></span> 
     </span>
     <span class='ocr_line' id='line_1_75' title="bbox 1172 1236 2156 1291; baseline 0.018 -25"><span class='ocrx_word' id='word_1_410' title='bbox 1172 1237 1256 1268; x_wconf 87' lang='lat' dir='ltr'><strong>tiam</strong></span> <span class='ocrx_word' id='word_1_411' title='bbox 1275 1236 1396 1277; x_wconf 81' lang='lat' dir='ltr'><strong>l&#39;auli,</strong></span> <span class='ocrx_word' id='word_1_412' title='bbox 1424 1251 1513 1282; x_wconf 83' lang='lat' dir='ltr'><strong>quae</strong></span> <span class='ocrx_word' id='word_1_413' title='bbox 1530 1248 1620 1273; x_wconf 87' lang='lat' dir='ltr'><strong>extat</strong></span> <span class='ocrx_word' id='word_1_414' title='bbox 1643 1242 1679 1274; x_wconf 90' lang='lat' dir='ltr'><strong>in</strong></span> <span class='ocrx_word' id='word_1_415' title='bbox 1699 1245 1812 1286; x_wconf 87' lang='lat' dir='ltr'><strong>primo</strong></span> <span class='ocrx_word' id='word_1_416' title='bbox 1832 1248 1943 1291; x_wconf 87' lang='lat' dir='ltr'><strong>capite</strong></span> <span class='ocrx_word' id='word_1_417' title='bbox 1959 1253 2001 1284; x_wconf 87' lang='lat' dir='ltr'><strong>ad</strong></span> <span class='ocrx_word' id='word_1_418' title='bbox 2021 1252 2156 1289; x_wconf 84' lang='lat' dir='ltr'><strong>Roma-</strong></span> 
     </span>
     <span class='ocr_line' id='line_1_76' title="bbox 1172 1288 2156 1349; baseline 0.024 -33"><span class='ocrx_word' id='word_1_419' title='bbox 1172 1297 1255 1326; x_wconf 86' lang='lat' dir='ltr'><strong>nos,</strong></span> <span class='ocrx_word' id='word_1_420' title='bbox 1274 1298 1359 1343; x_wconf 40' lang='lat' dir='ltr'><strong>,cum</strong></span> <span class='ocrx_word' id='word_1_421' title='bbox 1381 1288 1440 1328; x_wconf 85' lang='lat' dir='ltr'><strong>ait,</strong></span> <span class='ocrx_word' id='word_1_422' title='bbox 1458 1296 1577 1331; x_wconf 78' lang='lat' dir='ltr'><strong>gentes</strong></span> <span class='ocrx_word' id='word_1_423' title='bbox 1596 1292 1775 1327; x_wconf 81' lang='lat' dir='ltr'><strong>veritatem</strong></span> <span class='ocrx_word' id='word_1_424' title='bbox 1791 1294 1857 1329; x_wconf 91' lang='lat' dir='ltr'><strong>Dei</strong></span> <span class='ocrx_word' id='word_1_425' title='bbox 1877 1301 2028 1335; x_wconf 90' lang='lat' dir='ltr'><strong>tenuisse</strong></span> <span class='ocrx_word' id='word_1_426' title='bbox 2046 1307 2156 1349; x_wconf 88' lang='lat' dir='ltr'><strong>capti-</strong></span> 
     </span>
     <span class='ocr_line' id='line_1_77' title="bbox 1171 1338 2158 1397; baseline 0.023 -31"><span class='ocrx_word' id='word_1_427' title='bbox 1171 1348 1249 1368; x_wconf 83' lang='lat' dir='ltr'><strong>vam</strong></span> <span class='ocrx_word' id='word_1_428' title='bbox 1273 1349 1309 1368; x_wconf 79' lang='lat' dir='ltr'><strong>in</strong></span> <span class='ocrx_word' id='word_1_429' title='bbox 1335 1338 1530 1379; x_wconf 83' lang='lat' dir='ltr'><strong>iniusticia,</strong></span> <span class='ocrx_word' id='word_1_430' title='bbox 1564 1348 1596 1373; x_wconf 90' lang='lat' dir='ltr'><strong>et</strong></span> <span class='ocrx_word' id='word_1_431' title='bbox 1619 1345 1810 1385; x_wconf 90' lang='lat' dir='ltr'><strong>potentiam</strong></span> <span class='ocrx_word' id='word_1_432' title='bbox 1831 1346 1897 1380; x_wconf 91' lang='lat' dir='ltr'><strong>Dei</strong></span> <span class='ocrx_word' id='word_1_433' title='bbox 1922 1354 2075 1397; x_wconf 90' lang='lat' dir='ltr'><strong>conspici</strong></span> <span class='ocrx_word' id='word_1_434' title='bbox 2101 1357 2158 1390; x_wconf 85' lang='lat' dir='ltr'><strong>in-</strong></span> 
     </span>
     <span class='ocr_line' id='line_1_78' title="bbox 1171 1386 1709 1431; baseline 0.015 -14"><span class='ocrx_word' id='word_1_435' title='bbox 1171 1386 1342 1418; x_wconf 87' lang='lat' dir='ltr'><strong>tellectam</strong></span> <span class='ocrx_word' id='word_1_436' title='bbox 1359 1400 1398 1419; x_wconf 87' lang='lat' dir='ltr'><strong>ex</strong></span> <span class='ocrx_word' id='word_1_437' title='bbox 1416 1389 1555 1431; x_wconf 90' lang='lat' dir='ltr'><strong>opificio</strong></span> <span class='ocrx_word' id='word_1_438' title='bbox 1572 1394 1709 1428; x_wconf 89' lang='lat' dir='ltr'><strong>mundi.</strong></span> 
     </span>
    </p>

    <p class='ocr_par' dir='ltr' id='par_1_29' title="bbox 1170 1443 2158 2514">
     <span class='ocr_line' id='line_1_79' title="bbox 1274 1443 2158 1501; baseline 0.028 -26"><span class='ocrx_word' id='word_1_439' title='bbox 1274 1443 1320 1478; x_wconf 84' lang='lat' dir='ltr'><strong>Ut</strong></span> <span class='ocrx_word' id='word_1_440' title='bbox 1345 1452 1460 1478; x_wconf 89' lang='lat' dir='ltr'><strong>autem</strong></span> <span class='ocrx_word' id='word_1_441' title='bbox 1486 1446 1523 1479; x_wconf 91' lang='lat' dir='ltr'><strong>in</strong></span> <span class='ocrx_word' id='word_1_442' title='bbox 1548 1448 1708 1484; x_wconf 89' lang='lat' dir='ltr'><strong>doctrina</strong></span> <span class='ocrx_word' id='word_1_443' title='bbox 1725 1451 1918 1497; x_wconf 81' lang='lat' dir='ltr'><strong>Ecclesiae,</strong></span> <span class='ocrx_word' id='word_1_444' title='bbox 1946 1471 2085 1497; x_wconf 89' lang='lat' dir='ltr'><strong>necesse</strong></span> <span class='ocrx_word' id='word_1_445' title='bbox 2108 1473 2158 1501; x_wconf 87' lang='lat' dir='ltr'><strong>est</strong></span> 
     </span>
     <span class='ocr_line' id='line_1_80' title="bbox 1170 1496 2158 1559; baseline 0.025 -34"><span class='ocrx_word' id='word_1_446' title='bbox 1170 1505 1271 1537; x_wconf 86' lang='lat' dir='ltr'><strong>saepe</strong></span> <span class='ocrx_word' id='word_1_447' title='bbox 1295 1496 1557 1530; x_wconf 78' lang='lat' dir='ltr'><strong>cominonefieri</strong></span> <span class='ocrx_word' id='word_1_448' title='bbox 1582 1496 1744 1536; x_wconf 87' lang='lat' dir='ltr'><strong>homines</strong></span> <span class='ocrx_word' id='word_1_449' title='bbox 1770 1505 1811 1538; x_wconf 88' lang='lat' dir='ltr'><strong>de</strong></span> <span class='ocrx_word' id='word_1_450' title='bbox 1836 1507 2038 1546; x_wconf 86' lang='lat' dir='ltr'><strong>discrimine</strong></span> <span class='ocrx_word' id='word_1_451' title='bbox 2055 1514 2158 1559; x_wconf 86' lang='lat' dir='ltr'><strong>Legis</strong></span> 
     </span>
     <span class='ocr_line' id='line_1_81' title="bbox 1171 1543 2157 1612; baseline 0.025 -37"><span class='ocrx_word' id='word_1_452' title='bbox 1171 1551 1204 1578; x_wconf 85' lang='lat' dir='ltr'><strong>et</strong></span> <span class='ocrx_word' id='word_1_453' title='bbox 1221 1543 1427 1588; x_wconf 81' lang='lat' dir='ltr'><strong>Evangelii,</strong></span> <span class='ocrx_word' id='word_1_454' title='bbox 1453 1548 1500 1580; x_wconf 86' lang='lat' dir='ltr'><strong>ita</strong></span> <span class='ocrx_word' id='word_1_455' title='bbox 1526 1547 1582 1582; x_wconf 80' lang='lat' dir='ltr'><strong>bic</strong></span> <span class='ocrx_word' id='word_1_456' title='bbox 1606 1563 1817 1595; x_wconf 89' lang='lat' dir='ltr'><strong>praemoneo</strong></span> <span class='ocrx_word' id='word_1_457' title='bbox 1842 1560 2039 1604; x_wconf 84' lang='lat' dir='ltr'><strong>auditores,</strong></span> <span class='ocrx_word' id='word_1_458' title='bbox 2067 1564 2157 1612; x_wconf 89' lang='lat' dir='ltr'><strong>phy-</strong></span> 
     </span>
     <span class='ocr_line' id='line_1_82' title="bbox 1171 1596 2157 1655; baseline 0.025 -28"><span class='ocrx_word' id='word_1_459' title='bbox 1171 1596 1276 1628; x_wconf 86' lang='lat' dir='ltr'><strong>sicam</strong></span> <span class='ocrx_word' id='word_1_460' title='bbox 1299 1597 1341 1629; x_wconf 91' lang='lat' dir='ltr'><strong>de</strong></span> <span class='ocrx_word' id='word_1_461' title='bbox 1356 1597 1431 1630; x_wconf 86' lang='lat' dir='ltr'><strong>Deo</strong></span> <span class='ocrx_word' id='word_1_462' title='bbox 1451 1599 1636 1639; x_wconf 88' lang='lat' dir='ltr'><strong>noticiam,</strong></span> <span class='ocrx_word' id='word_1_463' title='bbox 1664 1615 1736 1637; x_wconf 90' lang='lat' dir='ltr'><strong>esse</strong></span> <span class='ocrx_word' id='word_1_464' title='bbox 1753 1604 1855 1649; x_wconf 83' lang='lat' dir='ltr'><strong>Legis</strong></span> <span class='ocrx_word' id='word_1_465' title='bbox 1874 1611 2058 1655; x_wconf 90' lang='lat' dir='ltr'><strong>noticiam,</strong></span> <span class='ocrx_word' id='word_1_466' title='bbox 2084 1629 2157 1652; x_wconf 88' lang='lat' dir='ltr'><strong>non</strong></span> 
     </span>
     <span class='ocr_line' id='line_1_83' title="bbox 1172 1644 2155 1703; baseline 0.027 -28"><span class='ocrx_word' id='word_1_467' title='bbox 1172 1644 1369 1689; x_wconf 85' lang='lat' dir='ltr'><strong>Evangelii.</strong></span> <span class='ocrx_word' id='word_1_468' title='bbox 1423 1647 1518 1682; x_wconf 86' lang='lat' dir='ltr'><strong>Haec</strong></span> <span class='ocrx_word' id='word_1_469' title='bbox 1537 1662 1599 1683; x_wconf 92' lang='lat' dir='ltr'><strong>suo</strong></span> <span class='ocrx_word' id='word_1_470' title='bbox 1619 1652 1695 1686; x_wconf 91' lang='lat' dir='ltr'><strong>loco</strong></span> <span class='ocrx_word' id='word_1_471' title='bbox 1723 1657 1896 1700; x_wconf 89' lang='lat' dir='ltr'><strong>copiosius</strong></span> <span class='ocrx_word' id='word_1_472' title='bbox 1921 1662 2155 1703; x_wconf 84' lang='lat' dir='ltr'><strong>declarantur.</strong></span> 
     </span>
     <span class='ocr_line' id='line_1_84' title="bbox 1172 1695 2157 1759; baseline 0.023 -31"><span class='ocrx_word' id='word_1_473' title='bbox 1172 1695 1240 1729; x_wconf 85' lang='lat' dir='ltr'><strong>llic</strong></span> <span class='ocrx_word' id='word_1_474' title='bbox 1259 1709 1340 1730; x_wconf 70' lang='lat' dir='ltr'><strong>vcro</strong></span> <span class='ocrx_word' id='word_1_475' title='bbox 1360 1698 1513 1741; x_wconf 81' lang='lat' dir='ltr'><strong>dignitas</strong></span> <span class='ocrx_word' id='word_1_476' title='bbox 1529 1702 1686 1737; x_wconf 80' lang='lat' dir='ltr'><strong>universi</strong></span> <span class='ocrx_word' id='word_1_477' title='bbox 1704 1706 1831 1749; x_wconf 90' lang='lat' dir='ltr'><strong>opificii</strong></span> <span class='ocrx_word' id='word_1_478' title='bbox 1850 1713 1984 1753; x_wconf 90' lang='lat' dir='ltr'><strong>mundi,</strong></span> <span class='ocrx_word' id='word_1_479' title='bbox 2008 1726 2047 1747; x_wconf 88' lang='lat' dir='ltr'><strong>ac</strong></span> <span class='ocrx_word' id='word_1_480' title='bbox 2057 1729 2157 1759; x_wconf 88' lang='lat' dir='ltr'><strong>prae-</strong></span> 
     </span>
     <span class='ocr_line' id='line_1_85' title="bbox 1172 1746 2156 1802; baseline 0.026 -26"><span class='ocrx_word' id='word_1_481' title='bbox 1172 1747 1273 1791; x_wconf 82' lang='lat' dir='ltr'><strong>cipue</strong></span> <span class='ocrx_word' id='word_1_482' title='bbox 1290 1746 1444 1782; x_wconf 76' lang='lat' dir='ltr'><strong>hominis</strong></span> <span class='ocrx_word' id='word_1_483' title='bbox 1471 1753 1696 1795; x_wconf 81' lang='lat' dir='ltr'><strong>conspicitur.</strong></span> <span class='ocrx_word' id='word_1_484' title='bbox 1751 1756 1841 1790; x_wconf 85' lang='lat' dir='ltr'><strong>Tota</strong></span> <span class='ocrx_word' id='word_1_485' title='bbox 1866 1768 1989 1796; x_wconf 88' lang='lat' dir='ltr'><strong>natura</strong></span> <span class='ocrx_word' id='word_1_486' title='bbox 2014 1769 2156 1802; x_wconf 87' lang='lat' dir='ltr'><strong>condita</strong></span> 
     </span>
     <span class='ocr_line' id='line_1_86' title="bbox 1171 1801 2157 1862; baseline 0.023 -32"><span class='ocrx_word' id='word_1_487' title='bbox 1171 1805 1242 1838; x_wconf 90' lang='lat' dir='ltr'><strong>est,</strong></span> <span class='ocrx_word' id='word_1_488' title='bbox 1269 1806 1306 1831; x_wconf 90' lang='lat' dir='ltr'><strong>ut</strong></span> <span class='ocrx_word' id='word_1_489' title='bbox 1332 1801 1423 1833; x_wconf 85' lang='lat' dir='ltr'><strong>dicat</strong></span> <span class='ocrx_word' id='word_1_490' title='bbox 1448 1802 1687 1837; x_wconf 88' lang='lat' dir='ltr'><strong>testimonium</strong></span> <span class='ocrx_word' id='word_1_491' title='bbox 1717 1806 1759 1838; x_wconf 90' lang='lat' dir='ltr'><strong>de</strong></span> <span class='ocrx_word' id='word_1_492' title='bbox 1781 1806 1874 1850; x_wconf 89' lang='lat' dir='ltr'><strong>Deo,</strong></span> <span class='ocrx_word' id='word_1_493' title='bbox 1908 1823 1947 1845; x_wconf 89' lang='lat' dir='ltr'><strong>ac</strong></span> <span class='ocrx_word' id='word_1_494' title='bbox 1971 1818 2157 1862; x_wconf 87' lang='lat' dir='ltr'><strong>praecipue</strong></span> 
     </span>
     <span class='ocr_line' id='line_1_87' title="bbox 1172 1846 2157 1902; baseline 0.024 -24"><span class='ocrx_word' id='word_1_495' title='bbox 1172 1859 1282 1890; x_wconf 84' lang='lat' dir='ltr'><strong>genus</strong></span> <span class='ocrx_word' id='word_1_496' title='bbox 1305 1846 1512 1884; x_wconf 88' lang='lat' dir='ltr'><strong>humanum.</strong></span> <span class='ocrx_word' id='word_1_497' title='bbox 1566 1851 1690 1897; x_wconf 85' lang='lat' dir='ltr'><strong>Fulget</strong></span> <span class='ocrx_word' id='word_1_498' title='bbox 1713 1855 1749 1888; x_wconf 89' lang='lat' dir='ltr'><strong>in</strong></span> <span class='ocrx_word' id='word_1_499' title='bbox 1777 1867 1894 1893; x_wconf 86' lang='lat' dir='ltr'><strong>mente</strong></span> <span class='ocrx_word' id='word_1_500' title='bbox 1917 1859 2070 1899; x_wconf 85' lang='lat' dir='ltr'><strong>humana</strong></span> <span class='ocrx_word' id='word_1_501' title='bbox 2091 1881 2157 1902; x_wconf 78' lang='lat' dir='ltr'><strong>no-</strong></span> 
     </span>
     <span class='ocr_line' id='line_1_88' title="bbox 1173 1898 2146 1952; baseline 0.023 -23"><span class='ocrx_word' id='word_1_502' title='bbox 1173 1898 1253 1931; x_wconf 84' lang='lat' dir='ltr'><strong>ticia</strong></span> <span class='ocrx_word' id='word_1_503' title='bbox 1266 1923 1274 1936; x_wconf 97' lang='lat'>‚</span> <span class='ocrx_word' id='word_1_504' title='bbox 1303 1912 1390 1942; x_wconf 88' lang='lat' dir='ltr'><strong>quae</strong></span> <span class='ocrx_word' id='word_1_505' title='bbox 1409 1901 1569 1936; x_wconf 87' lang='lat' dir='ltr'><strong>adfirmat</strong></span> <span class='ocrx_word' id='word_1_506' title='bbox 1593 1915 1665 1937; x_wconf 90' lang='lat' dir='ltr'><strong>non</strong></span> <span class='ocrx_word' id='word_1_507' title='bbox 1684 1906 1797 1939; x_wconf 89' lang='lat' dir='ltr'><strong>solum</strong></span> <span class='ocrx_word' id='word_1_508' title='bbox 1817 1921 1889 1943; x_wconf 89' lang='lat' dir='ltr'><strong>esse</strong></span> <span class='ocrx_word' id='word_1_509' title='bbox 1906 1923 2016 1947; x_wconf 90' lang='lat' dir='ltr'><strong>unum</strong></span> <span class='ocrx_word' id='word_1_510' title='bbox 2033 1916 2146 1952; x_wconf 87' lang='lat' dir='ltr'><strong>Deum</strong></span> 
     </span>
     <span class='ocr_line' id='line_1_89' title="bbox 1173 1947 2158 2003; baseline 0.025 -24"><span class='ocrx_word' id='word_1_511' title='bbox 1173 1948 1332 1992; x_wconf 87' lang='lat' dir='ltr'><strong>opificem</strong></span> <span class='ocrx_word' id='word_1_512' title='bbox 1352 1951 1457 1983; x_wconf 87' lang='lat' dir='ltr'><strong>totius</strong></span> <span class='ocrx_word' id='word_1_513' title='bbox 1477 1954 1602 1986; x_wconf 89' lang='lat' dir='ltr'><strong>mundi</strong></span> <span class='ocrx_word' id='word_1_514' title='bbox 1627 1962 1659 1988; x_wconf 93' lang='lat' dir='ltr'><strong>et</strong></span> <span class='ocrx_word' id='word_1_515' title='bbox 1679 1958 1833 2000; x_wconf 83' lang='lat' dir='ltr'><strong>ordinis,</strong></span> <span class='ocrx_word' id='word_1_516' title='bbox 1861 1961 1897 1994; x_wconf 88' lang='lat' dir='ltr'><strong>in</strong></span> <span class='ocrx_word' id='word_1_517' title='bbox 1923 1969 1994 1998; x_wconf 88' lang='lat' dir='ltr'><strong>tota</strong></span> <span class='ocrx_word' id='word_1_518' title='bbox 2020 1947 2158 2003; x_wconf 52' lang='lat' dir='ltr'><strong>natura,</strong></span> 
     </span>
     <span class='ocr_line' id='line_1_90' title="bbox 1173 1998 2157 2057; baseline 0.022 -25"><span class='ocrx_word' id='word_1_519' title='bbox 1173 2001 1232 2032; x_wconf 89' lang='lat' dir='ltr'><strong>sed</strong></span> <span class='ocrx_word' id='word_1_520' title='bbox 1251 1999 1355 2033; x_wconf 85' lang='lat' dir='ltr'><strong>etiam</strong></span> <span class='ocrx_word' id='word_1_521' title='bbox 1375 2001 1475 2035; x_wconf 87' lang='lat' dir='ltr'><strong>docet</strong></span> <span class='ocrx_word' id='word_1_522' title='bbox 1499 2004 1613 2047; x_wconf 90' lang='lat' dir='ltr'><strong>qualis</strong></span> <span class='ocrx_word' id='word_1_523' title='bbox 1630 2006 1690 2047; x_wconf 88' lang='lat' dir='ltr'><strong>sit,</strong></span> <span class='ocrx_word' id='word_1_524' title='bbox 1717 2008 1849 2044; x_wconf 88' lang='lat' dir='ltr'><strong>scilicet</strong></span> <span class='ocrx_word' id='word_1_525' title='bbox 1869 2014 2023 2057; x_wconf 79' lang='lat' dir='ltr'><strong>sapiens,</strong></span> <span class='ocrx_word' id='word_1_526' title='bbox 2050 1998 2157 2053; x_wconf 52' lang='lat' dir='ltr'><strong>bene:</strong></span> 
     </span>
     <span class='ocr_line' id='line_1_91' title="bbox 1175 2050 2157 2107; baseline 0.023 -26"><span class='ocrx_word' id='word_1_527' title='bbox 1175 2050 1277 2090; x_wconf 90' lang='lat' dir='ltr'><strong>ficus,</strong></span> <span class='ocrx_word' id='word_1_528' title='bbox 1306 2050 1436 2093; x_wconf 86' lang='lat' dir='ltr'><strong>iustus,</strong></span> <span class='ocrx_word' id='word_1_529' title='bbox 1471 2055 1629 2098; x_wconf 90' lang='lat' dir='ltr'><strong>aequalia</strong></span> <span class='ocrx_word' id='word_1_530' title='bbox 1655 2059 1860 2102; x_wconf 88' lang='lat' dir='ltr'><strong>aequalibus</strong></span> <span class='ocrx_word' id='word_1_531' title='bbox 1890 2064 2068 2107; x_wconf 90' lang='lat' dir='ltr'><strong>tribuens,</strong></span> <span class='ocrx_word' id='word_1_532' title='bbox 2096 2083 2157 2104; x_wconf 87' lang='lat' dir='ltr'><strong>ve-</strong></span> 
     </span>
     <span class='ocr_line' id='line_1_92' title="bbox 1173 2103 2154 2154; baseline 0.023 -23"><span class='ocrx_word' id='word_1_533' title='bbox 1173 2112 1256 2141; x_wconf 82' lang='lat' dir='ltr'><strong>rax,</strong></span> <span class='ocrx_word' id='word_1_534' title='bbox 1283 2113 1405 2135; x_wconf 89' lang='lat' dir='ltr'><strong>amans</strong></span> <span class='ocrx_word' id='word_1_535' title='bbox 1421 2103 1602 2146; x_wconf 81' lang='lat' dir='ltr'><strong>castitatis,</strong></span> <span class='ocrx_word' id='word_1_536' title='bbox 1630 2109 1812 2150; x_wconf 90' lang='lat' dir='ltr'><strong>postulans</strong></span> <span class='ocrx_word' id='word_1_537' title='bbox 1831 2119 1869 2145; x_wconf 94' lang='lat' dir='ltr'><strong>ut</strong></span> <span class='ocrx_word' id='word_1_538' title='bbox 1887 2116 1929 2146; x_wconf 89' lang='lat' dir='ltr'><strong>ad</strong></span> <span class='ocrx_word' id='word_1_539' title='bbox 1949 2106 2154 2154; x_wconf 66' lang='lat' dir='ltr'><strong>hanc&#39;suam</strong></span> 
     </span>
     <span class='ocr_line' id='line_1_93' title="bbox 1174 2151 2157 2213; baseline 0.021 -31"><span class='ocrx_word' id='word_1_540' title='bbox 1174 2151 1393 2185; x_wconf 85' lang='lat' dir='ltr'><strong>voluntatem</strong></span> <span class='ocrx_word' id='word_1_541' title='bbox 1426 2160 1545 2188; x_wconf 89' lang='lat' dir='ltr'><strong>nostra</strong></span> <span class='ocrx_word' id='word_1_542' title='bbox 1575 2156 1776 2193; x_wconf 89' lang='lat' dir='ltr'><strong>obedientia</strong></span> <span class='ocrx_word' id='word_1_543' title='bbox 1805 2172 1992 2207; x_wconf 84' lang='lat' dir='ltr'><strong>congruat,</strong></span> <span class='ocrx_word' id='word_1_544' title='bbox 2033 2175 2064 2202; x_wconf 91' lang='lat' dir='ltr'><strong>et</strong></span> <span class='ocrx_word' id='word_1_545' title='bbox 2089 2182 2157 2213; x_wconf 93' lang='lat' dir='ltr'><strong>pu-</strong></span> 
     </span>
     <span class='ocr_line' id='line_1_94' title="bbox 1174 2199 2157 2255; baseline 0.022 -22"><span class='ocrx_word' id='word_1_546' title='bbox 1174 2202 1276 2235; x_wconf 91' lang='lat' dir='ltr'><strong>niens</strong></span> <span class='ocrx_word' id='word_1_547' title='bbox 1294 2199 1526 2238; x_wconf 85' lang='lat' dir='ltr'><strong>horribilibus</strong></span> <span class='ocrx_word' id='word_1_548' title='bbox 1550 2208 1673 2250; x_wconf 92' lang='lat' dir='ltr'><strong>poenis</strong></span> <span class='ocrx_word' id='word_1_549' title='bbox 1691 2206 1786 2243; x_wconf 86' lang='lat' dir='ltr'><strong>bunc</strong></span> <span class='ocrx_word' id='word_1_550' title='bbox 1808 2213 1968 2247; x_wconf 88' lang='lat' dir='ltr'><strong>ordinem</strong></span> <span class='ocrx_word' id='word_1_551' title='bbox 1991 2221 2157 2255; x_wconf 86' lang='lat' dir='ltr'><strong>atrociter</strong></span> 
     </span>
     <span class='ocr_line' id='line_1_95' title="bbox 1174 2252 2156 2311; baseline 0.019 -27"><span class='ocrx_word' id='word_1_552' title='bbox 1174 2252 1363 2295; x_wconf 88' lang='lat' dir='ltr'><strong>violantes,</strong></span> <span class='ocrx_word' id='word_1_553' title='bbox 1390 2254 1480 2289; x_wconf 89' lang='lat' dir='ltr'><strong>sicut</strong></span> <span class='ocrx_word' id='word_1_554' title='bbox 1505 2257 1669 2291; x_wconf 88' lang='lat' dir='ltr'><strong>universa</strong></span> <span class='ocrx_word' id='word_1_555' title='bbox 1694 2256 1838 2294; x_wconf 86' lang='lat' dir='ltr'><strong>historia</strong></span> <span class='ocrx_word' id='word_1_556' title='bbox 1857 2260 2002 2299; x_wconf 88' lang='lat' dir='ltr'><strong>humani</strong></span> <span class='ocrx_word' id='word_1_557' title='bbox 2019 2273 2156 2311; x_wconf 81' lang='lat' dir='ltr'><strong>generis</strong></span> 
     </span>
     <span class='ocr_line' id='line_1_96' title="bbox 1174 2308 2156 2355; baseline 0.02 -20"><span class='ocrx_word' id='word_1_558' title='bbox 1174 2310 1340 2342; x_wconf 89' lang='lat' dir='ltr'><strong>testatur,</strong></span> <span class='ocrx_word' id='word_1_559' title='bbox 1367 2317 1456 2350; x_wconf 88' lang='lat' dir='ltr'><strong>quae</strong></span> <span class='ocrx_word' id='word_1_560' title='bbox 1480 2308 1661 2341; x_wconf 86' lang='lat' dir='ltr'><strong>manifeste</strong></span> <span class='ocrx_word' id='word_1_561' title='bbox 1686 2311 1837 2344; x_wconf 84' lang='lat' dir='ltr'><strong>ostendit</strong></span> <span class='ocrx_word' id='word_1_562' title='bbox 1862 2309 2055 2352; x_wconf 86' lang='lat' dir='ltr'><strong>homicidas</strong></span> <span class='ocrx_word' id='word_1_563' title='bbox 2079 2334 2156 2355; x_wconf 89' lang='lat' dir='ltr'><strong>om-</strong></span> 
     </span>
     <span class='ocr_line' id='line_1_97' title="bbox 1174 2355 2156 2411; baseline 0.021 -25"><span class='ocrx_word' id='word_1_564' title='bbox 1174 2366 1236 2387; x_wconf 89' lang='lat' dir='ltr'><strong>nes</strong></span> <span class='ocrx_word' id='word_1_565' title='bbox 1252 2355 1395 2388; x_wconf 91' lang='lat' dir='ltr'><strong>tandem</strong></span> <span class='ocrx_word' id='word_1_566' title='bbox 1414 2356 1489 2399; x_wconf 90' lang='lat' dir='ltr'><strong>rapi</strong></span> <span class='ocrx_word' id='word_1_567' title='bbox 1508 2359 1549 2390; x_wconf 87' lang='lat' dir='ltr'><strong>ad</strong></span> <span class='ocrx_word' id='word_1_568' title='bbox 1567 2359 1738 2402; x_wconf 87' lang='lat' dir='ltr'><strong>supplicia</strong></span> <span class='ocrx_word' id='word_1_569' title='bbox 1751 2386 1759 2401; x_wconf 89' lang='lat'><em>‚</em></span> <span class='ocrx_word' id='word_1_570' title='bbox 1784 2362 1945 2405; x_wconf 91' lang='lat' dir='ltr'><strong>periuros</strong></span> <span class='ocrx_word' id='word_1_571' title='bbox 1970 2369 2073 2404; x_wconf 90' lang='lat' dir='ltr'><strong>etiam</strong></span> <span class='ocrx_word' id='word_1_572' title='bbox 2086 2398 2095 2411; x_wconf 88' lang='lat'>‚</span> <span class='ocrx_word' id='word_1_573' title='bbox 2123 2381 2156 2408; x_wconf 91' lang='lat' dir='ltr'><strong>et</strong></span> 
     </span>
     <span class='ocr_line' id='line_1_98' title="bbox 1176 2405 2158 2459; baseline 0.021 -23"><span class='ocrx_word' id='word_1_574' title='bbox 1176 2405 1331 2449; x_wconf 90' lang='lat' dir='ltr'><strong>pollutos</strong></span> <span class='ocrx_word' id='word_1_575' title='bbox 1355 2405 1495 2440; x_wconf 86' lang='lat' dir='ltr'><strong>incestis</strong></span> <span class='ocrx_word' id='word_1_576' title='bbox 1510 2408 1719 2442; x_wconf 79' lang='lat' dir='ltr'><strong>libidinibus</strong></span> <span class='ocrx_word' id='word_1_577' title='bbox 1736 2417 1769 2444; x_wconf 85' lang='lat' dir='ltr'><strong>et</strong></span> <span class='ocrx_word' id='word_1_578' title='bbox 1789 2412 1989 2459; x_wconf 91' lang='lat' dir='ltr'><strong>adulteriis,</strong></span> <span class='ocrx_word' id='word_1_579' title='bbox 2017 2423 2158 2457; x_wconf 91' lang='lat' dir='ltr'><strong>tandem</strong></span> 
     </span>
     <span class='ocr_line' id='line_1_99' title="bbox 1175 2455 2121 2514; baseline 0.02 -27"><span class='ocrx_word' id='word_1_580' title='bbox 1175 2455 1342 2489; x_wconf 87' lang='lat' dir='ltr'><strong>fatalibus</strong></span> <span class='ocrx_word' id='word_1_581' title='bbox 1359 2458 1481 2500; x_wconf 83' lang='lat' dir='ltr'><strong>poenis</strong></span> <span class='ocrx_word' id='word_1_582' title='bbox 1504 2458 1627 2490; x_wconf 88' lang='lat' dir='ltr'><strong>divino</strong></span> <span class='ocrx_word' id='word_1_583' title='bbox 1644 2461 1798 2504; x_wconf 88' lang='lat' dir='ltr'><strong>quodam</strong></span> <span class='ocrx_word' id='word_1_584' title='bbox 1815 2464 1940 2500; x_wconf 87' lang='lat' dir='ltr'><strong>ordine</strong></span> <span class='ocrx_word' id='word_1_585' title='bbox 1957 2472 2121 2514; x_wconf 89' lang='lat' dir='ltr'><strong>opprimi.</strong></span> 
     </span>
    </p>
   </div>
   <div class='ocr_carea' id='block_1_8' title="bbox 1178 2513 2161 2674">
    <p class='ocr_par' dir='ltr' id='par_1_30' title="bbox 1178 2513 2161 2674">
     <span class='ocr_line' id='line_1_100' title="bbox 1280 2513 2160 2565; baseline 0.015 -18"><span class='ocrx_word' id='word_1_586' title='bbox 1280 2513 1383 2548; x_wconf 86' lang='lat' dir='ltr'><strong>Hanc</strong></span> <span class='ocrx_word' id='word_1_587' title='bbox 1408 2515 1607 2549; x_wconf 90' lang='lat' dir='ltr'><strong>doctrinam</strong></span> <span class='ocrx_word' id='word_1_588' title='bbox 1631 2518 1675 2550; x_wconf 90' lang='lat' dir='ltr'><strong>de</strong></span> <span class='ocrx_word' id='word_1_589' title='bbox 1696 2517 1772 2553; x_wconf 91' lang='lat' dir='ltr'><strong>Deo</strong></span> <span class='ocrx_word' id='word_1_590' title='bbox 1790 2532 1891 2556; x_wconf 89' lang='lat' dir='ltr'><strong>mens</strong></span> <span class='ocrx_word' id='word_1_591' title='bbox 1910 2522 2065 2563; x_wconf 86' lang='lat' dir='ltr'><strong>bumana</strong></span> <span class='ocrx_word' id='word_1_592' title='bbox 2092 2532 2160 2565; x_wconf 87' lang='lat' dir='ltr'><strong>cir-</strong></span> 
     </span>
     <span class='ocr_line' id='line_1_101' title="bbox 1178 2565 2160 2618; baseline 0.011 -21"><span class='ocrx_word' id='word_1_593' title='bbox 1178 2565 1394 2605; x_wconf 88' lang='lat' dir='ltr'><strong>cumserens,</strong></span> <span class='ocrx_word' id='word_1_594' title='bbox 1420 2572 1586 2609; x_wconf 86' lang='lat' dir='ltr'><strong>tanquam</strong></span> <span class='ocrx_word' id='word_1_595' title='bbox 1604 2567 1694 2602; x_wconf 87' lang='lat' dir='ltr'><strong>liber</strong></span> <span class='ocrx_word' id='word_1_596' title='bbox 1717 2576 1768 2604; x_wconf 91' lang='lat' dir='ltr'><strong>est</strong></span> <span class='ocrx_word' id='word_1_597' title='bbox 1790 2578 1824 2605; x_wconf 87' lang='lat' dir='ltr'><strong>et</strong></span> <span class='ocrx_word' id='word_1_598' title='bbox 1849 2578 2030 2618; x_wconf 88' lang='lat' dir='ltr'><strong>speculum</strong></span> <span class='ocrx_word' id='word_1_599' title='bbox 2056 2594 2160 2616; x_wconf 79' lang='lat' dir='ltr'><strong>mon-</strong></span> 
     </span>
     <span class='ocr_line' id='line_1_102' title="bbox 1178 2615 2161 2674; baseline 0.017 -26"><span class='ocrx_word' id='word_1_600' title='bbox 1178 2623 1293 2649; x_wconf 89' lang='lat' dir='ltr'><strong>strans</strong></span> <span class='ocrx_word' id='word_1_601' title='bbox 1311 2615 1437 2650; x_wconf 90' lang='lat' dir='ltr'><strong>Deum.</strong></span> <span class='ocrx_word' id='word_1_602' title='bbox 1465 2615 1533 2648; x_wconf 83' lang='lat' dir='ltr'><strong>Sed</strong></span> <span class='ocrx_word' id='word_1_603' title='bbox 1552 2617 1641 2651; x_wconf 90' lang='lat' dir='ltr'><strong>illud</strong></span> <span class='ocrx_word' id='word_1_604' title='bbox 1658 2620 1852 2656; x_wconf 89' lang='lat' dir='ltr'><strong>dolendum</strong></span> <span class='ocrx_word' id='word_1_605' title='bbox 1869 2633 1937 2666; x_wconf 91' lang='lat' dir='ltr'><strong>est,</strong></span> <span class='ocrx_word' id='word_1_606' title='bbox 1965 2626 2031 2663; x_wconf 91' lang='lat' dir='ltr'><strong>hoc</strong></span> <span class='ocrx_word' id='word_1_607' title='bbox 2047 2631 2161 2674; x_wconf 86' lang='lat' dir='ltr'><strong>ipsum</strong></span> 
     </span>
    </p>
   </div>
   <div class='ocr_carea' id='block_1_9' title="bbox 1180 2665 2164 2751">
    <p class='ocr_par' dir='ltr' id='par_1_31' title="bbox 1180 2665 2164 2751">
     <span class='ocr_line' id='line_1_103' title="bbox 1180 2665 2164 2751; baseline 0.015 -52"><span class='ocrx_word' id='word_1_608' title='bbox 1180 2665 1360 2710; x_wconf 88' lang='lat' dir='ltr'><strong>speculum</strong></span> <span class='ocrx_word' id='word_1_609' title='bbox 1387 2666 1583 2751; x_wconf 58' lang='lat' dir='ltr'><strong>squalligips</strong></span> <span class='ocrx_word' id='word_1_610' title='bbox 1609 2669 1740 2704; x_wconf 89' lang='lat' dir='ltr'><strong>factum</strong></span> <span class='ocrx_word' id='word_1_611' title='bbox 1764 2684 1856 2713; x_wconf 88' lang='lat' dir='ltr'><strong>esse,</strong></span> <span class='ocrx_word' id='word_1_612' title='bbox 1891 2685 2075 2724; x_wconf 83' lang='lat' dir='ltr'><strong>postquam</strong></span> <span class='ocrx_word' id='word_1_613' title='bbox 2099 2695 2164 2717; x_wconf 83' lang='lat' dir='ltr'><strong>na-</strong></span> 
     </span>
    </p>
   </div>
  </div>
 </body>
</html>
