2379 2948
138 115 212 152 797
594 113 641 151 ΙΙ.

239 200 341 236 Vidit
358 207 476 247 postea
487 197 611 236 Esaias
627 201 772 235 alteram
790 200 1010 235 obsidionem
1029 197 1126 233 Iero-

136 253 312 299 solymae,
347 265 427 287 cum
452 250 668 288 Senacherib
699 264 759 286 rex
787 250 973 297 Assyrius,
1009 251 1123 285 multo

135 304 315 350 potentior
330 311 440 349 patre,
467 310 597 338 vastata
615 314 740 346 magna
755 308 855 348 parte
872 301 1038 343 Iudaeae,
1066 314 1125 335 ac-

135 355 292 390 cessisset
308 357 350 389 ad
370 356 494 389 urbem
512 353 776 399 lerosolymam.
820 351 888 386 Hic
906 352 1019 387 valuit
1033 352 1123 387 Pro-

135 404 262 451 phetae
278 419 345 440 vox
363 413 396 440 et
413 405 619 445 consilium,
645 411 679 438 et
695 404 791 438 Deus
812 401 878 438 hac
899 403 1061 438 miranda
1077 404 1122 438 li-

133 458 317 493 beratione
332 455 573 491 testimonium
592 455 692 489 dedit
706 455 887 489 doctrinae
901 454 1037 488 Esaiae.

237 516 361 551 Postea
384 514 525 549 accessit
546 513 644 547 aliud
668 514 931 555 testimonium,
957 513 1123 549 videlicet

135 568 229 604 Solis
244 566 431 612 regressio,
458 571 491 599 et
505 571 782 600 consentaneum
801 572 851 600 est
868 565 904 598 in
921 571 992 600 tam
1016 566 1122 610 longa

133 618 390 665 gubernatione
405 616 535 650 multos
550 616 731 650 mirabiles
748 623 894 651 eventus
910 617 1018 651 fuisse
1035 629 1122 651 con-

135 671 298 705 siliorum
319 666 464 708 Esaiae,
498 679 587 713 quos
611 665 707 701 Deus
730 665 912 710 exhibuit,
947 675 980 702 et
1001 675 1042 703 ut
1065 669 1122 701 in-

134 729 229 757 terea
245 718 436 764 hospitium
456 715 635 752 Ecclesiae
651 716 706 753 his
721 719 878 753 consiliis
895 727 1062 760 servaret,
1089 726 1123 753 et

133 780 174 808 ut
189 771 387 806 ostenderet
403 781 478 803 non
496 781 569 804 esse
592 770 730 804 felicem
753 770 1046 814 gubernationem
1065 782 1122 804 so-

132 824 201 858 lius
216 820 392 856 humanae
409 820 622 866 sapientiae,
648 821 724 855 sine
742 833 827 855 voce
854 819 1061 866 prophetica
1089 828 1122 856 et

131 875 206 908 sine
228 873 450 907 invocatione
475 871 562 914 Dei,
587 879 622 908 et
648 879 686 907 ut
712 873 914 908 testimonia
940 872 1122 907 doctrinae

130 925 258 959 ederet.

232 982 324 1019 Cum
350 990 467 1019 autem
494 983 683 1018 dissimiles
711 995 808 1029 reges
840 982 1023 1026 habuerit,
1057 995 1121 1017 ne-

130 1047 223 1070 cesse
247 1042 299 1070 est
324 1048 405 1070 eum
429 1047 555 1079 magna
577 1035 734 1081 pericula
750 1042 784 1070 et
808 1036 999 1070 certamina
1016 1035 1121 1070 susti-

129 1087 260 1123 nuisse.
305 1084 382 1121 Etsi
398 1093 514 1121 autem
531 1087 575 1120 de
592 1094 707 1122 morte
722 1087 798 1121 eius
814 1085 907 1122 nihil
926 1094 1046 1121 narrat
1063 1084 1121 1119 hi-

129 1138 237 1173 storia
259 1138 298 1171 in
322 1138 424 1171 libris
448 1135 681 1182 propheticis,
708 1145 827 1173 tamen
847 1138 1007 1172 scribunt
1028 1135 1120 1182 Epi-

128 1188 284 1234 phanius
309 1196 342 1224 et
365 1188 625 1235 Hieronymus,
659 1201 678 1223 a
702 1200 781 1233 rege
812 1189 922 1234 impio
955 1188 1121 1223 Manasse

129 1240 354 1276 interfectum
379 1251 470 1281 esse,
497 1252 536 1274 ac
553 1251 647 1274 serra
665 1240 866 1276 dissectum.
919 1239 1040 1284 Quare
1057 1252 1120 1274 au-

129 1299 201 1326 tem
218 1298 252 1326 et
269 1297 341 1326 tota
357 1288 515 1325 Ecclesia
530 1291 687 1325 subiecta
704 1292 749 1325 sit
767 1291 880 1331 cruci,
907 1298 940 1325 et
955 1303 1017 1324 cur
1035 1291 1119 1324 velit

128 1343 228 1378 Deus
252 1353 408 1376 summos
425 1341 597 1376 Doctores
619 1342 794 1376 sustinere
817 1342 1017 1376 tristissima
1034 1353 1120 1386 sup-

127 1393 252 1439 plicia,
281 1404 385 1437 saepe
410 1392 496 1426 alias
521 1393 772 1436 exponendum
802 1399 864 1428 est.
917 1392 991 1426 Nos
1023 1393 1118 1426 enim

127 1445 205 1479 vult
225 1444 358 1478 similes
382 1443 459 1477 fieri
482 1443 652 1486 imagines
668 1442 753 1477 Filii
778 1443 852 1485 sui,
879 1450 911 1478 et
927 1443 990 1477 tali
1007 1449 1119 1477 morte

127 1495 247 1530 testari
272 1506 307 1529 se
328 1494 527 1529 doctrinam
551 1506 626 1528 non
651 1495 843 1539 voluptatis
865 1501 927 1528 aut
953 1493 1119 1528 utilitatis

129 1558 212 1581 suae
229 1557 331 1580 causa
348 1545 528 1591 profiteri,
555 1557 620 1579 nec
637 1545 838 1580 simulatam
854 1557 926 1579 esse
944 1545 1120 1579 assensio-

128 1610 230 1639 nem,
269 1598 331 1631 sed
363 1609 444 1630 cum
479 1596 736 1630 confessionem
772 1597 866 1631 vitae
900 1597 1120 1638 anteferunt,

128 1649 326 1690 ostendere,
353 1659 388 1682 se
404 1659 485 1681 vere
499 1647 625 1681 timere
641 1647 813 1681 iudicium
829 1647 907 1690 Dei,
933 1659 973 1682 ac
988 1647 1119 1682 sentire

128 1712 211 1735 vera
231 1711 303 1734 esse
321 1710 411 1745 quae
427 1699 566 1734 docent.

231 1765 412 1800 Hactenus
437 1765 480 1799 de
498 1771 656 1810 tempore
674 1764 767 1807 dixi,
794 1777 864 1811 quo
881 1764 969 1800 vixit
983 1763 1119 1800 Esaias.

128 1818 233 1853 Nunc
248 1819 292 1852 de
308 1824 381 1852 toto
399 1828 526 1861 genere
544 1817 727 1851 doctrinae
744 1816 935 1850 dicendum
954 1823 1017 1858 est,
1033 1827 1119 1861 quas

128 1869 294 1905 materias
314 1867 475 1902 docuerit
491 1874 526 1902 et
541 1867 792 1909 illustraverit,
818 1874 859 1901 ut
875 1867 986 1911 ipsius
1003 1867 1119 1912 operis

128 1926 376 1966 argumentum
401 1924 573 1953 teneatur.
627 1917 708 1954 Una
732 1926 765 1954 et
785 1924 954 1963 perpetua
977 1931 1045 1952 vox
1068 1925 1118 1952 est

128 1971 318 2007 ministerii
349 1969 560 2014 evangelici,
594 1969 680 2004 inde
709 1981 822 2016 usque
846 1982 864 2003 a
895 1970 1011 2014 prima
1034 1981 1120 2003 con-

130 2023 232 2058 cione
261 2029 340 2068 post
376 2022 514 2067 lapsum
543 2018 663 2060 Adae,
706 2020 871 2055 videlicet
902 2020 1118 2065 praedicatio

131 2072 387 2120 poenitentiae,
412 2083 564 2116 arguens
587 2078 788 2117 peccatum,
822 2078 857 2106 et
881 2072 1010 2106 deinde
1035 2084 1119 2117 pro-

130 2124 251 2159 missio
267 2123 484 2158 remissionis
499 2130 724 2168 peccatorum
742 2130 776 2158 et
792 2123 1101 2158 reconciliationis.

235 2182 356 2227 Quare
391 2182 602 2228 praecipuae
633 2183 824 2217 conciones
854 2183 892 2217 in
916 2180 1021 2217 Esaia
1052 2179 1120 2216 hae

132 2240 235 2277 sunt,
260 2234 483 2279 gravissimae
500 2234 739 2269 accusationes
756 2241 979 2280 peccatorum
995 2234 1119 2268 multi-

132 2287 280 2334 plicium
292 2312 302 2327 ,
328 2292 362 2319 et
377 2291 490 2319 certae
505 2285 764 2330 praedictiones
787 2283 1017 2320 horribilium
1035 2297 1121 2330 poe-

132 2349 273 2373 narum.
326 2333 375 2371 Et
391 2341 533 2369 econtra
550 2337 821 2379 consolationes,
847 2348 938 2383 quae
954 2342 1120 2381 repetunt

132 2397 166 2425 et
181 2389 362 2423 illustrant
377 2385 646 2432 promissionem
660 2389 704 2422 de
721 2387 864 2429 Messia,
891 2394 925 2423 et
941 2388 1120 2422 affirmant

132 2440 266 2475 remitti
291 2444 430 2484 peccata
455 2437 641 2481 agentibus
665 2439 939 2484 poenitentiam,
965 2445 1000 2474 et
1018 2450 1120 2473 man-

134 2503 252 2527 suram
275 2501 347 2524 esse
361 2487 576 2528 Ecclesiam,
602 2496 750 2524 narrant
772 2491 892 2537 quales
915 2491 1029 2526 futuri
1049 2490 1121 2527 sint

133 2543 245 2578 exitus
263 2541 514 2576 calamitatum.

233 2602 303 2637 Hic
320 2601 527 2635 inseruntur
541 2599 708 2634 vaticinia
724 2601 768 2634 de
782 2602 976 2636 multorum
992 2614 1122 2647 regno-

135 2665 216 2688 rum
233 2652 436 2693 eversione,
461 2662 551 2697 quae
569 2658 715 2696 propter
731 2652 819 2686 duas
833 2664 953 2687 causas
969 2653 1121 2688 recitan-

135 2711 205 2741 tur.
256 2703 417 2739 Primum
430 2709 470 2738 ut
485 2699 664 2738 Ecclesiae
681 2702 876 2739 consolatio
892 2710 1123 2749 proponatur,

694 110 1062 150 ARGUMENTUM
1090 111 1141 147 IN
1166 108 1358 146 ESAIAM
1384 107 1714 147 PROPHETAM.

2096 105 2171 142 798

1178 209 1224 231 ne
1249 196 1421 231 existimet
1442 196 1518 231 Deo
1535 196 1646 241 magis
1671 195 1809 242 placere
1827 193 1990 228 florentia
2007 193 2165 238 imperia,

1178 260 1269 295 quae
1298 248 1495 282 defendunt
1525 247 1639 290 idola,
1680 257 1787 293 quam
1820 243 1916 280 hunc
1948 256 2096 290 parvum
2130 251 2164 278 et

1176 310 1428 334 aerumnosum
1444 306 1580 333 coetum
1597 299 1777 333 custodem
1796 296 1979 331 doctrinae
1995 295 2162 329 coelestis

1175 350 1300 385 Altera
1333 361 1435 384 causa
1459 356 1529 391 est,
1563 356 1602 383 ut
1623 347 1689 383 hae
1714 349 1809 394 ipsae
1837 347 2096 393 praedictiones
2119 346 2162 378 de

1175 401 1290 436 ruinis
1307 408 1342 436 et
1359 401 1578 435 successione
1595 399 1825 444 imperiorum
1841 405 2012 433 testentur
2029 395 2163 431 doctri-

1175 465 1258 487 nam
1273 449 1535 497 Prophetarum
1550 462 1688 492 veram‚
1715 457 1749 484 et
1764 462 1783 484 a
1799 448 1875 484 Deo
1891 449 2057 484 traditam
2076 459 2161 482 esse.

1175 503 1267 539 Cum
1283 504 1378 537 enim
1396 503 1613 547 respondent
1635 508 1798 542 eventus,
1825 501 1886 546 qui
1907 513 1926 535 a
1949 500 2048 534 nulla
2066 511 2163 534 crea-

1175 562 1254 590 tura
1268 554 1423 600 prospici
1436 560 1610 599 poterant,
1631 551 1856 586 manifestum
1873 559 1924 586 est
1938 549 2041 585 aDeo
2058 561 2162 584 mon-

1176 613 1302 641 stratos
1319 617 1411 647 esse,
1438 612 1470 640 et
1488 616 1610 639 vocem
1627 600 1887 648 Prophetarum
1906 601 2064 635 divinam
2075 612 2160 635 esse.

1177 657 1252 692 lmo
1268 657 1367 691 nulla
1386 656 1548 691 doctrina
1562 655 1672 690 ullius
1687 654 1800 699 gentis
1818 660 1877 687 aut
1893 651 2075 695 religionis
2092 663 2161 685 un-

1176 721 1280 755 quam
1299 709 1424 742 seriem
1447 704 1737 741 monarchiarum
1760 705 1808 740 ita
1831 703 2011 748 complexa
2029 709 2090 743 est,
2116 701 2163 735 si-

1177 767 1234 794 cut
1256 760 1365 794 solius
1381 757 1560 793 Ecclesiae
1583 757 1758 793 doctrina.
1811 754 1889 789 Hoc
1908 754 2009 798 signo
2034 753 2163 787 confir-

1175 823 1334 853 mamur,
1360 818 1399 846 ut
1420 810 1499 844 aliis
1524 808 1724 850 miraculis,
1749 813 1789 841 ut
1806 805 1942 840 firmius
1958 811 2162 843 statuamus,

1175 862 1373 896 doctrinam
1389 859 1567 895 Ecclesiae
1582 872 1601 895 a
1615 859 1692 893 Deo
1710 858 1876 893 traditam
1895 868 1978 891 esse.

1276 920 1349 955 Nec
1366 921 1404 954 in
1421 920 1644 955 accusatione
1660 924 1883 964 peccatorum
1903 922 2057 960 arguunt
2074 914 2163 948 Pro-

1174 970 1302 1019 phetae
1323 978 1462 1006 tantum
1484 972 1633 1013 scelera,
1660 982 1749 1016 quae
1772 966 1928 1002 humana
1950 967 2040 1001 ratio
2066 965 2163 1000 iudi-

1175 1036 1254 1059 care
1277 1029 1408 1069 potest,
1434 1029 1474 1057 ut
1489 1022 1700 1067 tragoediae.
1752 1018 1830 1054 Etsi
1854 1019 1950 1053 enim
1971 1018 2089 1063 aliqua
2115 1023 2165 1050 est

1174 1075 1371 1110 similitudo
1402 1072 1693 1119 propheticorum
1727 1071 1941 1116 scriptorum
1971 1075 2004 1103 et
2026 1075 2163 1111 tragoe-

1175 1127 1333 1168 diarum,
1359 1132 1479 1160 tamen
1496 1125 1622 1168 ingens
1639 1122 1830 1157 discrimen
1847 1128 1910 1156 est.
1963 1116 2163 1164 Prophetae

1174 1184 1294 1213 taxant
1313 1177 1459 1211 vitiosos
1480 1176 1596 1211 cultus
1619 1174 1707 1216 Dei,
1734 1180 1768 1208 et
1788 1172 1959 1207 interiora
1979 1170 2072 1204 mala
2095 1167 2164 1202 hu-

1174 1229 1270 1262 mani
1286 1228 1422 1267 cordis,
1449 1227 1709 1271 ignorationem
1727 1223 1814 1265 Dei,
1839 1222 2063 1257 securitatem
2086 1232 2164 1253 car-

1173 1280 1309 1321 nalem,
1337 1277 1561 1325 hypocrisin,
1587 1276 1753 1310 fiduciam
1769 1274 1935 1319 propriae
1958 1271 2162 1317 sapientiae,

1174 1331 1351 1371 iusticiae‚
1377 1329 1556 1374 potentiae
1573 1335 1607 1363 et
1625 1327 1694 1361 alia
1715 1337 1843 1360 arcana
1860 1323 1959 1360 vitia.

1276 1398 1462 1432 Differunt
1505 1396 1611 1430 etiam
1651 1392 1912 1439 praedictiones
1954 1402 2163 1436 poenarum.

1174 1449 1392 1493 Tragoediae
1418 1447 1659 1481 vaticinantur
1681 1458 1720 1479 ex
1745 1442 1928 1479 communi
1954 1442 2045 1485 lege,
2072 1452 2162 1487 quae

1172 1502 1324 1535 affirmat
1346 1499 1477 1534 atrocia
1500 1498 1630 1532 scelera
1660 1495 1783 1542 puniri
1811 1494 2056 1539 praesentibus
2078 1503 2164 1540 poe-

1173 1552 1244 1586 nis:
1286 1552 1346 1586 sed
1372 1547 1571 1595 Prophetae
1588 1548 1775 1594 aliquoties
1789 1547 1936 1581 modum
1951 1551 1985 1580 et
2003 1552 2163 1589 tempora

1174 1615 1368 1649 poenarum
1391 1601 1611 1647 praedicunt.

1274 1662 1455 1698 Differunt
1479 1667 1512 1695 et
1537 1659 1797 1705 Prophetarum
1827 1656 1956 1701 scripta
1980 1667 2000 1689 a
2025 1661 2162 1699 tragoe—

1173 1713 1242 1751 diis
1263 1712 1525 1755 consolatione,
1558 1711 1642 1757 quia
1667 1710 1705 1744 in
1738 1707 1928 1754 tragoediis
1958 1713 2020 1741 aut
2042 1706 2162 1740 nullae

1173 1764 1434 1800 consolationes
1457 1768 1727 1808 proponuntur,
1752 1767 1813 1795 aut
1838 1765 1976 1794 tantum
2001 1755 2161 1802 philoso-

1173 1814 1308 1862 phicae,
1327 1826 1417 1861 quae
1434 1826 1509 1847 non
1525 1813 1719 1847 ostendunt
1733 1811 1917 1851 auxilium,
1943 1820 2007 1843 nec
2024 1808 2162 1849 dicunt,

1173 1867 1352 1914 quomodo
1370 1873 1431 1901 aut
1447 1864 1590 1911 quando
1607 1863 1750 1908 penitus
1765 1862 1912 1897 tollatur
1926 1860 2072 1900 malum,
2100 1859 2159 1892 sed

1173 1919 1297 1953 iubent
1315 1917 1496 1950 moderate
1509 1914 1595 1949 ferri
1611 1915 1764 1950 dolores.
1806 1911 1855 1947 At
1870 1911 1909 1945 in
1927 1910 2161 1945 concionibus

1172 1967 1433 2015 Prophetarum
1455 1972 1682 2011 exponuntur
1705 1975 1847 2005 causae,
1871 1973 1980 2009 quare
2002 1959 2161 1995 Ecclesia

1173 2021 1269 2055 cruci
1291 2020 1447 2054 subiecta
1472 2018 1533 2059 sit,
1560 2023 1594 2051 et
1615 2017 1799 2050 adduntur
1823 2013 2083 2048 consolationes
2100 2023 2162 2045 ve-

1153 2086 1156 2090 ·
1173 2084 1232 2106 rae
1253 2078 1286 2106 et
1310 2071 1485 2109 efficaces,
1512 2067 1681 2103 recitatur
1695 2074 1730 2102 et
1749 2066 1949 2101 illustratur
1971 2062 2160 2109 promissio

1172 2124 1216 2158 de
1234 2122 1445 2163 Mediatore,
1470 2121 1515 2154 de
1530 2118 1739 2154 remissione
1754 2123 1991 2163 peccatorum,
2016 2115 2060 2148 de
2074 2124 2161 2147 con·-

1173 2173 1372 2209 servatione
1393 2170 1590 2212 Ecclesiae,
1612 2171 1657 2204 de
1679 2168 1876 2215 praesentia
1892 2166 1960 2202 Dei
1984 2165 2022 2198 in
2035 2162 2160 2199 Eccle-

1172 2227 1242 2267 sia,
1274 2223 1493 2259 exaudientis
1515 2233 1581 2256 nos
1601 2228 1637 2256 et
1659 2219 1854 2265 mitigantis
1876 2227 2007 2263 poenas
2033 2215 2071 2249 in
2093 2212 2159 2249 hac

1172 2278 1263 2318 vita,
1286 2283 1327 2311 ut
1349 2281 1463 2310 servet
1487 2271 1701 2313 Ecclesiam,
1728 2278 1760 2306 et
1783 2271 1826 2304 de
1849 2267 2043 2303 donatione
2066 2266 2158 2301 vitae

1173 2335 1207 2363 et
1236 2327 1369 2372 gloriae
1406 2332 1587 2366 aeternae,
1628 2323 1666 2356 in
1698 2334 1767 2368 qua
1801 2331 1945 2366 prorsus
1981 2318 2159 2353 tolluntur

1173 2379 1294 2415 omnia
1315 2378 1419 2412 mala.

1275 2446 1366 2483 Cum
1397 2451 1513 2480 autem
1541 2441 1680 2487 singula
1710 2439 1868 2474 membra
1890 2436 2071 2474 Ecclesiae
2092 2434 2161 2471 Dei

1173 2509 1315 2534 necesse
1331 2497 1375 2532 sit
1388 2504 1507 2532 tenere
1523 2494 1813 2530 fundamentum,
1841 2490 1879 2524 id
1895 2497 1964 2532 est,
1990 2488 2159 2524 articulos

1173 2550 1255 2585 fidei
1272 2561 1414 2589 omnes,
1440 2545 1640 2592 quaerenda
1661 2549 1744 2577 sunt
1760 2542 1804 2576 de
1827 2541 1978 2584 singulis
2000 2539 2160 2575 articulis

1173 2599 1432 2646 Prophetarum
1455 2595 1674 2636 testimonia,
1708 2600 1742 2628 et
1765 2593 1859 2638 apud
1881 2591 2043 2631 Esaiam,
2078 2602 2160 2625 cum

1174 2653 1219 2688 sit
1249 2651 1429 2697 copiosus,
1468 2652 1587 2682 extant
1617 2644 1889 2691 praecipuorum
1929 2642 2161 2679 articulorum

1173 2703 1335 2739 omnium
1351 2698 1504 2735 illustria
1522 2696 1738 2734 testimonia.
