2379 2948
229 127 322 164 1359

305 210 449 244 'escator
473 205 626 243 ridebit,
669 209 699 238 e!
723 203 916 239 irascetur:
951 200 1118 237 dentibus
1139 200 1218 236 suis

323 261 477 309 fremet,
505 263 534 291 ct
553 256 725 294 tabescet,
754 260 815 290 etc.

332 334 527 372 Antithesis
550 333 669 366 addita
692 337 740 364 est
758 331 801 364 de
819 330 956 374 impiis,
982 341 1070 375 quae
1088 335 1120 362 et
1137 340 1220 372 pro-

233 390 338 424 mittit
365 387 431 431 piis
453 384 698 417 liberationem
716 388 748 414 et
768 381 1056 425 glorificationem
1070 407 1079 418 ,
1106 386 1139 413 et
1154 379 1220 412 im-

234 443 302 485 piis
325 436 495 483 praedicit
519 445 659 479 poenas.
712 430 775 466 Est
800 438 914 465 autem
941 430 1098 475 opposita
1121 441 1220 462 scan-

237 492 336 525 dalo,
365 488 459 533 quod
484 492 618 518 exercet
642 484 821 524 infirmos,
848 495 928 516 cum
952 482 1073 514 vident
1091 480 1222 525 impiis,

237 540 396 576 ivrannis
426 544 458 570 et
486 535 699 582 hypocritis,
733 535 792 578 qui
819 538 1078 577 persequuntur
1100 529 1223 565 Eccle-

238 583 323 625 siam
336 618 344 628 ,
373 591 460 622 bene
478 598 569 625 esse,
596 593 629 619 et
646 596 704 618 eos
721 586 846 618 ssorere
864 584 901 616 in
918 583 1072 621 mundo,
1099 593 1138 615 ac
1153 581 1223 615 frui

239 642 405 675 omuibus
429 637 624 672 commodis
640 642 704 670 etc.
757 634 846 669 Cum
864 634 1004 668 interim
1021 633 1070 676 pii
1087 633 1224 666 duriter

241 697 466 725 merceantur
495 689 560 721 sub
590 698 692 721 cruce
717 693 749 719 et
770 684 1040 724 afflictionibus,
1076 683 1223 716 subiecti

242 741 501 777 calamitatibus
524 746 557 772 et
582 737 759 771 aerumnis
776 737 891 769 omnis
909 734 1064 778 generis,
1089 746 1154 767 nec
1171 734 1224 766 vi-

242 796 371 827 dentur
389 798 533 823 eventus
550 789 762 833 respondere
778 794 846 820 tam
865 784 1059 828 magnificis
1075 784 1225 828 promis-

243 844 422 877 sionibus,
450 841 568 885 quales
590 850 692 882 supra
712 837 838 881 posuit.
893 835 1022 869 Contra
1042 832 1109 867 hoc
1127 846 1226 868 scan-

243 895 363 927 dalum
393 903 490 934 saepe
520 890 691 932 scriptura
721 887 837 921 munit
866 893 899 920 et
927 892 1041 918 armat
1067 885 1160 929 pios,
1195 892 1228 919 et

243 951 322 978 sunt
350 942 415 976 lior
439 946 644 983 argumento
668 938 794 981 integri
813 936 941 970 Psalmi
959 935 1034 970 36.;
1062 935 1146 970 Noti
1170 948 1227 969 ae-

242 994 372 1029 mulari
394 999 478 1032 etc„
508 998 540 1024 et
559 989 634 1023 72:
665 988 780 1031 Quam
799 989 914 1022 bonus
934 986 1050 1021 Israel.

347 1069 398 1103 Ita
422 1067 480 1102 hic
501 1077 621 1100 versus
645 1065 830 1098 confirmat
851 1064 948 1109 pios,
975 1076 1018 1097 ne
1034 1064 1098 1097 ista
1116 1064 1229 1107 specie

246 1121 421 1160 scandali,
456 1117 671 1151 incurrentis
692 1116 729 1148 in
753 1116 890 1155 ocutos,
918 1121 1148 1155 moveantur,
1176 1115 1230 1147 vi-

245 1174 369 1207 delicet
395 1170 488 1215 quod
510 1168 673 1202 differtur
690 1166 852 1199 liberatio
865 1192 873 1206 ‚
903 1172 935 1199 et
951 1165 1051 1209 impii
1069 1165 1230 1210 aliquan-

246 1225 308 1256 (liu
327 1223 448 1255 florent
470 1227 503 1253 et
521 1215 755 1262 triumphant.
807 1216 875 1250 Sed
891 1216 1004 1249 sciant-
1018 1215 1132 1249 Deum
1151 1223 1230 1249 tan-

246 1277 324 1307 dem
345 1273 574 1305 liberaturum
591 1276 623 1303 et
639 1268 913 1311 glorificaturum
934 1278 1005 1299 esse
1021 1268 1115 1310 pios,
1142 1267 1230 1300 sicut

246 1324 421 1369 promisit,
444 1329 475 1355 et
494 1327 692 1353 sumturum
707 1329 837 1362 poenas
849 1318 1032 1362 deimpiis.
1061 1317 1128 1351 Sed
1143 1317 1230 1350 sicut

247 1387 348 1418 saepe
377 1375 509 1407 dictum
536 1378 606 1411 est,
633 1369 882 1413 promissiones
908 1368 1087 1413 requirere
1113 1368 1230 1410 fidem,

247 1438 312 1460 nec
335 1425 401 1457 nisi
427 1424 494 1456 fide
515 1418 729 1465 apprehendi
746 1430 860 1463 posse:
890 1419 938 1453 ita
954 1419 1103 1451 sciamus
1119 1425 1153 1452 et
1169 1416 1230 1451 has

249 1475 439 1509 sententias
462 1474 505 1506 de
530 1471 651 1516 poenis
674 1470 864 1513 impiorum
882 1469 949 1502 fide
964 1470 1132 1502 tenendas
1148 1479 1231 1508 esse,

247 1539 312 1560 nec
339 1524 565 1558 iudicandum
590 1534 629 1554 ex
645 1519 886 1564 praesentibus
904 1519 1105 1560 eventibus,
1133 1519 1230 1565 quod

247 1578 296 1622 pii
329 1576 551 1618 affliguntur,
586 1584 648 1604 uec
680 1572 823 1614 adparet
853 1569 1031 1609 liberatio,
1067 1576 1098 1602 et
1129 1569 1229 1612 impii

246 1633 398 1673 pergunt
420 1626 553 1662 furere,
580 1623 668 1661 imo,
698 1628 864 1665 tanquam
888 1620 955 1652 iam
974 1617 1229 1663 triumphatum

248 1679 289 1711 sit
325 1679 367 1710 de
396 1677 477 1719 piis,
512 1674 614 1706 etiam
646 1672 770 1704 acerbe
794 1670 984 1710 insultant,
1019 1676 1052 1702 et
1076 1670 1232 1703 illudunt

245 1729 348 1772 ipsis,
381 1727 470 1760 sicut
493 1722 674 1758 Christum
702 1721 858 1754 afficiunt
884 1720 1114 1754 acerbissimis
1139 1721 1232 1753 blas-

246 1778 397 1824 phemiis
415 1778 451 1809 in
469 1786 588 1814 cruce,
613 1780 645 1807 et
663 1773 699 1805 in
718 1771 865 1804 Psalmis
884 1771 1132 1804 describuntur
1148 1771 1232 1804 tales

245 1841 367 1863 voces.
396 1827 490 1859 velut
507 1821 814 1867 triumphantium,
843 1829 880 1855 ut
896 1820 1097 1855 Psalm.34:
1124 1821 1231 1864 Euge,

248 1892 349 1916 cuge.
376 1879 540 1910 viderunt
558 1875 652 1908 oculi
673 1873 784 1906 nostri
805 1879 867 1906 etc.
921 1871 988 1905 Sed
1010 1878 1149 1905 econtra
1166 1872 1231 1904 fide

248 1917 473 1964 statuendum
499 1934 566 1966 est,
593 1924 751 1970 quamvis
778 1923 940 1956 differtur
967 1923 1128 1956 liberatio
1152 1922 1232 1964 pio-

247 1994 345 2015 rum.
383 1987 413 2012 et
438 1978 629 2021 impiorum
655 1986 782 2018 poena:
811 1980 928 2007 tamen
954 1980 1046 2006 certo
1071 1974 1231 2006 futurum

247 2044 337 2068 osse,
365 2028 508 2063 utDeus
525 2027 647 2070 puniat
663 2025 807 2069 impios,
836 2024 1035 2066 glorificatis
1051 2024 1127 2068 piis.
1181 2023 1232 2056 lta

246 2084 314 2115 faie
339 2077 655 2124 apprehendendae
680 2082 711 2108 et
737 2081 829 2108 certo
854 2075 1024 2107 tenendae
1052 2082 1133 2108 sunt
1152 2086 1232 2118 pro-

246 2133 450 2169 missiones,
479 2136 664 2173 antequam
683 2132 825 2159 eventus
843 2132 1001 2168 apparet,
1030 2132 1060 2158 et
1077 2132 1232 2158 statuen-

248 2187 332 2217 dum
345 2210 352 2218 ,
381 2182 474 2226 quod
493 2179 588 2214 Deus
605 2189 684 2210 vere
701 2177 743 2210 sit
759 2182 959 2209 servaturus
978 2176 1161 2219 promissa,
1189 2176 1233 2208 ti-

246 2237 433 2268 lieraturus
458 2231 551 2275 pios,
580 2235 611 2261 et
630 2228 819 2272 puniturus
837 2226 981 2269 impios,
1010 2239 1071 2259 nec
1092 2237 1232 2259 movea-

246 2298 328 2318 ntur
352 2282 541 2316 scandalis.
570 2280 702 2312 etiamsi
726 2277 933 2322 aliquandiu
959 2277 1121 2309 differtur
1146 2277 1232 2309 libe-

248 2336 337 2369 retio
352 2362 359 2374 ,
388 2341 420 2367 et
437 2344 536 2375 saepe
557 2330 683 2363 dix-ersi
702 2329 811 2362 exitus
830 2334 1014 2371 apparent,
1043 2328 1135 2373 quod
1154 2339 1232 2359 san-

249 2387 293 2419 cti
321 2385 547 2422 occiduntur,
580 2393 642 2414 nec
666 2381 830 2412 videntur
855 2378 1030 2411 consecuti
1057 2389 1127 2410 esse
1151 2390 1233 2421 pro-

249 2438 364 2470 wisza.
419 2434 516 2468 Sicut
540 2431 640 2465 multi
667 2443 706 2463 ex
732 2429 873 2468 sanctis,
906 2436 944 2462 ut
966 2428 1100 2467 David,
1128 2428 1233 2473 Moy·
1259 2462 1260 2469 ἵ

823 97 1094 153 mauman.
1121 113 1331 152 semem
1359 111 1659 150 EXEGETmA.

250 2498 322 2521 ses,
352 2485 477 2522 etalii,
505 2484 566 2515 diu
587 2482 838 2515 exercebantur
856 2480 1126 2517 afflictionibus,
1155 2480 1233 2524 qui-
1259 2479 1260 2490 ¹

249 2540 329 2568 <lam
349 2536 452 2568 etiam
470 2533 625 2578 oppressi
644 2539 675 2565 et
692 2530 863 2563 interfecti
881 2537 961 2562 sunt
979 2532 1022 2563 ab
1040 2531 1174 2574 impiis,
1202 2536 1234 2563 et
1258 2542 1261 2563 t

250 2596 367 2620 tamen
394 2586 459 2617 fide
485 2590 672 2617 tenuerunt
700 2580 967 2625 promissiones.
992 2581 1065 2613 fore
1084 2588 1120 2614 ut
1140 2580 1234 2613 Deus
1259 2577 1261 2590 “

248 2636 439 2680 aliquando
466 2635 673 2676 glorificaret
696 2634 807 2676 ipsos,
844 2638 875 2664 et
900 2632 1082 2676 delimpiis
1107 2643 1234 2675 poenas
1259 2651 1261 2678 ἱ

249 2693 392 2721 urserat.
450 2684 509 2718 Sic
537 2696 617 2727 ergo
644 2691 675 2718 et
704 2694 766 2716 nos
791 2682 1065 2725 complectamur
1085 2682 1234 2726 promis·
1259 2679 1262 2717 l

2155 115 2253 151 1360

1270 201 1386 235 siones
1424 200 1503 234 fide.
1552 199 1700 234 Etiamsi
1736 205 1880 244 propter
1907 196 2139 243 Evangelium
2171 208 2252 235 sunt

1271 252 1435 286 obeunda
1452 250 1606 296 pericula
1625 249 1741 284 omnis
1758 250 1914 294 generis,
1941 250 2100 284 videmus
2115 259 2252 286 sanctos

1272 303 1410 338 duriter
1432 302 1584 335 exerceri
1608 308 1713 346 atque
1733 301 1860 344 affligi,
1885 301 1932 334 ita
1950 307 1989 335 ut
2005 308 2170 345 appareat
2185 300 2253 336 Ec-

1273 354 1412 387 clesiam
1426 353 1682 397 propemodum
1699 363 1900 396 oppressam
1917 362 2007 392 esse,
2033 358 2148 386 tamen
2165 352 2253 385 scia-

1273 416 1350 438 mus
1366 402 1481 437 Deum
1505 404 1645 437 tandem
1668 403 1898 436 liberaturum
1924 409 1956 435 ct
1978 402 2254 445 glorificaturum

1274 467 1346 489 esse
1365 466 1445 488 suos
1457 481 1464 494 ,
1491 461 1525 487 et
1542 454 1671 499 impios
1689 454 1832 487 daturos
1848 465 1920 486 esse
1936 465 2075 497 poenas.

1374 503 1438 538 Est
1469 505 1576 548 igitur
1607 504 1798 538 consolatio
1829 504 2005 548 proposita
2035 503 2102 547 piis
2128 504 2165 536 in
2188 500 2256 537 hoc

1275 566 1396 595 versu,
1422 561 1462 588 ut
1484 555 1595 588 sciant
1613 554 1726 588 Deum
1749 555 1995 598 praestiturum
2018 565 2089 588 esse
2107 554 2256 598 promis-

1277 618 1332 649 sa,
1358 612 1391 639 et
1409 612 1552 639 eventus
1570 605 1663 638 iuxta
1680 605 1947 648 promissionem
1965 611 2060 639 certo
2078 611 2257 638 secuturos

1276 668 1364 697 esse,
1397 656 1456 689 sed
1479 656 1548 694 ita,
1577 662 1616 689 ut
1640 656 1737 700 prius
1760 656 1827 689 fide
1849 653 2054 689 haereamus
2075 656 2112 688 in
2136 656 2258 694 verbo,

1277 714 1466 751 antequam
1497 713 1641 740 eventus
1667 713 1828 750 apparet,
1863 713 1896 740 et
1918 713 2135 750 expectemus
2159 706 2258 739 auxi-

1277 758 1365 791 lium
1392 756 1477 796 Dei,
1507 757 1601 791 iuxta
1626 757 1736 801 ipsius
1761 757 1996 796 voluntatem,
2022 769 2135 802 neque
2158 767 2260 801 prae-r

1279 808 1462 842 stituamus
1487 808 1554 852 ipsi
1577 810 1746 850 modum,
1780 813 1840 840 aut
1863 814 2014 852 tempus:
2047 809 2106 841 sed
2129 807 2258 841 exitum

1279 858 1540 892 committamus
1558 859 1667 903 ipsius
1684 858 1830 891 consilio
1842 885 1850 898 ,
1875 865 1912 891 ut
1930 870 1992 902 pro
2011 870 2071 892 sua
2089 857 2260 902 sapientia

1280 910 1450 953 gubernet
1478 916 1632 944 eventus.
1701 909 1753 942 Ac
1782 908 1942 941 Psalmus
1973 909 2156 942 confirmat
2185 908 2260 952 pios

1280 960 1384 994 etiam
1408 961 1450 993 de
1472 960 1645 1004 praesenti
1666 959 1875 993 liberatione
1897 959 1935 992 in
1953 956 2017 992 hac
2033 960 2124 1000 vita,
2148 965 2182 993 et
2196 959 2261 992 do-

1282 1017 1334 1044 cet
1359 1011 1453 1055 quod
1474 1010 1571 1045 Deus
1597 1010 1808 1044 mirabiliter
1831 1010 1875 1044 sit
1896 1009 2152 1053 glorificaturus
2174 1009 2260 1053 pios,

1282 1062 1508 1106 quantumvis
1530 1061 1729 1095 furentibus
1755 1060 1890 1104 impiis,
1918 1067 1957 1094 ut
1980 1060 2083 1094 etiam
2107 1060 2211 1094 inviti
2229 1067 2262 1093 et

1281 1113 1410 1145 frustra
1443 1119 1678 1156 repugnantes
1710 1112 1935 1156 experiantur
1957 1110 2072 1144 Deum
2093 1111 2263 1154 respicere

1283 1170 1315 1196 et
1340 1163 1506 1196 adiuvare
1530 1163 1627 1207 pios,
1655 1168 1686 1195 et
1706 1174 1740 1195 se
1755 1162 1925 1196 divinitus
1944 1161 2079 1205 puniri:
2107 1169 2140 1195 et
2153 1161 2264 1204 signi-

1282 1213 1425 1247 ficanter
1448 1213 1657 1247 describitur
1678 1213 1896 1246 incredibilis
1914 1213 2014 1245 suror
2031 1218 2064 1245 et
2082 1209 2263 1245 horribilis

1282 1264 1442 1297 fremitus
1465 1265 1674 1308 impiorum,
1702 1264 1831 1308 quibus
1854 1263 2054 1297 cruciantur
2078 1262 2264 1305 flagrantes

1283 1314 1430 1347 immani
1461 1315 1543 1348 odio
1568 1321 1601 1348 et
1624 1314 1806 1348 iracundia
1828 1315 1993 1347 adversus
2016 1311 2206 1347 Ecclesiam
2230 1319 2264 1346 et

1264 1365 1379 1409 'pios‚
1408 1371 1440 1398 et
1463 1365 1719 1398 incredibiliter
1741 1365 1862 1397 dolore
1879 1370 2033 1397 uruntur
2052 1370 2083 1396 et
2100 1363 2264 1407 indigna-

1282 1416 1398 1456 tione,
1432 1427 1510 1448 cum
1541 1415 1662 1448 vident
1685 1414 1855 1448 divinitus
1879 1414 2039 1447 adiuvari
2061 1412 2262 1455 Ecclesiam,

1284 1472 1316 1499 et
1339 1477 1419 1498 suos
1442 1473 1587 1499 conatus
1610 1465 1729 1499 irritos
1747 1476 1829 1498 esse.
1882 1463 1977 1497 Haec
1992 1465 2065 1508 ipsa
2083 1471 2131 1497 est
2148 1462 2265 1498 horri-

1283 1516 1365 1549 bilis
1384 1528 1496 1559 poena
1515 1518 1551 1548 in
1568 1516 1703 1560 impiis,
1734 1516 1856 1548 ardere
1874 1514 2088 1558 implacabili
2105 1515 2206 1556 odio,
2233 1523 2265 1549 et

1284 1567 1335 1599 ira
1357 1568 1521 1600 adversus
1546 1566 1640 1609 pios,
1674 1577 1762 1610 quae
1786 1565 1928 1598 tandem
1951 1565 2035 1609 ipsis
2059 1566 2172 1599 adfert
2194 1566 2262 1599 exi-

1283 1617 1393 1657 tium,
1421 1617 1503 1661 quia
1527 1629 1567 1650 eo
1592 1616 1702 1658 magis
1723 1616 1924 1649 accenditur
1943 1616 2084 1657 odium,
2111 1628 2180 1661 quo
2199 1616 2266 1649 mi-

1284 1679 1350 1700 nus
1377 1667 1498 1701 vident
1521 1679 1592 1700 sese
1615 1667 1766 1706 efficere,
1794 1678 1857 1699 nec
1881 1673 1997 1700 tamen
2020 1667 2185 1701 desinunt
2209 1667 2266 1701 fu-

1284 1729 1361 1751 rere
1391 1725 1424 1751 et
1455 1729 1613 1751 exercere
1638 1718 1835 1757 saevitiam,
1869 1719 1985 1761 quoad
2008 1723 2112 1751 ruant
2134 1718 2171 1750 in
2194 1718 2266 1751 exi-

1284 1769 1384 1802 tium.
1418 1767 1515 1802 Sicut
1533 1765 1671 1801 Pharao
1687 1769 1851 1801 adversus
1867 1766 2018 1813 Moysen
2031 1774 2064 1801 et
2079 1768 2264 1812 populum:

1284 1816 1484 1859 Pharisaei,
1513 1819 1692 1863 pontifices
1716 1825 1748 1851 et
1771 1818 1913 1864 tyranni
1930 1819 2095 1852 adversus
2113 1817 2266 1863 Aposto-

1285 1869 1393 1912 loslet
1407 1868 1618 1909 Ecclesiam,
1646 1869 1853 1902 inflammati
1878 1869 2024 1902 immani
2047 1869 2128 1903 odio
2148 1876 2181 1903 et
2196 1869 2266 1903 ira-

1285 1920 1427 1960 cundia,
1452 1932 1529 1953 cum
1549 1920 1690 1964 quidem
1709 1919 1848 1953 videant
1864 1919 1979 1953 Deum
1996 1920 2162 1953 adiuvare
2181 1920 2267 1964 pios,

1284 1977 1399 2004 tamen
1418 1977 1566 2014 pergunt
1581 1971 1707 2010 furere,
1735 1971 1848 2014 quoad
1865 1970 1929 2012 ipsi
1944 1977 2052 2004 ruunt
2064 1977 2096 2004 et
2108 1978 2266 2014 pereunt,

1286 2021 1380 2055 Haec
1404 2022 1631 2054 consolentur
1653 2021 1745 2065 pios,
1772 2027 1809 2053 ut
1832 2020 1998 2053 adversus
2020 2021 2175 2054 furorem
2200 2022 2266 2054 im-

1286 2072 1424 2116 piorum
1456 2072 1524 2105 fide
1554 2083 1626 2105 sese
1650 2077 1862 2112 sustentent,
1896 2082 1935 2105 ac
1958 2079 2137 2116 expectent
2158 2072 2266 2115 glori-

1284 2123 1494 2156 ficationem.

1581 2223 1776 2264 Psalmus
1820 2220 1975 2264 Cxltt.

1259 2332 1260 2336 ,
1286 2297 1458 2332 Laudare
1481 2300 1579 2332 servi
1600 2297 1819 2341 Dominum,
1858 2296 2013 2333 laudate
2035 2309 2166 2334 nomen
2190 2300 2266 2334 Do-

1335 2352 1438 2383 «mini.

1286 2411 1345 2444 Sit
1368 2419 1502 2442 nomen
1527 2409 1682 2442 Domini
1705 2407 1958 2452 benedictum,
1992 2408 2126 2445 abhinc
2149 2420 2265 2455 usque

1337 2463 1376 2494 z'n
1391 2462 1622 2504 perpetuum.

1286 2518 1339 2553 Ab
1360 2524 1443 2553 ortu
1459 2519 1558 2554 Solis
1583 2530 1696 2564 usque
1722 2518 1772 2553 ad
1789 2530 1983 2562 occasum,
2009 2519 2187 2554 laudetur
2203 2532 2268 2555 no-

1338 2581 1421 2605 men
1435 2571 1599 2605 Domini.

1289 2631 1465 2664 Excelsus
1490 2641 1600 2675 super
1624 2640 1750 2664 omnes
1768 2634 1899 2676 yentes
1918 2630 2117 2670 Dominus,
2146 2635 2181 2665 et
2205 2643 2267 2666 su-

1338 2693 1405 2726 per
1423 2682 1539 2716 coelos
1552 2682 1673 2728 gloria
1690 2684 1781 2716 eius.
