2379 2948
172 100 266 137 1115
759 93 884 128 PHlL.
913 89 1030 128 MEL.
1059 89 1269 128 SCRtPTA
1296 88 1600 126 EXEGETICA.

2103 93 2200 128 1116

174 188 245 226 cia,
272 185 332 218 sed
358 194 470 217 massa
495 188 544 216 est
568 180 755 228 inquinata
779 186 940 224 peccato,
969 185 1054 213 tunc
1077 190 1156 213 curn
1212 188 1324 222 quens
1341 177 1535 211 versiculus
1554 177 1724 211 declarat:
1753 173 2028 224 Acerlefaciem
2046 182 2150 212 tuam
2175 191 2200 212 a

173 239 212 271 in
228 243 327 270 utero
341 235 510 268 formatus
527 244 614 266 sum.
668 231 740 265 Nec
754 237 963 265 accusantur
981 228 1048 264 hoc
1064 230 1158 263 dicto

174 294 355 337 parentes,
385 292 544 327 autopus
561 283 817 326 generationis,
843 289 883 317 ut
898 281 1003 316 multi
1028 282 1160 315 insulse

175 337 395 383 interpretati
430 342 530 379 sunt,
566 335 625 367 sed
653 345 764 367 massa
795 334 945 367 formata
969 340 1161 367 accusatur.

178 390 221 424 In
240 388 302 423 hac
318 388 392 431 ipsa
412 386 529 431 inquit
547 396 675 433 pravae
699 385 949 418 inclinationes
975 391 1056 418 sunt
1077 395 1160 416 con-

176 449 228 475 tra
252 441 362 482 legem
387 437 471 478 Dei,
507 449 547 470 ex
573 436 703 481 quihus
735 437 901 470 oriuntur
922 436 1025 469 multi
1049 435 1163 468 tristes

177 499 209 525 et
229 489 398 523 horrendi
416 489 535 536 lapsus
551 488 712 520 omnium
733 484 935 520 hominum.
970 485 1065 519 Haec
1083 497 1161 519 cum

176 543 220 576 sit
236 540 408 575 sententia
428 539 533 580 dicti,
562 550 686 572 omnes
706 538 754 583 pii
778 539 815 571 in
836 536 992 571 Ecclesia
1010 538 1164 571 citarunt

177 591 272 627 hunc
290 591 503 625 versiculum
523 591 566 623 de
594 596 734 634 peccato
757 590 927 633 originis,
956 591 1085 633 dequo
1108 588 1163 621 lo-

180 644 241 690 qui
262 655 340 677 eum
359 640 452 675 nihil
472 642 611 676 dubito.

228 718 322 753 Ecce
349 717 531 751 veritatem
558 715 702 763 diligis.

296 786 390 821 tedit
419 786 462 818 ad
485 786 741 819 confessionem
774 783 924 828 peccati,
960 790 994 817 et
1017 782 1168 816 affirmat

178 837 294 873 Deum
319 838 514 882 postulare,
543 844 582 870 ut
607 834 697 869 hanc
721 836 874 868 radicem
901 835 1032 879 peccati
1059 845 1167 877 agno-

178 900 331 929 scamus,
366 889 461 932 quod
488 888 619 921 dicitur
642 888 810 920 adversus
837 887 997 919 omnium
1031 892 1167 929 tempo-

179 953 257 974 rum
275 938 502 984 hypocrisin,
525 950 613 983 quae
632 938 731 981 fingit
754 944 915 970 naturam
935 938 1064 970 bonam
1085 947 1168 975 esse,

180 999 213 1025 et
234 990 475 1024 dubitationes
495 996 525 1022 et
544 989 764 1022 aversionem
785 1000 804 1021 a
820 987 895 1021 Deo
915 989 953 1020 in
970 986 1035 1021 hac
1056 987 1168 1020 imbe-

179 1042 341 1081 cillitate,
368 1041 545 1073 existimat
567 1037 659 1072 nihil
685 1039 769 1072 mali
793 1051 876 1072 esse.
928 1038 1004 1072 Hos
1033 1049 1169 1071 errores

178 1094 349 1127 damnant
360 1089 568 1136 Prophetae,
578 1098 610 1124 et
621 1090 730 1123 taxari
741 1090 778 1122 in
789 1088 945 1124 Ecclesia
958 1101 1096 1123 necesse
1107 1096 1169 1123 est.

230 1168 410 1215 Asperges
432 1179 485 1201 me
509 1164 683 1214 hyssopo.

279 1237 470 1282 Postquam
490 1236 696 1270 intertexuit
716 1235 895 1280 querelam
921 1241 954 1268 et
978 1234 1168 1278 amplifica·
1196 1258 1198 1262 ψ
1263 1275 1268 1281 1
1737 1275 1744 1281 .
2096 1274 2104 1282 .

1197 1295 1198 1304 η
1225 1282 1339 1308 mittas
1364 1282 1522 1319 peccata,
1551 1287 1595 1307 au
1620 1277 1785 1307 exaudlas
1809 1286 1891 1307 nos:
1928 1275 1988 1308 sed
2013 1275 2215 1309 firmitatem

180 1291 313 1324 tionem
338 1289 443 1326 mali,
478 1288 570 1320 redit
595 1288 638 1319 ad
672 1287 921 1319 illustrandam
955 1286 1169 1330 propositio—

179 1353 272 1376 nem.
325 1339 431 1373 Prius
453 1338 558 1371 dixit:
585 1337 756 1371 Miserere
785 1337 854 1370 mei
877 1338 1071 1370 secundum
1097 1348 1169 1369 ma-

180 1404 285 1436 gnam
302 1390 580 1423 misericordiam
602 1396 717 1427 tuam,
746 1400 842 1421 nunc
865 1390 1012 1421 eandem
1030 1394 1172 1421 senten-

180 1444 267 1476 tiam
283 1441 425 1485 repetit:
455 1440 610 1483 Asperge
638 1451 690 1471 ine
709 1436 881 1483 hyssopo,
909 1446 941 1472 et
959 1439 1170 1472 mundabor.

182 1494 353 1536 Figurate
369 1498 486 1524 autem
506 1497 619 1522 sumta
643 1487 850 1533 metaphora
876 1502 915 1522 ex
931 1496 1034 1535 typo,
1065 1489 1170 1522 intel—

182 1545 260 1588 ligit
286 1543 523 1590 aspersionem
549 1541 609 1573 illo
637 1541 708 1573 ritu
730 1541 979 1583 significatam,
1016 1538 1172 1583 Asperge

183 1608 241 1629 me
266 1594 437 1636 sanguine
462 1591 673 1625 Mediator-is
707 1591 891 1638 promissi,
925 1603 1030 1635 quem
1061 1590 1172 1633 signi—

182 1647 261 1680 ficat
279 1653 384 1692 typus
402 1655 526 1676 vaccae
548 1643 647 1675 rufae
672 1640 894 1680 combustae,
919 1648 957 1674 ut
983 1641 1110 1684 legitur
1136 1640 1171 1672 in

184 1696 350 1731 Numeris
378 1694 491 1742 capite
509 1692 789 1736 undevigesimo.
843 1691 920 1725 Hac
943 1704 978 1725 se
1003 1704 1172 1739 consper-

183 1749 282 1782 sione
298 1745 509 1780 Mediatoris
526 1744 717 1787 significata
743 1755 804 1786 per
824 1743 926 1776 illum
944 1743 1051 1776 ritum
1071 1749 1173 1775 norat

183 1799 357 1832 mnndum
382 1797 466 1829 fieri.
529 1795 670 1828 Sciebat
702 1795 797 1827 enim
826 1806 899 1827 non
927 1795 1005 1827 tolli
1034 1801 1172 1838 peccata

184 1851 355 1894 sanguine
383 1847 597 1885 vitulorum,
636 1846 695 1879 sed
722 1846 790 1879 alia
815 1846 956 1879 victima
989 1846 1173 1889 promissa.

182 1899 248 1935 Est
265 1900 360 1933 enim
379 1896 464 1931 haec
483 1897 701 1940 significatio.
729 1896 778 1930 Ut
794 1909 932 1929 vaccam
944 1897 1058 1929 rufam
1078 1908 1174 1930 com-

183 1952 266 1985 buri
296 1949 474 1994 oportuit,
516 1949 564 1981 ita
595 1948 806 1991 promissum
840 1947 1074 1980 Mediatorem
1110 1960 1173 1991 pro
1199 1959 1201 1967 ¹

185 2002 290 2035 nobis
314 2000 406 2033 mori
423 2001 603 2032 decretum
622 1999 699 2032 fnit.
753 1996 799 2031 Et
818 1999 926 2031 cineri
944 2011 1032 2043 aqna
1051 1998 1172 2032 infun-

185 2053 302 2093 ditur,
335 2058 374 2084 ut
399 2050 581 2093 conspergi
607 2049 668 2081 alii
700 2049 850 2092 possint:
888 2057 921 2083 et
947 2050 983 2083 fit
1009 2061 1172 2094 consper-

186 2105 236 2137 sio
261 2104 424 2135 immersa
444 2099 595 2146 hyssopo
613 2100 648 2132 In
668 2112 743 2133 eam
759 2112 902 2144 aquam:
933 2101 966 2133 id
986 2108 1054 2141 est,
1082 2113 1175 2133 mors

186 2153 320 2189 Christi
349 2152 571 2197 praedicatur
596 2163 657 2195 per
677 2149 929 2194 Evangelium,
955 2159 987 2185 et
1014 2152 1176 2185 minister

187 2213 238 2239 est
264 2204 437 2250 hyssopus
461 2216 522 2248 per
540 2202 774 2243 Evangelium
794 2203 1057 2235 communicans
1081 2204 1175 2236 cine-

188 2269 280 2297 rem,
305 2256 340 2289 id
367 2262 435 2295 est,
462 2254 586 2288 mortis
615 2251 750 2286 Christi
775 2253 963 2286 efficaciam
989 2254 1092 2287 nobis
1115 2266 1176 2298 ap-

188 2308 334 2352 plicans.
370 2305 473 2338 Hanc
489 2306 698 2340 sententiam
716 2303 831 2337 David
850 2304 1076 2346 intuebatur,
1103 2317 1175 2337 non

189 2359 297 2392 sensit
320 2358 392 2391 ritu
418 2357 491 2401 ipso
514 2356 591 2390 tolli
610 2362 802 2400 peccatum.

294 2425 458 2474 Repetita
484 2431 534 2458 est
558 2431 593 2458 et
616 2424 826 2472 amplificata
852 2423 1048 2467 propositio
1072 2424 1176 2457 etiam

194 2477 231 2508 in
255 2478 414 2509 versibus
441 2476 688 2520 sequentihus,
717 2475 777 2520 qui
798 2476 840 2508 de
864 2476 1071 2508 remissione
1098 2488 1176 2519 pec-

193 2534 350 2561 catorum
369 2535 401 2561 et
419 2528 461 2560 de
480 2527 682 2567 effectibus,
710 2527 745 2559 id
769 2533 837 2565 est,
866 2527 909 2559 de
936 2527 1176 2560 consolatione

195 2585 226 2611 et
244 2579 499 2621 gubernatione
516 2578 725 2622 loquuntur.
781 2577 909 2611 Petitio
928 2585 976 2611 est
995 2578 1176 2621 perspicua

193 2630 237 2661 de
271 2628 476 2661 remissione
512 2636 746 2672 peccatorum.
801 2626 940 2661 Audire
969 2640 1022 2661 me
1046 2628 1178 2677 facias

192 2678 313 2718 laeta,
350 2680 386 2711 id
413 2686 483 2719 est,
511 2681 752 2713 remissionem
780 2687 1024 2725 peccatorum,
1061 2688 1098 2715 nt
1127 2692 1179 2714 se-

1209 231 1365 275 peccalis
1383 226 1491 267 meis,
1519 231 1549 261 et
1572 239 1694 261 omnes
1713 226 1927 274 iniquitates
1944 240 2043 262 meas
2061 227 2149 265 dele.

1315 295 1485 341 Sequitur
1503 295 1623 339 petitio
1641 296 1685 328 de
1703 295 1900 328 effectibus:
1930 288 2005 328 Cor
2023 294 2201 330 mundum

1213 357 1293 380 crea
1311 345 1350 379 in
1368 358 1422 379 me
1439 343 1556 380 Deus.
1601 345 1643 379 In
1666 346 1874 379 remissione
1892 353 2114 390 peccatorum
2138 349 2201 382 da-

1214 405 1271 431 tur
1289 397 1443 441 Spiritus
1459 405 1598 430 sanctus
1610 424 1619 439 ‚
1645 410 1716 442 quo
1737 397 1775 431 fit
1791 397 1850 430 illa
1867 397 2049 431 renovatio
2076 398 2119 430 de
2135 410 2203 443 qua

1215 449 1317 482 dicit:
1348 449 1420 482 Cor
1441 450 1614 481 mundum
1640 461 1717 482 crea
1743 449 1779 481 in
1807 460 1862 481 me
1881 449 1990 482 Dens.
2042 448 2204 482 Primum

1215 507 1331 533 autem
1359 500 1565 533 nominatur
1588 512 1648 532 cor
1673 501 1866 540 mundum,
1902 500 1938 532 id
1964 505 2032 539 est,
2063 499 2205 544 placens

1216 550 1315 591 Deo,
1350 551 1572 593 purificatum
1597 551 1804 584 remissione
1829 558 2071 594 peccatorum,
2109 551 2207 595 quod

1216 601 1279 635 etsi
1297 599 1413 634 adhuc
1429 599 1535 634 habet
1554 603 1692 643 sordes,
1719 615 1808 647 quae
1834 600 1982 635 haerent
2005 602 2041 634 in
2068 608 2208 642 natura,

1217 660 1335 686 tamen
1359 651 1434 685 Deo
1461 653 1578 698 placet¹⁴
1597 665 1658 696 per
1687 653 1985 693 misericordiam,
2020 660 2207 697 postquam

1219 705 1286 736 fide
1312 704 1484 747 acceperit
1511 704 1780 747 promissionem
1809 704 2027 737 remissionis
2048 711 2208 748 peccato—

1220 767 1318 796 rum,
1345 755 1434 788 sicut
1459 755 1656 799 loquuntur
1671 754 1834 799 Apostoli
1851 755 2022 788 Actorum
2046 754 2117 789 15.:
2147 753 2208 788 Fi-

1219 807 1262 839 de
1282 806 1473 850 pnrificans
1491 807 1607 840 corda.
1661 805 1821 839 Primum
1840 806 1947 849 igitur
1963 806 2049 850 petit
2065 806 2211 839 accendi

1221 858 1257 890 in
1282 858 1387 890 corde
1410 857 1532 897 fidem,
1568 868 1635 901 qua
1664 857 1833 901 accipitur
1864 858 2023 890 remissio
2049 864 2210 901 peccato-

1222 920 1319 949 rum,
1348 915 1380 941 et
1398 908 1574 951 placemus
1594 908 1691 948 Deo,
1719 915 1751 941 et
1767 915 1858 941 recte
1874 908 1945 942 iam
1968 909 2011 941 de
2029 907 2105 941 Deo
2129 919 2211 941 sen-

1221 960 1345 999 timus,
1372 959 1467 1003 quod
1487 971 1566 991 vere
1590 959 1760 992 irascatur
1787 967 1946 1003 peccato,
1972 967 2005 994 et
2023 971 2103 992 vere
2120 959 2211 992 reci-

1223 1011 1292 1054 piat
1322 1011 1501 1043 credentes
1530 1017 1672 1054 propter
1700 1010 1845 1045 Fili-arn.
1899 1009 1995 1043 Ilaec
2021 1017 2071 1044 est
2095 1010 2211 1055 prima

1223 1061 1358 1106 petitiO.

1325 1120 1505 1154 Secunda:
1551 1119 1733 1167 Spiritum
1773 1124 1904 1153 rectum
1940 1119 2078 1154 innova
2111 1119 2214 1154 intra

1223 1184 1294 1211 me,
1331 1172 1366 1205 id
1394 1179 1464 1213 est,
1500 1170 1649 1215 prohibe
1674 1172 1914 1205 dubitationes
1939 1172 2154 1205 academicas
2181 1178 2216 1205 et

1224 1222 1456 1268 pharisaicas,
1475 1235 1518 1256 ne
1537 1224 1712 1266 ambigam
1726 1250 1733 1263 ,
1752 1236 1796 1256 an
1814 1223 1978 1267 respicias
1994 1235 2077 1264 nos,
2093 1235 2138 1256 an
2157 1234 2216 1256 re-

1224 1326 1305 1359 fidei
1324 1326 1360 1358 in
1380 1327 1484 1358 corde
1504 1337 1582 1359 meo
1602 1326 1717 1366 effice,
1744 1333 1782 1359 ut
1804 1326 1940 1358 vincam
1967 1337 2090 1359 omnes
2106 1325 2215 1359 dubi-

1197 1386 1199 1396 *
1224 1378 1356 1415 tiones,
1384 1389 1423 1408 ac
1447 1384 1595 1409 statuam
1621 1388 1700 1409 vere
1734 1388 1798 1409 nos
1829 1377 1977 1420 respici,
2012 1388 2112 1409 veras
2143 1387 2216 1409 esse

1197 1434 1199 1450 1
1224 1428 1515 1460 comminationes
1535 1434 1566 1460 et
1587 1427 1836 1470 promissiones
1862 1434 1958 1465 tuas,
1984 1434 2017 1461 et
2040 1439 2122 1460 vere
2150 1439 2216 1460 no-

1226 1479 1277 1510 his
1298 1478 1429 1510 remitti
1458 1485 1616 1521 peccata,
1640 1489 1720 1511 vere
1743 1490 1806 1510 nos
1829 1479 1988 1511 exaudiri
2016 1485 2048 1512 et
2074 1478 2217 1513 salvari.

1225 1528 1326 1561 lianc
1345 1528 1447 1560 tidem
1475 1529 1512 1560 in
1538 1541 1590 1560 me
1615 1529 1803 1566 confirma,
1830 1529 1911 1573 quia
1935 1540 2036 1562 mens
2060 1526 2217 1562 hnmana

1224 1580 1300 1612 sine
1324 1579 1453 1611 noticia
1479 1579 1756 1622 promissionum
1785 1586 1816 1612 ct
1840 1579 1916 1612 sine
1932 1579 2070 1624 Spiritu
2095 1586 2216 1613 sancto

1226 1631 1327 1674 plena
1352 1636 1401 1662 est
1420 1627 1545 1661 harum
1565 1630 1843 1664 dubitationum.
1896 1629 1941 1663 Et
1967 1631 2066 1675 impii
2093 1632 2217 1664 docto-

1225 1693 1279 1714 res
1298 1681 1420 1713 iubent
1445 1680 1626 1722 dubitare,
1661 1682 1755 1726 quod
1781 1693 1924 1726 prorsus
1949 1680 2132 1716 ethnicum
2158 1689 2219 1716 est.

1226 1732 1369 1766 Invocat
1387 1730 1608 1775 Xenophon,
1635 1733 1695 1765 sed
1720 1733 1787 1773 ita,
1822 1739 1861 1766 nt
1885 1733 2018 1766 nesciat
2037 1745 2141 1778 quem
2162 1733 2219 1766 in—

1227 1790 1346 1823 vocet,
1373 1794 1416 1815 an
1434 1790 1465 1816 et
1484 1795 1545 1815 cur
1565 1784 1784 1824 exaudiatur,
1812 1784 1893 1828 qnia
1912 1785 2049 1827 ignorat
2066 1785 2220 1828 promis-

1226 1835 1353 1868 siones.
1407 1832 1455 1867 At
1469 1833 1625 1867 Ecclesia
1645 1835 1785 1868 invocet
1804 1835 1890 1873 fide,
1911 1848 1954 1882 Aac
1974 1848 2055 1868 vere
2078 1836 2216 1870 intuea-

1227 1893 1284 1919 tur
1301 1884 1436 1923 Deum,
1465 1884 1526 1929 qui
1549 1896 1583 1918 se
1613 1886 1775 1930 patefecit
1797 1886 1833 1918 in
1853 1888 1959 1919 verbo
1978 1899 2062 1929 suo,
2090 1893 2124 1919 et
2148 1893 2218 1920 sta-

1227 1944 1302 1971 tuat
1335 1948 1369 1969 se
1401 1936 1509 1980 recipi
1544 1944 1577 1970 et
1604 1937 1763 1970 exaudiri
1797 1944 1940 1981 propter
1965 1937 2214 1971 BIediatorem.

1228 1987 1279 2021 De
1299 1986 1361 2021 hac
1387 1987 1551 2021 firmitate
1567 1989 1727 2031 opposita
1745 1989 1962 2021 academicae
1986 1994 2019 2021 et
2041 1986 2219 2032 pharisai-

1229 2051 1286 2072 cae
1310 2038 1525 2072 dubitationi
1553 2036 1609 2071 hic
1636 2039 1812 2085 loquitur,
1839 2051 1919 2072 cum
1945 2040 2007 2073 ait:
2043 2039 2219 2084 Spiritum

1229 2098 1382 2131 rectum,
1411 2090 1447 2122 id
1465 2097 1533 2130 est,
1560 2090 1717 2131 firmum,
1745 2090 1876 2123 innova
1900 2090 1935 2123 in
1959 2102 2023 2126 me.

1279 2162 1336 2199 N'e
1367 2164 1545 2210 proiicias
1580 2176 1634 2197 me
1664 2177 1687 2197 a
1712 2164 1818 2212 facie
1851 2169 1933 2206 lua,
1970 2170 2000 2198 et
2037 2164 2220 2213 Spiritum

1281 2220 1445 2249 Sslllcllllll
1467 2221 1566 2249 laun}
1587 2227 1629 2248 716
1647 2216 1802 2263 allstfrllS
1820 2229 1843 2248 (l
1864 2228 1928 2252 ΙΠΕ.

1340 2274 1454 2310 Antea
1485 2276 1683 2309 nominavit
1713 2276 1878 2319 spiritum
1908 2283 2060 2318 rectum,
2096 2277 2131 2311 id
2160 2284 2221 2319 est,

1231 2328 1390 2368 firmum,
1418 2328 1512 2372 quod
1544 2327 1727 2371 praecipue
1750 2328 1793 2360 ad
1818 2328 1923 2362 fidem
1950 2330 2221 2362 accommodan—

1231 2380 1316 2412 dum
1334 2386 1398 2412 est:
1428 2390 1523 2412 nunc
1548 2378 1707 2412 nominat
1725 2377 1900 2423 Spiritum
1923 2387 2097 2421 sanctum,
2124 2380 2220 2424 quod

1231 2432 1515 2463 accommodetur
1529 2430 1571 2462 ad
1589 2430 1834 2471 dilectionem,
1858 2438 1890 2465 et
1911 2433 2110 2465 universam
2133 2430 2218 2463 obe-

1231 2482 1401 2515 dientiam
1422 2481 1459 2514 in
1477 2481 1581 2514 corde
1600 2489 1631 2515 et
1648 2482 1842 2517 voluntate.

1281 2555 1411 2592 Redde
1429 2555 1525 2591 mihi
1540 2558 1725 2593 laeticiam
1742 2556 1879 2592 salutis
1896 2563 1990 2592 ieme.

1335 2624 1540 2660 Consolatio
1560 2627 1703 2671 petitur,
1733 2639 1777 2660 ne
1793 2625 2037 2669 magnitudine
2054 2625 2220 2659 dolorum

1234 2677 1391 2724 oppressi
1416 2678 1661 2722 extinguamur
1696 2685 1755 2712 aut
1782 2677 1983 2711 deficiamus
2007 2689 2025 2710 a
2049 2676 2148 2717 Deo,
2183 2684 2222 2711 ut
