2379 2948
259 130 329 168 751

260 220 310 253 tio
327 216 438 250 solvet
456 212 582 246 multas
597 208 834 254 quaestiones,
859 211 899 240 ut
915 203 1091 239 Gordium
1109 203 1244 236 nodum

263 265 464 303 Alexander
489 273 562 295 non
587 261 692 302 longo
718 259 838 291 labore
860 256 1009 294 evolvit,
1045 255 1103 287 sed
1128 253 1245 287 subito

263 315 437 353 dissecuit.
489 310 542 345 Ex
566 309 789 355 plenitudine
812 308 886 341 eius
902 317 1023 340 ornnes
1040 305 1247 349 accepimus,

265 365 438 403 exclusive
461 363 595 397 dictum
621 367 682 394 est.
735 355 968 394 Contrahitur
990 356 1084 389 enim
1102 355 1247 388 univer-

265 419 346 453 salis
377 415 420 448 ad
445 419 574 448 certam
599 411 766 456 speciem,
800 416 833 443 et
855 408 1070 452 significatur
1095 406 1246 440 aliorum

263 466 431 503 exclusio:
473 463 659 507 Quotquot
688 460 884 505 accepimus
915 457 1082 502 gratiam,
1123 469 1142 489 a
1174 455 1247 488 solo

262 518 405 554 Christo
428 525 550 548 ornnes
572 512 779 557 accepimus,
833 507 962 544 Matth.
984 509 1035 543 3.:
1071 507 1129 541 Sic
1151 507 1249 539 decet

265 581 330 604 nos
352 566 498 611 implere
523 575 665 597 omnem
682 562 879 601 iusticiam,
906 558 1130 593 distributive
1145 556 1250 590 intel-

264 620 404 664 ligitur,
439 617 476 649 id
501 621 573 655 est,
606 621 639 647 te
663 619 780 653 tuam,
815 623 871 644 me
892 622 1026 650 meam,
1061 609 1097 641 id
1121 614 1190 646 est,
1218 613 1250 641 te

265 673 363 705 decet
386 678 506 713 parere
529 672 609 698 tuae
631 663 826 702 vocationi,
853 673 908 694 me
924 671 1032 695 meae.
1085 657 1167 713 Non
1184 655 1252 691 hoc

266 721 362 760 vult,
390 717 494 751 Meus
512 714 707 759 baptismus
723 720 773 748 est
791 712 907 746 omnis
924 710 1072 745 iusticia.
1115 708 1252 742 liden-

268 780 326 807 tur
346 771 382 802 in
396 764 583 811 Prophetis
598 764 729 799 multae
746 769 940 808 pugnantes
956 759 1150 795 sententiae
1168 771 1251 793 esse.

269 821 377 856 Israel
411 816 626 856 servabitur,
661 821 694 847 et
726 813 834 848 Israel
865 813 1059 852 delebitur,
1092 811 1152 843 sed
1185 810 1253 854 ipsi

267 869 463 915 Prophetae
485 867 782 910 interpretantur,
809 870 989 908 utrunque
1012 862 1145 896 dictum
1170 873 1254 907 syn-

268 918 445 957 ecdochen
467 929 559 957 esse,
586 917 621 950 id
647 922 716 957 est,
743 926 891 958 regnum
914 913 1106 947 delebitur:
1143 918 1176 945 et
1199 918 1252 945 ta-

267 985 350 1007 men
371 980 517 1013 magnae
541 967 711 1012 reliquiae
729 978 769 999 ex
787 965 954 999 omnibus
970 964 1135 998 tribubus
1151 968 1255 996 erunt

270 1021 472 1068 superstites
511 1025 545 1052 et
582 1018 833 1056 servabuntur,
884 1022 918 1049 et
951 1021 1056 1048 erunt
1086 1011 1254 1047 haeredes

269 1081 430 1109 aeternae
455 1069 589 1104 salutis.
642 1067 720 1102 Hoc
742 1067 846 1100 modo
866 1066 976 1100 multa
993 1065 1197 1098 iudicantur
1214 1076 1255 1097 ex

268 1124 390 1169 figuris
414 1119 668 1165 grammaticis,
692 1119 735 1155 de
758 1118 886 1163 quibus
910 1116 1052 1160 regulae
1080 1115 1118 1148 in
1135 1115 1254 1159 parvis

269 1173 477 1218 logicalibus
510 1170 731 1203 obscuriores
761 1168 911 1202 traditae
934 1173 1027 1201 sunt.
1093 1163 1255 1200 Afferant

269 1227 377 1270 igitur
396 1221 543 1257 studiosi
560 1220 797 1264 cognitionem
812 1219 1005 1262 figurarum
1021 1217 1066 1251 ad
1082 1216 1254 1250 Dialecti-

270 1288 352 1316 cen,
380 1281 413 1307 et
438 1272 633 1315 adiungant
656 1268 851 1311 rhetorica,
876 1276 909 1303 et
923 1269 962 1302 in
980 1268 1137 1302 obscuris
1153 1267 1256 1301 dictis

271 1330 443 1372 quaerant
475 1334 550 1356 non
578 1321 798 1366 prodigiosas
830 1319 1156 1363 interpretationes,
1195 1318 1254 1351 sed

271 1388 383 1417 veraS,
409 1373 601 1408 concinnas
618 1378 650 1406 et
665 1377 897 1414 congruentes
915 1370 959 1402 iis
973 1369 1143 1408 materiis,
1169 1379 1256 1412 qua-

272 1439 351 1462 rum
393 1423 662 1468 explicationem
699 1421 901 1455 instituunt.
973 1418 1120 1453 Collatis
1162 1417 1256 1450 enim

271 1476 440 1512 membris
457 1481 490 1507 et
507 1472 777 1506 circumstantiis
796 1471 833 1504 in
848 1476 941 1504 recte
959 1468 1115 1513 scriptis,
1143 1468 1257 1501 scien-

272 1529 322 1563 tia
345 1527 464 1561 nativa
489 1525 533 1557 ab
556 1523 616 1564 iis,
651 1523 714 1567 qui
737 1533 810 1555 non
835 1527 918 1555 sunt
939 1530 1083 1564 prorsus
1104 1516 1258 1558 hebetes,

274 1586 308 1613 et
337 1584 421 1612 sunt
447 1580 538 1608 recte
562 1573 692 1606 eruditi
715 1579 748 1606 et
775 1578 931 1605 amantes
956 1569 1131 1609 veritatis,
1163 1575 1197 1602 et
1219 1568 1256 1600 in

273 1627 464 1663 iudicando
501 1623 742 1658 dexteritatem
781 1628 815 1655 et
848 1622 1036 1654 candorem
1074 1617 1257 1656 adhibent,

274 1675 493 1724 deprehendi
519 1680 634 1719 potest
658 1679 692 1706 et
715 1672 832 1711 cerni,
856 1682 944 1716 quae
967 1670 1137 1703 vocabula
1157 1668 1257 1714 quasi

274 1729 428 1764 laxanda
451 1726 521 1759 sint
544 1724 742 1764 dilatanda,
771 1733 859 1768 quae
881 1721 1143 1764 restringenda,
1168 1730 1257 1764 quae

273 1791 354 1826 pars
368 1776 520 1824 propriis
536 1774 668 1814 verbis,
695 1785 785 1819 quae
800 1773 943 1816 figurate
960 1772 1052 1805 dicta
1069 1771 1125 1805 sit.
1178 1768 1258 1803 Me-

274 1831 417 1867 retrices
435 1827 642 1873 praecedent
660 1836 721 1858 vos
737 1824 774 1857 in
791 1835 900 1867 regno
917 1823 1108 1859 coelorum,
1136 1820 1259 1854 laxan-

528 121 736 162 SCRIPTA
764 119 840 156 PH.
864 116 980 154 MEL,
1007 116 1074 153 AD
1100 115 1228 153 HlST.
1255 112 1398 152 PROF.
1424 113 1491 150 ET
1518 114 1709 151 PHILOS.
1731 114 2049 155 SPECTANTIA.

2204 119 2278 156 752

1296 201 1381 234 dum
1405 207 1473 239 est,
1498 200 1680 242 videlicet,
1703 213 1793 247 quae
1817 202 1962 237 fuerunt
1982 203 2085 244 tales,
2112 205 2172 237 sed
2192 215 2278 237 con-

1297 263 1414 285 versae
1447 258 1528 285 sunt
1557 253 1600 285 ad
1626 250 1759 292 Deum,
1792 259 1825 286 et
1849 263 1966 286 mores
1991 255 2277 290 emendaverunt.

1297 300 1398 335 Hanc
1420 302 1792 336 commonefactionem
1816 304 1860 336 de
1882 303 1942 336 illa
1968 303 2131 337 varietate
2155 306 2278 339 modo-

1298 364 1376 385 rum
1399 352 1619 396 significandi
1642 353 1798 386 sufficere
1820 351 1877 386 hic
1892 353 2032 394 iudico,
2058 360 2092 387 et
2110 353 2279 390 adhortor

1299 402 1492 444 studiosos,
1518 410 1557 437 ut
1581 415 1702 437 omnes
1719 402 1931 438 Dialecticae
1955 410 2069 447 partes
2094 404 2280 448 diligenter

1300 462 1497 494 exerceant,
1525 454 1562 487 in
1586 455 1786 488 iudicandis
1810 455 1976 488 omnibus
1997 454 2169 495 materiis,
2196 467 2281 500 quas

1301 504 1441 538 discunt
1463 510 1495 537 et
1515 505 1553 537 in
1572 505 1778 546 scribendo,
1806 512 1839 539 et
1856 506 1893 538 in
1912 504 2144 539 familiaribus
2161 505 2284 550 dispu-

1302 554 1508 588 tationibus.
1576 555 1678 589 Plato
1712 556 1847 602 inquit,
1891 563 2000 590 artem
2030 556 2168 589 facilem
2201 567 2284 597 esse,

1302 615 1403 638 usum
1427 616 1511 637 vero
1535 606 1733 647 difficilem,
1760 608 1855 652 quod
1881 619 1921 640 eo
1946 606 2080 640 dictum
2100 618 2172 640 esse
2189 607 2285 641 arbi-

1302 661 1396 698 tror,
1424 655 1506 700 quia
1529 656 1631 689 multi
1651 657 1754 691 etiam
1774 670 1852 691 cum
1872 657 2073 691 didicerunt
2090 664 2284 702 praecepta,

1302 712 1421 739 tamen
1443 717 1503 739 sua
1527 707 1678 751 quadam
1702 707 1914 751 negligentia
1934 708 2002 742 sibi
2019 707 2225 751 indulgent,
2251 715 2285 742 et

1304 756 1343 788 in
1373 756 1523 790 dicendo
1554 757 1732 798 feruntur,
1765 770 1835 802 quo
1865 765 1989 792 ventus
2021 759 2188 802 impellit,
2222 771 2285 792 nec

1304 807 1489 841 intuentur
1513 819 1672 841 normam
1700 816 1733 843 et
1755 815 1863 842 metas
1880 809 1982 850 artis,
2004 821 2068 843 nec
2083 816 2234 843 mentem
2253 815 2287 843 et

1305 858 1482 898 dextram,
1507 865 1546 892 ut
1573 858 1620 893 ita
1645 859 1778 900 dicam,
1806 860 1850 893 ad
1873 872 1927 893 res
1945 860 2055 903 ipsas,
2082 871 2167 905 quas
2185 871 2287 893 enar-

1305 914 1405 949 rant,
1431 908 1630 942 intendunt.
1685 909 1743 943 Fit
1765 921 1848 943 usus
1874 910 1987 944 facilis
2012 909 2107 951 istis,
2135 911 2195 955 qui
2213 922 2286 943 me-

1305 959 1418 992 diocri
1442 959 1690 993 exercitatione
1715 973 1750 993 se
1774 961 2026 1002 assuefaciunt,
2060 967 2100 994 ut
2125 973 2287 994 normam

1305 1010 1390 1043 artis
1412 1009 1450 1042 in
1473 1010 1624 1044 dicendo
1647 1018 1850 1056 sequantur.
1916 1011 2005 1046 Cum
2029 1018 2144 1045 autem
2167 1011 2288 1045 Diale-

1306 1060 1392 1094 ctica
1425 1061 1611 1105 praecipue
1639 1063 1833 1096 necessaria
1865 1062 1909 1096 sit
1934 1060 2127 1102 Ecclesiae,
2160 1062 2221 1096 ubi
2251 1062 2289 1094 in

1305 1112 1464 1145 docendo
1487 1112 1638 1145 maxime
1661 1114 1810 1146 amanda
1835 1119 1867 1147 et
1892 1113 2121 1147 custodienda
2137 1118 2188 1146 est
2206 1124 2289 1156 pro-

1307 1162 1444 1207 prietas.
1504 1160 1581 1196 Oro
1610 1161 1725 1197 Deum
1759 1171 1940 1198 aeternum
1972 1162 2112 1197 Patrem
2141 1162 2289 1197 Domini

1306 1213 1419 1246 nostri
1441 1213 1519 1246 Iesu
1539 1211 1695 1253 Christi,
1726 1215 1946 1249 conditorem
1970 1214 2106 1258 generis
2131 1211 2289 1255 humani,

1306 1275 1377 1298 una
1401 1275 1480 1297 cum
1504 1264 1579 1298 filio
1604 1276 1667 1298 suo
1682 1263 1838 1299 Domino
1858 1272 1979 1298 nostro
1999 1264 2077 1298 lesu
2095 1262 2240 1298 Christo
2257 1272 2290 1298 et

1307 1314 1445 1358 Spiritu
1465 1322 1606 1356 sancto,
1633 1322 1672 1349 ut
1698 1328 1777 1349 cum
1803 1314 1895 1350 hanc
1920 1316 2030 1359 ipsam
2052 1316 2164 1349 lucem
2188 1327 2290 1348 men

1306 1365 1401 1398 tibus
1424 1362 1612 1398 hominum
1637 1366 1823 1403 inseverit,
1851 1371 1890 1398 ut
1913 1365 2028 1408 ipsum
2051 1376 2290 1408 agnoscamus,

1307 1421 1339 1448 et
1369 1414 1609 1448 discernamus
1639 1427 1657 1448 a
1691 1416 1878 1456 creaturis,
1913 1422 1947 1449 et
1970 1427 2067 1448 suam
2092 1416 2290 1449 doctrinam

1307 1464 1577 1508 amplectamur,
1601 1471 1634 1498 et
1657 1465 1900 1500 doctrinarum
1928 1465 2132 1499 discrimina
2158 1466 2290 1501 intelli-

1307 1526 1448 1559 gamus,
1480 1513 1565 1548 haec
1591 1516 1691 1549 utilia
1717 1516 1831 1550 studia
1857 1515 2065 1549 Dialectices
2087 1523 2120 1549 et
2141 1517 2291 1550 aliarum

1307 1565 1451 1599 utilium
1475 1565 1604 1598 artium
1628 1567 1793 1600 accendat
1816 1567 1853 1598 in
1873 1566 1995 1599 multis
2011 1573 2154 1611 propter
2170 1564 2291 1601 Eccle-

1309 1616 1414 1656 siam,
1449 1627 1558 1660 eaque
1580 1623 1694 1659 regat,
1727 1629 1790 1650 nec
1814 1617 1968 1660 extingui
1994 1617 2103 1658 sinat,
2135 1629 2291 1662 semper-

1310 1678 1377 1711 que
1403 1673 1515 1699 servet
1540 1678 1660 1699 semen
1684 1667 1829 1711 aliquod
1854 1674 2013 1701 sanctum
2037 1668 2132 1701 inter
2157 1680 2237 1707 nos,
2272 1681 2291 1702 a

1309 1728 1379 1761 quo
1404 1727 1484 1749 vere
1507 1716 1690 1750 invocetur
1707 1725 1739 1751 et
1755 1718 1968 1759 celebretur,
1991 1719 2032 1751 ad
2051 1730 2139 1763 quae
2157 1730 2291 1752 summa

1309 1765 1495 1800 hominum
1525 1779 1630 1810 opera
1657 1775 1707 1801 est
1732 1769 1923 1802 necessaria
1948 1769 2139 1803 multarum
2162 1770 2290 1803 artium

1312 1817 1492 1855 doctrina,
1521 1816 1647 1851 Amen.
