2379 2948
253 106 300 142 75

253 190 390 224 canales
406 189 593 232 ampliores
609 188 753 232 pituitae
770 199 807 219 ex
819 188 952 231 χοανῇ,
979 186 1139 231 ἱῖτοῷῒεϊ,
1168 188 1234 221 du-

254 248 326 274 ctos
344 240 434 272 infra
451 239 589 278 oculos,
617 249 734 270 versus
752 248 871 276 nareS,
901 238 961 282 qui
984 239 1152 283 utrinque
1169 250 1232 271 na-

253 292 351 324 ribus
371 290 575 322 inseruntur
592 287 760 320 mediocri
781 287 1068 321 intervalloinfra
1083 287 1235 333 ἠθμοει-

253 338 324 379 δὲς.
375 340 445 373 Nec
473 351 551 371 vero
579 338 726 370 dubium
753 345 802 371 est
824 337 996 371 foramina
1022 339 1081 371 illa
1101 340 1136 371 in
1161 349 1235 371 osse

253 388 444 435 71311051022
467 390 555 421 facta
579 399 651 420 esse
678 388 880 430 spirationis
898 395 931 421 et
955 390 1103 422 odorum
1122 400 1235 421 cansa·

253 441 320 474 Via
339 441 429 472 enim
450 438 605 482 proxima
625 444 674 470 est
699 450 737 470 ex
762 450 801 471 eo
820 449 894 471 osse
911 439 952 471 ad
971 446 1120 472 extrema
1138 439 1235 482 prio-

252 503 331 524 rum
349 489 624 522 ventriculorum
643 488 789 522 cerebri.

352 562 397 598 Et
424 564 467 596 ab
491 563 550 596 illa
575 572 725 598 extrema
753 571 848 607 parte
867 564 999 596 cerebri
1018 565 1237 597 descendunt

251 617 340 649 duae
364 614 571 658 propagines
596 627 635 646 ex
667 615 858 647 substantia
886 615 1017 647 cerebri
1045 615 1081 646 in
1105 626 1142 647 os
1163 613 1236 658 ἠθ-

249 662 410 710 μοειὸἒς,
441 676 577 708 sparsae
603 665 645 695 ad
674 664 866 704 foramina,
894 671 925 696 et
949 672 985 698 ut
1009 665 1078 698 sint
1096 665 1234 707 gemina

250 727 400 759 organa,
437 714 626 748 interstitio
658 715 762 747 solidi
796 716 882 747 ossis
915 715 1110 748 distinctae.
1163 713 1235 747 Has

249 766 459 811 propagines
490 776 570 797 vere
600 775 671 796 esse
703 776 872 807 organum
901 765 1048 798 olfactus
1072 766 1234 799 traditur.

251 816 354 851 L'nde
378 823 409 848 et
433 815 722 848 transmittuntur
746 816 872 848 odores
892 815 928 847 in
948 815 1082 859 priores
1102 816 1235 848 ventri-

251 867 347 900 culos
362 865 506 899 cerebri.
558 863 652 897 Haec
676 865 849 898 sententia
874 866 916 898 de
933 877 1065 908 organo
1089 866 1235 899 olfactus

250 917 359 959 magis
376 916 547 959 probatur
563 915 721 953 eruditis,
749 928 851 960 quam
869 928 956 960 quae
974 917 1034 949 alii
1051 917 1093 949 de
1109 928 1236 949 carun-

250 967 339 1000 culis
365 965 622 999 mamillaribus
647 966 787 1005 dicunt,
814 978 902 1010 quae
926 973 1007 999 sunt
1024 978 1129 1009 supra
1149 979 1234 999 ocu-

248 1017 321 1056 los,
357 1023 394 1049 ut
427 1015 588 1059 expleant
623 1016 789 1049 cavitates
820 1017 950 1049 ossium
989 1016 1133 1055 frontis,
1175 1029 1236 1060 per

250 1079 336 1111 quas
355 1077 476 1099 carnes
494 1065 583 1098 nulli
600 1073 681 1099 sunt
699 1067 741 1098 ad
759 1067 941 1099 cerebrum
959 1074 1102 1101 meatus.
1156 1066 1236 1099 Ma-

250 1117 415 1149 nifestum
434 1123 481 1148 est
501 1122 629 1154 autem,
653 1117 780 1148 odores
797 1118 838 1148 ad
857 1117 1039 1149 cerebrum
1055 1114 1235 1150 transvehi

249 1173 429 1210 oportere,
457 1165 514 1198 cui
532 1172 681 1208 prosunt
700 1172 738 1199 ut
756 1166 889 1199 dictum
911 1173 970 1199 est.

295 1294 354 1328 De
382 1291 556 1327 membris
583 1290 817 1326 similaribus
840 1302 908 1325 seu
935 1291 1184 1338 Iiomoyeneis.

349 1365 486 1400 Multae
516 1376 637 1408 graves
673 1376 794 1398 causae
827 1372 930 1405 sunt,
975 1373 1118 1408 propter
1150 1377 1235 1409 quas

249 1417 391 1462 prodest
418 1416 535 1449 statim
559 1415 742 1448 adsucfieri
769 1415 925 1447 iuniores
945 1416 988 1447 ad
1006 1415 1235 1459 qualemcun-

249 1480 318 1513 que
353 1465 668 1499 considerationem
705 1465 834 1508 opificii
873 1463 1019 1497 humani
1060 1465 1234 1508 corporis,

249 1517 385 1552 etiamsi
412 1514 494 1549 haec
516 1516 628 1559 prima
653 1515 786 1558 pictura
821 1515 1003 1560 aliquanto
1026 1515 1150 1548 rudior
1174 1522 1233 1548 est.

248 1568 408 1601 Primum
433 1566 526 1599 enim
550 1577 679 1609 organa
712 1573 889 1610 utcunque
907 1566 1144 1609 potentiarum
1164 1566 1235 1598 dis-

249 1619 344 1652 cerni
376 1624 408 1650 et
438 1616 626 1649 monstrari
658 1627 795 1648 necesse
835 1623 904 1655 est,
948 1617 1042 1660 quod
1075 1628 1153 1649 cum
1187 1616 1235 1656 fit,

248 1668 437 1712 praecipua
463 1667 619 1699 membra
645 1667 847 1699 recitantur.
899 1665 1037 1699 Deinde
1062 1667 1104 1699 ad
1132 1673 1234 1698 tuen-

249 1721 330 1752 dam
347 1717 585 1750 valetudinem
605 1723 637 1749 et
651 1717 691 1748 ad
713 1716 961 1749 medicationes
985 1717 1127 1760 prodest
1147 1716 1234 1748 scire

249 1769 490 1802 membrorum
516 1767 712 1810 qualitateS.
766 1765 837 1798 Nec
860 1767 1007 1799 dubium
1035 1773 1084 1799 est
1101 1773 1230 1809 tempe-

249 1819 384 1852 rantiae
409 1825 439 1850 et
467 1816 721 1849 moderationis
745 1816 781 1848 in
815 1816 933 1849 multis
957 1816 1156 1850 actionibus
1179 1816 1234 1849 di-

251 1869 435 1911 sciplinam
460 1878 552 1907 esse,
579 1866 896 1899 considerationem
920 1878 1151 1909 organorum,
1181 1873 1234 1908 ut,

251 1919 311 1963 qui
338 1917 401 1950 scit
422 1917 530 1960 epatis
555 1917 729 1949 actionem
751 1917 1007 1959 languidiorem
1032 1929 1120 1957 esse,
1156 1929 1234 1949 cum

251 1968 377 2012 accipit
404 1979 442 1999 ex
467 1966 663 1999 ventriculo
688 1963 830 2010 chylum
861 1965 975 1999 adhuc
998 1969 1165 2007 crudum,
1202 1973 1236 2000 et

251 2026 361 2053 totam
375 2016 555 2058 sanguinis
573 2027 719 2048 massam
736 2016 809 2048 fieri
828 2016 1069 2060 impuriorem,
1087 2024 1119 2050 et
1136 2029 1236 2060 saepe

253 2067 512 2112 cacochymiam
538 2073 571 2099 et
597 2063 811 2110 hydropem,
848 2066 876 2098 is
902 2068 1009 2110 magis
1034 2074 1147 2100 servat
1177 2079 1236 2100 or-

253 2119 372 2152 dinem
388 2124 533 2150 naturae
552 2116 820 2149 convenientem
838 2116 874 2148 in
894 2117 971 2151 cibo
984 2153 985 2156 Ἰ
997 2124 1030 2151 et
1048 2124 1144 2162 potu.

355 2192 482 2236 Ingens
499 2198 615 2225 autem
632 2197 665 2224 et
683 2188 768 2223 haec
789 2191 924 2224 utilitas
952 2199 1022 2235 est,
1051 2199 1124 2226 arte
1150 2204 1235 2225 con-

255 2246 403 2279 siderata
421 2241 637 2281 ratiocinari,
652 2239 719 2274 hoc
737 2241 937 2275 mirandum
961 2255 1047 2286 opus
1065 2255 1137 2276 non
1155 2255 1235 2277 casu

255 2296 304 2328 ita
323 2294 550 2331 confluxisse,
576 2303 641 2325 nec
655 2297 792 2325 tantum
814 2292 855 2324 ad
877 2289 971 2326 hunc
987 2305 1089 2326 usum
1108 2294 1145 2326 in
1163 2294 1234 2327 vita

255 2345 398 2378 mortali
416 2343 597 2377 conditum
615 2353 699 2378 esse.
752 2339 837 2375 Esse
855 2342 958 2375 etiam
975 2355 1137 2376 arcanam
1154 2356 1236 2377 cau-

255 2406 348 2435 sam,
373 2406 433 2427 cur
449 2394 522 2437 ipse
544 2393 637 2426 filius
654 2391 721 2426 Dei
744 2392 901 2426 induerit
917 2390 1108 2426 humanam
1132 2401 1236 2427 natu-

256 2457 343 2478 ram.
396 2443 502 2476 Hunc
520 2444 558 2475 in
576 2443 675 2476 omni
690 2443 893 2476 aeternitate
909 2443 978 2477 tuis
993 2444 1103 2477 oeulis
1120 2444 1236 2477 intue-

257 2496 351 2528 beris
363 2521 371 2534 ‚
399 2494 520 2527 audies
537 2493 682 2526 auribus
697 2493 767 2527 tuis
784 2493 1009 2528 disserentem
1028 2495 1071 2527 de
1097 2495 1236 2538 sapien-

257 2546 306 2580 tia
322 2545 462 2584 divina,
489 2550 549 2577 tuo
569 2543 750 2586 complexu
767 2544 881 2587 ipsum
902 2545 1079 2579 salutabis.
1133 2544 1236 2578 Tunc

259 2597 401 2628 demum
421 2593 657 2636 intelligemus
668 2619 677 2634 ,
698 2599 732 2626 et
747 2605 808 2627 cur
823 2592 907 2629 haec
923 2607 1068 2640 corpora
1085 2595 1134 2628 sic
1151 2607 1235 2628 con-

256 2646 333 2680 dita
352 2645 439 2686 sint,
467 2651 501 2678 et
517 2655 604 2689 quae
632 2643 676 2678 sit
698 2644 893 2680 substantia
918 2646 1135 2690 singularum
1154 2657 1235 2690 par-

486 102 693 138 SCRIPTA
721 102 796 138 PH.
824 101 937 137 MEL.
967 101 1031 136 AD
1058 100 1188 136 HIST.
1214 99 1357 137 PROF.
1386 99 1452 135 ET
1476 99 1670 136 PHILOS.
1699 99 2016 137 SPECTANTIA.

2211 102 2260 138 76

1285 185 1384 221 tium.
1437 185 1572 220 Interea
1590 184 1679 219 hanc
1697 185 1904 231 sapientiam
1922 194 2100 232 utcunque
2119 184 2265 220 inchoe-

1285 249 1378 277 mus,
1406 247 1633 280 agnoscamus
1652 233 1742 269 hanc
1765 244 1927 270 naturam
1946 249 2018 270 non
2037 249 2118 272 casu
2134 249 2173 271 ex
2194 235 2265 270 De-

1286 287 1424 320 mocriti
1441 287 1565 320 atomis
1591 287 1774 320 conflatam
1800 299 1892 327 esse,
1920 287 2134 321 celebremus
2149 286 2264 321 Deum

1286 335 1535 377 architectum,
1565 338 1738 370 fateamur
1766 338 1883 370 radios
1910 337 2101 381 sapientiae
2124 338 2265 371 divinae

1287 388 1323 419 in
1349 399 1413 420 nos
1440 399 1511 419 non
1542 388 1668 420 frustra
1695 399 1830 431 sparsos
1855 399 1946 431 esse,
1984 387 2044 431 qui
2068 393 2265 421 monstrant

1287 438 1448 471 ordinem
1466 437 1626 470 omnium
1642 438 1830 479 actionum,
1855 445 1888 471 et
1906 439 1954 471 eis
1971 439 2264 482 obtemperemus»,

1288 495 1444 532 petamus
1461 494 1494 521 et
1511 494 1729 531 expectemus
1752 488 2063 522 immortalitatem.
2114 486 2161 521 Et
2178 487 2268 520 scia-

1287 549 1364 570 mus
1389 545 1472 571 tunc
1503 539 1644 570 demum
1671 536 1755 571 haec
1779 546 1895 572 nostra
1932 549 2077 581 corpora
2101 535 2267 571 habitura

1287 588 1451 621 ultimum
1472 594 1505 620 et
1524 590 1715 631 perfectum
1731 590 1855 628 decus,
1883 601 1960 621 cum
1979 599 2095 621 coram
2123 594 2267 621 cernent

1289 645 1321 671 et
1345 638 1488 671 audient
1510 638 1621 671 filium
1640 637 1724 679 Dei,
1751 646 1784 672 et
1807 639 1964 684 undique
1987 638 2024 671 in
2049 638 2098 672 eis
2119 637 2268 682 fulgebit

1289 689 1347 721 lux
1372 688 1503 721 divina.

1390 746 1504 789 Supra
1519 752 1635 779 autem
1653 746 1916 779 nominavimus
1934 752 2050 789 partes
2072 745 2266 778 crassiores.

1288 795 1390 830 Nunc
1414 797 1575 829 addenda
1599 803 1649 829 est
1672 797 1798 830 usitata
1816 804 1847 830 et
1864 796 2055 829 necessaria
2073 795 2266 830 distinctio.

1289 845 1368 880 Alia
1384 847 1538 879 membra
1559 847 1726 881 dicuntur
1741 845 1962 894 {Tepoye‘vem
1991 858 2141 890 quorum
2154 852 2267 889 partes

1289 909 1361 930 non
1379 897 1533 930 retinent
1551 909 1679 930 nomen
1699 898 1815 937 totius,
1842 904 1881 930 ut
1896 904 2009 940 caput,
2037 896 2169 936 oculus,
2197 907 2267 931 cor.

1287 947 1367 980 Non
1387 948 1480 980 enim
1498 948 1673 992 quaelibet
1690 960 1769 992 pars
1785 948 1907 991 capitis
1930 954 1979 980 est
2006 952 2120 990 caput.
2172 944 2268 979 Haec

1289 1010 1328 1029 ex
1345 997 1466 1031 multis
1482 1005 1513 1031 et
1529 998 1760 1031 dissimilibus
1778 999 1934 1042 partibus
1961 1003 2159 1030 constructa
2173 1003 2268 1032 sunt.

1391 1063 1471 1096 Alia
1496 1064 1653 1097 membra
1672 1064 1904 1098 nominantur
1923 1060 2119 1110 ὁμογένεα,
2144 1073 2204 1095 seu
2221 1062 2268 1095 si-

1287 1114 1445 1153 milaria,
1471 1121 1511 1147 ut
1535 1112 1631 1147 Gaza
1657 1115 1825 1159 loquitur.
1886 1114 2059 1146 Yidelicet
2080 1113 2116 1145 in
2139 1112 2268 1157 quibus

1289 1176 1368 1208 pars
1385 1164 1513 1198 retinet
1527 1165 1800 1208 adpellationem
1817 1165 1942 1205 totius,
1969 1171 2001 1197 et
2022 1170 2103 1197 sunt
2120 1174 2266 1196 novem:

1593 1222 1684 1257 Caro

1595 1271 1648 1306 Os

1595 1322 1770 1364 Cartilago

1593 1371 1730 1404 Nervus

1594 1419 1735 1455 Chorda

1593 1472 1838 1514 Ligamentum

1598 1521 1698 1554 Yena

1592 1571 1732 1605 Arteria

1594 1621 1820 1657 Panniculus.

1388 1680 1439 1713 Ac
1459 1687 1597 1724 praeter
1613 1691 1773 1720 carnem,
1801 1680 1919 1713 omnia
1944 1681 2079 1726 reliqua
2104 1681 2269 1715 oriuntur

1286 1742 1326 1763 ex
1351 1731 1501 1770 semine,
1527 1743 1598 1764 non
1622 1742 1661 1763 ex
1685 1730 1866 1772 sanguine.
1919 1730 2073 1776 Ideoque
2100 1732 2268 1766 dicuntur

1287 1779 1531 1825 σπερααῑικὰ,
1568 1781 1630 1814 etsi
1659 1793 1698 1813 ex
1725 1780 1894 1824 sanguine
1916 1782 2131 1815 conveniens
2153 1783 2268 1816 nutri-

1285 1838 1442 1864 mentum
1467 1831 1655 1873 accipiunt.

1385 1888 1628 1922 Recitabimus
1639 1895 1754 1922 autem
1770 1889 1990 1922 brevissimas
2005 1889 2268 1933 descriptiones,

1287 1939 1368 1984 quia
1388 1951 1524 1972 necesse
1543 1947 1593 1972 est
1609 1940 1728 1984 aliquo
1748 1940 1853 1972 modo
1871 1951 1971 1972 nosse
1989 1940 2192 1972 discrimina
2204 1938 2268 1974 ha-

1286 2002 1364 2023 rum
1384 1990 1556 2033 partium,
1584 2002 1671 2034 quae
1689 1997 1721 2024 et
1741 1989 1835 2033 ipsae
1851 1997 1932 2023 sunt
1953 1990 2135 2024 ministrae
2159 1991 2268 2024 actio-

1287 2052 1373 2073 num
1391 2041 1670 2085 praecipuarum.

1388 2106 1491 2145 Caro,
1510 2106 1612 2153 σὰρξ,
1632 2114 1682 2141 est
1698 2107 1890 2140 substantia
1905 2107 2107 2149 sanguinea,
2125 2120 2213 2153 quae
2230 2109 2267 2142 fit

1287 2171 1365 2192 cum
1384 2159 1532 2191 crassior
1553 2170 1629 2202 pars
1653 2157 1834 2200 sanguinis
1859 2157 2060 2200 coagulata,
2095 2169 2156 2191 sua
2181 2170 2267 2203 qua-

1289 2211 1370 2242 dam
1386 2210 1544 2242 coctione
1563 2209 1599 2241 fit
1623 2219 1750 2252 corpus
1767 2207 1919 2240 solidum
1935 2213 1967 2240 et
1983 2208 2100 2242 molle.

1388 2273 1490 2316 Ossa,
1507 2273 1609 2314 ὀστᾶ,
1629 2275 1715 2307 fiunt
1733 2286 1750 2306 e
1765 2273 1909 2313 semine,
1928 2285 2007 2306 cum
2021 2274 2055 2307 id
2068 2275 2162 2319 quod
2174 2285 2265 2308 cras-

1286 2326 1461 2360 sissimum
1480 2333 1529 2359 est
1547 2337 1564 2358 a
1582 2325 1696 2358 calido
1724 2330 1848 2356 urente
1874 2323 2075 2365 induratur,
2104 2325 2189 2358 sicut
2215 2325 2266 2357 la-

1286 2377 1384 2421 pides
1416 2383 1617 2421 coquuntur
1640 2387 1657 2407 a
1684 2374 1796 2407 calido
1821 2380 1957 2407 urente.
2025 2374 2116 2408 Sunt
2149 2382 2265 2408 autem

1285 2439 1360 2461 ossa
1379 2427 1475 2460 velut
1492 2433 1636 2459 truncus
1654 2424 1829 2457 sustinens
1855 2424 2029 2469 reliquum
2046 2436 2181 2468 corpus,

1387 2493 1543 2533 Nervus,
1569 2494 1714 2537 νεῦρον.
1766 2489 1829 2524 Est
1850 2491 2043 2525 substantia
2066 2503 2084 2524 e
2109 2492 2264 2533 cerebro,

1286 2551 1343 2578 aut
1363 2543 1490 2587 spinali
1511 2542 1662 2575 medulla
1689 2548 1784 2581 orta,
1811 2542 1944 2580 tenuis,
1972 2541 2089 2574 mollis
2117 2548 2150 2575 et
2174 2542 2264 2582 alba,

1286 2593 1500 2629 tenuissimis
1526 2593 1620 2625 villis
1650 2604 1710 2636 per
1734 2592 1877 2635 longum
1903 2597 2078 2630 contexta,
2102 2604 2190 2637 quae
2213 2598 2263 2625 est

1289 2646 1565 2679 instrumentum
1585 2643 1811 2688 praecipuum
1831 2652 1950 2676 sensus
1967 2648 1999 2675 et
2014 2643 2149 2688 motus:
2174 2640 2263 2675 Nam
