2379 2948
179 86 273 123 1235

767 77 891 112 PHlL.
922 74 1037 112 MEL.
1068 75 1277 111 SCRIPTA
1308 73 1611 110 EXEGE'HCA.

2121 78 2218 115 1236

279 170 439 204 Primum
470 167 629 201 nominat
660 164 904 199 remissionem
936 170 1171 208 peccatorum.
1198 206 1199 210 Ἰ
1223 161 1389 196 fiduciam
1412 168 1552 194 nostrae
1571 162 1750 201 1115110130,
1779 170 1839 196 aut
1857 170 1975 196 nostra
1995 164 2129 204 merita,
2157 167 2217 198 sed

181 223 275 257 llaec
288 222 400 255 forma
418 219 586 264 loquendi
600 216 890 251 communissima
908 222 957 249 est
975 215 1011 247 in
1021 215 1174 259 scriptu-

181 275 253 314 ris,
282 280 315 306 et
334 271 493 305 remissio
518 270 642 314 culpae
667 268 841 312 significat
866 265 982 300 Deum
1004 266 1073 299 iam
1099 277 1173 298 11011

181 325 282 359 irasci
300 334 468 357 converso
480 346 488 359 ‚
510 333 573 354 nec
589 320 740 354 abiicere
757 331 836 353 eum
855 319 892 351 in
914 324 1072 351 aeternas
1089 328 1175 361 poe-

184 389 265 416 nas,
291 376 349 407 sed
368 385 439 407 esse
457 373 487 406 ei
510 372 728 416 propicium,
753 377 786 404 et
810 370 924 403 facere
946 381 1026 402 eum
1051 366 1175 402 haere-

184 431 261 460 dem
279 426 369 459 xime
386 431 565 464 aeternae,
591 425 685 468 quod
703 423 741 455 in
761 420 893 455 Ioanne
910 418 964 454 his
984 420 1100 453 verbis
1119 419 1175 452 di-
1201 444 1203 453 1

184 481 291 512 citur:
321 475 425 509 Pater
447 486 544 508 meus
562 475 686 517 diliget
706 486 807 512 eum,
835 480 897 506 ete.

285 525 420 572 Tegei-e
437 530 603 574 peccam,
632 533 683 559 est
701 524 833 558 Filium
853 523 923 557 Dei
943 534 1014 556 esse
1029 522 1175 556 umbra-

184 580 302 613 culum
328 579 420 612 inter
449 577 562 611 Deum
587 584 620 611 et
643 578 736 610 inter
760 586 843 616 nos,
879 586 922 607 ne
948 574 1176 607 effundantur

185 632 222 664 in
248 642 312 664 nos
340 630 390 663 ira
413 630 478 663 Dei
503 628 740 663 intolerabilis
760 633 957 666 creaturae,
985 637 1064 658 cum
1092 636 1176 669 pro-

184 690 261 727 pter
287 681 472 726 praeterita
499 680 644 719 delicta,
679 686 753 712 tum
788 684 931 721 propter
956 682 1175 720 praesentem

184 732 450 767 immunditiem
477 743 565 777 quae
594 731 631 763 in
655 730 761 763 nobis
787 735 854 769 est,
885 728 1006 761 acillo
1028 728 1175 760 umbra-

185 786 264 818 culo
281 784 418 818 tollitur
433 783 503 823 ira',
530 795 574 815 ue
594 783 822 815 absumamur
838 792 856 812 a
876 779 979 823 culpa
1004 785 1036 812 et
1054 791 1072 812 3
1092 790 1177 823 900-

186 837 242 869 nis
268 835 440 874 aeternis,
475 834 657 877 mitigatur
690 832 796 865 etiam
823 843 936 875 poena
961 830 1176 875 temporalis,

185 894 224 921 ut
240 886 349 931 possit
364 897 435 918 esse
462 891 638 928 superstes
661 881 837 923 Ecclesia,
863 882 958 915 iuxta
984 882 1045 914 illa
1067 882 1175 915 dicta:

185 937 454 972 Misericordiae
471 935 618 969 Domini
636 936 730 980 quod
756 945 828 966 1101]
847 933 1024 966 consumti
1044 945 1175 967 sumus.

186 989 290 1023 Item:
323 987 361 1021 ln
381 989 430 1021 ira
449 987 711 1020 misericordiae
727 985 934 1019 recordaris.

285 1038 427 1073 Beatus
460 1038 519 1072 cici
548 1036 761 1077 Dominus,
798 1039 857 1069 elc.
919 1035 1098 1079 Repetitio
1127 1041 1177 1068 est

184 1092 313 1136 prioris
344 1091 471 1134 partis,
507 1097 557 1123 est
596 1090 690 1122 euim
724 1090 850 1122 usitata
880 1085 1036 1131 phrasis,
1072 1087 1176 1120 etiam

183 1144 269 1176 alibi
291 1149 478 1186 usurpata,
514 1153 587 1174 non
616 1141 791 1184 imputare
815 1146 1013 1184 peccatum,
1048 1145 1087 1172 ut
1114 1137 1178 1171 Se·-

184 1194 254 1227 mei
278 1194 363 1228 dicit
388 1195 432 1226 ad
451 1192 588 1233 David,
614 1194 649 1227 2.
668 1191 823 1226 Samuel.
846 1190 919 1225 19.:
949 1189 1031 1223 Non
1058 1189 1177 1235 impu-

183 1253 234 1278 tes
258 1243 346 1278 mihi
369 1243 522 1278 Domine
547 1250 749 1288 peccatum,
775 1243 811 1274 id
841 1248 911 1280 est,
939 1252 1013 1272 11011
1039 1239 1179 1282 cogites,

183 1308 257 1329 11011
284 1298 451 1329 decernas
476 1307 532 1328 me
555 1294 779 1339 puniendum
801 1304 890 1334 esse,
922 1303 1004 1324 nam
1029 1291 1177 1323 verbum

184 1348 221 1381 in
238 1354 334 1381 textu
350 1348 443 1392 quod
463 1353 606 1380 vertunt
620 1346 812 1389 imputare,
834 1343 1008 1386 siguificat
1026 1341 1179 1385 cogitare

185 1411 246 1432 seu
271 1398 494 1438 ratiocinari,
521 1409 581 1430 seu
608 1396 854 1430 ratiocinando
882 1394 1017 1438 aliquid
1044 1395 1088 1425 de
1112 1393 1177 1424 ali-

184 1462 255 1495 quo
273 1451 471 1483 decernere.
525 1448 615 1482 Nam
632 1448 741 1491 igitur
759 1456 968 1491 quaeramus
994 1441 1052 1476 hic
1075 1455 1177 1487 pere-

184 1501 304 1545 grinas
320 1500 532 1539 sententias,
560 1500 619 1531 sed
638 1499 711 1543 ipsa
728 1495 849 1542 phrasi
875 1495 1032 1529 contenti
1058 1495 1179 1533 simus,
1203 1518 1205 1528 1

182 1564 257 1586 11011
275 1552 450 1596 imputare
474 1557 676 1594 peccatum,
704 1546 772 1582 1100
799 1549 904 1581 modo
929 1553 978 1579 est
998 1554 1177 1590 peccatum

184 1615 370 1648 praesens,
405 1602 461 1634 vel
492 1601 739 1645 praeteritum,
772 1612 847 1632 non
881 1599 929 1632 ita
962 1598 1117 1630 obiicere
1140 1603 1179 1630 ut

183 1666 334 1699 persona
364 1659 503 1686 maneat
528 1664 607 1693 rea,
641 1652 701 1684 sed
732 1657 782 1684 est
802 1650 1179 1692 remittere.personae

168 1712 321 1739 'reatum
341 1712 374 1739 et
390 1716 540 1749 poenam
563 1711 752 1737 aeternam.
806 1700 922 1735 Sentit
946 1711 1029 1743 ergo
1049 1698 1178 1739 David,

186 1769 323 1802 semper
340 1757 377 1790 in
397 1755 462 1789 1130
480 1756 552 1789 vita
568 1755 746 1800 reliquum
764 1765 837 1787 esse
854 1758 1035 1796 peccatum
1056 1751 1094 1783 111
1113 1748 1178 1783 ho·-

183 1809 358 1849 minibus,
386 1808 482 1853 quod
500 1807 609 1851 possit
634 1805 759 1846 obiici,
788 1810 933 1848 propter
950 1803 1046 1848 quod
1071 1799 1178 1835 homo

183 1866 271 1893 esset
296 1872 377 1893 reus
401 1870 535 1903 poenae
558 1865 741 1897 aeternae,
778 1856 807 1889 si
830 1867 904 1888 11011
938 1854 1179 1887 remitteretur

182 1918 317 1951 reatus,
345 1911 405 1943 sed
422 1911 469 1944 ita
488 1907 651 1942 homines
676 1919 749 1940 esse
768 1908 899 1946 iustos,
924 1906 960 1938 id
983 1913 1053 1949 est,
1082 1917 1178 1938 acce-

180 1969 260 2006 ptos
284 1961 378 2002 Deo,
413 1961 494 2006 quia
517 1972 590 1992 11011
617 1961 841 2003 imputantur
864 1964 1004 2001 peccata
1030 1957 1178 1989 creden-

181 2014 286 2048 tibus.

287 2061 341 2096 Et
359 2062 398 2096 in
415 2060 561 2109 Spiritu
578 2060 653 2095 eius
670 2072 743 2093 non
759 2063 808 2093 est
827 2056 935 2092 dolus
948 2084 957 2097 ,
974 2059 1009 2091 id
1028 2065 1089 2099 est,
1105 2071 1178 2092 non

186 2123 233 2150 est
251 2113 471 2162 hypocrisis,
499 2114 559 2147 sed
583 2114 619 2146 in
638 2125 721 2145 vero
740 2112 864 2144 dolore
885 2122 947 2143 seu
964 2110 1180 2144 contritione

184 2167 264 2201 talis
292 2166 483 2206 confessio,
510 2177 579 2210 qua
604 2170 786 2208 peccatum
807 2161 1027 2205 agnoscitur,
1055 2168 1088 2195 et
1115 2162 1178 2195 tri-

182 2219 325 2252 buimus
342 2215 417 2251 Deo
434 2217 574 2250 laudem
594 2215 773 2255 iusticiae,
793 2214 888 2258 quod
908 2213 981 2256 ipse
1000 2213 1043 2245 sit
1066 2214 1178 2247 iustus

181 2278 215 2303 et
240 2269 452 2307 iustificans,
486 2268 660 2313 recipiens
684 2278 749 2299 1105
774 2270 919 2310 propter
939 2262 1177 2297 Mediatorem

181 2333 243 2365 per
274 2320 566 2354 misericordiam.
627 2318 843 2363 Quanquam
873 2327 994 2348 sumus
1026 2315 1177 2359 indigni,

183 2373 270 2406 sicut
297 2371 383 2405 alibi
417 2371 550 2416 inquit:
585 2368 672 2403 Tibi
697 2375 833 2402 tantum
859 2379 936 2400 51111]
956 2373 1116 2410 peccator
1144 2374 1176 2400 et

180 2424 313 2456 malum
331 2434 447 2456 coram
467 2430 500 2456 te
523 2422 607 2463 feci,
633 2429 672 2454 ut
697 2428 735 2454 tu
759 2419 956 2452 iustificeris
978 2418 1016 2450 in
1039 2429 1174 2451 sermo—

182 2475 287 2507 nibus
306 2475 384 2507 tuis.
437 2471 485 2507 Et
503 2480 618 2518 postea
636 2473 673 2505 in
692 2469 759 2504 hoc
776 2469 934 2503 Psalmo:
963 2463 1175 2513 Confitebor

182 2522 358 2557 adversus
385 2536 439 2557 me
462 2523 691 2558 im'usticiam
717 2534 836 2555 meam
862 2519 1050 2562 Domino,
1077 2525 1108 2553 et
1133 2525 1172 2554 lu

181 2574 335 2609 remiltis
357 2575 577 2621 impietatem
593 2573 733 2623 peccati
755 2572 837 2608 mei.
891 2571 987 2606 Haec
1010 2573 1172 2606 consola—

179 2629 228 2661 tio
248 2634 321 2662 toto
341 2634 478 2671 pectore
495 2629 646 2661 tenenda
662 2633 730 2667 est,
760 2625 797 2659 in
822 2637 890 2670 qua
916 2636 979 2657 suo
1010 2624 1169 2669 exemplo

175 2680 285 2717 docet,
305 2678 354 2712 sic
364 2678 600 2713 accedendum
620 2690 690 2712 0550
708 2678 749 2711 ad
762 2676 876 2711 Deum
895 2676 1080 2710 afferentes
1097 2688 1169 2709 non
1192 2695 1195 2719 ;

1225 213 1485 246 consessionem
1510 215 1660 257 peccati,
1686 221 1725 247 ut
1741 213 1892 247 sciamus
1915 226 1995 247 vere
2018 216 2126 260 recipi
2153 228 2218 250 nos

1199 293 1201 301 ,
1223 263 1346 310 gratis
1366 276 1427 309 per
1446 262 1702 306 Mediatorem,
1727 277 1800 298 non
1818 272 1961 309 propter
1980 273 2135 299 nostram
2162 267 2218 301 iu·-

1226 316 1382 357 sticiam,
1398 328 1459 349 seu
1478 316 1700 359 dignitatem,
1719 316 1808 350 sicut
1828 316 1999 350 etDaniel
2015 325 2108 351 orat:
2136 318 2216 351 Non

1228 367 1264 399 in
1284 367 1422 401 iusticia
1441 374 1582 408 nostra,
1610 369 1669 401 sed
1688 368 1725 401 in
1748 368 1991 403 misericordia
2015 375 2072 402 tua
2095 370 2220 403 exaudi

1228 430 1292 452 1105
1314 426 1457 463 propter
1475 417 1684 454 Dominum.

1330 467 1521 515 Quoniam
1536 469 1645 505 tacui.
1675 470 1846 516 Sequitur
1859 470 2015 503 narratio
2033 470 2087 503 sui
2105 483 2221 504 exem-

1228 521 1303 566 pti,
1332 522 1381 554 ait
1404 532 1438 554 se
1461 522 1523 555 diu
1550 521 1587 554 111
1612 534 1739 566 magna
1771 522 2056 555 consternatione
2090 529 2123 556 et
2148 535 2222 556 1113-

1229 573 1306 615 gnis
1333 572 1520 606 doloribus
1554 572 1680 612 fuisse,
1717 574 1927 607 sentientem
1951 573 2039 606 iram
2062 574 2153 614 Dei,
2190 581 2223 608 et

1229 625 1423 657 luctantem
1458 635 1538 657 cum
1563 624 1826 668 desperatione,
1862 625 1945 669 quia
1969 636 2042 657 non
2068 625 2223 668 potuerit

1228 672 1494 719 apprehendere
1512 672 1602 708 hanc
1618 676 1916 718 consolationem,
1935 677 2030 721 quod
2049 674 2124 710 Deo
2144 688 2224 720 gra—

1229 726 1273 759 tis
1293 726 1398 760 etiam
1416 733 1634 770 peccatorem
1652 728 1738 761 velit
1755 728 1909 772 recipere
1926 735 2071 772 propter
2081 726 2222 761 Media-

1231 785 1357 812 torem.
1420 775 1561 819 Tacui,
1596 778 1633 811 id
1667 786 1735 820 est,
1768 786 2013 813 consternatus
2045 791 2157 820 eram,
2189 786 2224 813 et

1229 839 1417 873 oppressus
1435 829 1569 868 dolore,
1588 841 1662 863 non
1677 830 1851 863 audebam
1866 831 2031 864 accedere
2052 831 2096 864 ad
2105 828 2221 864 Deum

1229 881 1371 914 intuens
1397 881 1680 924 magnitudinem
1713 888 1745 915 et
1768 882 2026 926 turpitudinem
2062 894 2221 916 meorum

1229 938 1473 976 peccatorum,
1501 939 1533 965 et
1559 934 1719 966 nondum
1745 930 2015 977 apprehendens
2031 931 2122 967 hanc
2138 946 2223 966 con-

1229 983 1457 1024 solationem,
1491 985 1584 1029 quod
1609 981 1718 1017 Deus
1750 985 1856 1018 etiam
1881 992 2079 1028 peccatores
2099 986 2223 1030 gratis

1229 1041 1375 1079 propter
1397 1033 1635 1069 Mediatorem
1668 1035 1827 1080 recipiat.
1886 1035 2042 1082 Reliqua
2066 1038 2224 1071 membra

1230 1087 1267 1118 in
1293 1084 1347 1119 his
1375 1087 1515 1120 duobus
1541 1088 1701 1121 versibus
1730 1094 1814 1120 sunt
1838 1088 2028 1133 descriptio
2047 1089 2224 1131 magnitu-

1229 1137 1324 1171 dinis
1356 1138 1521 1170 dolorum
1551 1139 1588 1171 in
1613 1139 1675 1171 illa
1701 1139 1813 1178 lucta,
1847 1150 1908 1170 seu
1934 1140 1973 1170 in
1996 1140 2224 1178 contritione,

1229 1189 1272 1220 de
1291 1200 1359 1231 qua
1375 1186 1547 1220 Ezechias
1573 1189 1674 1221 dicit:
1703 1187 1804 1222 Sicut
1828 1187 1883 1220 leo
1908 1188 2077 1222 contrivit
2103 1190 2224 1223 omnia

1230 1250 1307 1272 ossa
1326 1250 1415 1272 mea.

1329 1285 1523 1321 Peccatum
1551 1301 1667 1322 meum
1691 1293 1817 1323 notum
1843 1289 1914 1323 tibi
1938 1289 2100 1338 faciam.
2154 1290 2223 1325 Hic

1232 1341 1328 1374 velut
1345 1341 1519 1381 eluctans,
1549 1348 1582 1374 et
1599 1353 1780 1385 emergens
1797 1342 1916 1387 aliquo
1938 1344 2046 1377 modo
2065 1356 2105 1377 ex
2120 1343 2223 1377 dolo-

1230 1393 1351 1431 ribus,
1378 1392 1450 1426 edit
1468 1392 1725 1426 confessionem
1744 1393 1896 1437 peccati,
1923 1400 1962 1428 ut
1979 1406 2042 1428 suo
2061 1395 2220 1439 exemplo

1230 1444 1375 1484 doceat,
1400 1443 1447 1476 ita
1474 1445 1712 1478 accedendum
1738 1456 1811 1478 esse
1833 1445 1877 1477 ad
1900 1443 2036 1487 Deum,
2069 1446 2223 1480 afferen-

1230 1501 1280 1527 tes
1299 1506 1372 1527 non
1391 1495 1535 1535 merita,
1563 1503 1623 1529 aut
1640 1495 1816 1529 iusticiam
1835 1497 2013 1538 nostram,
2041 1499 2101 1531 sed
2124 1498 2223 1542 agni-

1231 1546 1363 1579 tionem
1379 1546 1531 1588 peccati,
1560 1553 1592 1580 et
1615 1547 1745 1580 talibus
1768 1559 1848 1579 vere
1872 1548 2004 1582 remitti
2029 1556 2222 1594 peccatum,

1231 1598 1458 1629 credentibus
1483 1597 1616 1631 scilicet
1643 1598 1681 1630 in
1699 1596 1937 1631 Mediatorem
1956 1599 2052 1635 iuxta
2070 1601 2222 1644 promis-

1230 1649 1376 1682 sionem.
1432 1646 1516 1680 Ideo
1535 1649 1667 1694 inquit:
1693 1647 1808 1691 Dico,
1835 1647 2005 1694 confiteor
2028 1650 2224 1690 adversum

1230 1709 1285 1730 me.
1315 1697 1546 1731 iniusticiam
1579 1710 1698 1732 meam
1719 1698 1908 1739 Domino,
1941 1706 1973 1735 et
1996 1706 2035 1736 lu
2069 1705 2224 1742 remittis

1228 1748 1447 1795 pravitatem
1465 1749 1604 1796 peccati
1618 1750 1698 1785 mei.
1740 1750 1818 1785 Hoc
1836 1754 2034 1798 exemplum
2054 1763 2223 1802 tanquam

1221 1802 1474 1835 'testimonium
1494 1802 1604 1835 teneri
1622 1810 1779 1847 oportet,
1807 1805 1900 1849 quod
1920 1804 2016 1839 Deus
2034 1819 2115 1841 vere
2133 1812 2223 1844 reci-

1231 1854 1304 1897 piat
1321 1860 1537 1897 peccatores,
1562 1853 1705 1898 gratis,
1730 1862 1875 1900 propter
1897 1855 2155 1902 Mediatorem‚
2183 1870 2222 1896 ut

1232 1904 1364 1938 Paulus
1383 1905 1517 1950 iuquit:
1545 1904 1670 1939 Certus
1686 1918 1801 1939 sermo
1821 1913 1888 1946 est,
1916 1909 2014 1942 venit
2029 1908 2143 1945 Filius
2154 1912 2221 1946 Dei

1231 1956 1345 1989 salvos
1363 1956 1475 1989 facere
1492 1968 1614 1990 omnes
1631 1959 1811 1990 credentes
1830 1958 1867 1990 in
1886 1960 2031 1993 nomine
2049 1962 2135 1998 eius,

1334 2004 1489 2054 Propter
1512 2004 1580 2040 lzoc
1603 2007 1724 2041 orabit
1749 2009 1868 2042 omnis
1892 2007 2064 2048 SanctuS.
2119 2014 2221 2051 Post-

1231 2071 1335 2104 quam
1361 2060 1403 2092 ad
1428 2061 1626 2092 doctrInam
1652 2060 1790 2094 addidit
1814 2062 2013 2105 exemplum
2032 2064 2075 2098 de
2092 2066 2220 2112 seipso,

1231 2111 1325 2155 quod
1349 2111 1453 2143 etiam
1481 2118 1530 2144 est
1557 2111 1717 2145 doctrina
1747 2113 1964 2152 communis,
2005 2127 2044 2149 ac
2065 2119 2220 2154 ostendit

1230 2174 1311 2194 vere
1342 2162 1472 2195 remitti
1511 2169 1668 2206 peccata,
1702 2163 1809 2197 etsie
1835 2164 1945 2209 recipi
1972 2163 2152 2208 homines,
2186 2177 2220 2205 et

1229 2213 1365 2257 placere
1381 2212 1457 2246 Deo
1470 2241 1478 2254 ,
1507 2225 1579 2246 non
1598 2222 1743 2258 propter
1759 2216 1905 2260 merita,
1931 2218 1990 2249 sed
2013 2220 2220 2255 remissione

1230 2272 1464 2309 peccatorum.
1511 2264 1584 2298 lam
1610 2277 1731 2299 rursus
1767 2268 1921 2311 applicat
1946 2269 2144 2304 doctrinam
2174 2274 2218 2306 ad

1229 2324 1398 2349 caeteros:
1435 2312 1570 2350 Omnis
1597 2314 1758 2351 Sanctus
1782 2318 1904 2352 orabit
1925 2318 1981 2353 ad
1998 2325 2047 2363 te,
2074 2331 2220 2368 propter

1229 2365 1312 2408 hoc,
1338 2368 1372 2400 id
1393 2375 1461 2406 est,
1489 2368 1570 2413 quia
1588 2369 1637 2401 sie
1660 2370 1787 2414 recipis
1811 2368 1992 2405 hominem
2010 2375 2217 2409 remissione

1226 2425 1469 2462 peccatorum,
1504 2420 1584 2453 ideo
1608 2422 1812 2465 confugient
1838 2423 1881 2456 ad
1907 2430 1939 2456 te
1957 2423 2098 2467 Sancti,
2133 2427 2216 2471 quia

1225 2482 1347 2503 omnes
1366 2478 1560 2514 agnoscunt
1577 2479 1757 2515 peccatum
1775 2471 1923 2508 haerens
1940 2475 1977 2508 in
2000 2487 2063 2509 sua
2077 2484 2216 2518 natura,

1225 2529 1258 2555 et
1281 2533 1354 2554 non
1379 2530 1521 2565 possent
1546 2524 1587 2555 ad
1619 2530 1651 2556 te
1678 2526 1861 2566 accedere,
1889 2526 1957 2558 nisi
1974 2524 2065 2560 hanc
2082 2528 2215 2562 doctri-

1223 2585 1304 2606 nam
1322 2580 1483 2611 nossent,
1512 2575 1619 2619 recipi
1635 2587 1688 2616 se,
1716 2582 1748 2609 et
1763 2577 1898 2621 placere
1914 2584 2058 2621 propter
2075 2578 2214 2614 Media-

1221 2632 1331 2659 torem
1349 2631 1382 2658 et
1400 2622 1526 2659 habere
1541 2626 1785 2660 remissionem
1802 2635 2035 2673 peccatorum.
2087 2631 2137 2665 Ita
2155 2629 2214 2666 hic

1224 2688 1342 2710 versus
1371 2683 1421 2710 cst
1445 2677 1607 2721 repetitio
1632 2679 1877 2722 promissionis
1903 2680 1938 2712 in
1965 2680 2080 2724 primo
2108 2695 2211 2717 versu
