2379 2948
125 90 194 125 133
866 84 910 118 ΙΙ.

503 170 722 218 Respondeo.

214 246 443 292 Nequaquam
462 258 582 280 omnes
600 246 754 278 adfectus
771 255 834 275 suo
849 254 974 286 genere
988 242 1108 274 viciosi

121 304 214 333 sunt.

120 360 209 392 quae
227 354 277 380 est
296 347 463 392 sapientia
480 346 547 379 Dei
565 351 598 378 et
614 344 732 387 regula
751 344 909 376 omnium
927 343 1106 375 actionum

121 405 153 431 et
177 405 352 437 motuum,
379 397 588 429 intueamur.
646 394 738 427 Boni
762 394 917 427 adfectus
939 400 1019 426 sunt
1043 404 1105 425 suo

119 460 261 490 genere,
289 447 348 491 qui
366 452 564 488 congruunt
583 446 626 478 ad
652 446 761 488 legem
778 444 861 484 Dei,
898 450 937 477 ut
960 443 1105 486 diligere

117 497 251 537 Deum,
284 499 407 530 timere
432 494 567 535 Deum,
607 495 754 537 diligere
777 501 893 534 natOS,
934 501 1105 538 parentes,

118 549 318 590 coniugem,
353 546 496 586 fratres,
530 546 619 578 bene
644 546 806 585 meritos,
841 544 943 577 adfici
969 543 1105 577 miseri-

120 597 239 631 cordia
261 596 298 628 in
323 596 519 629 calamitate
544 596 735 637 iustorum,
770 596 871 628 irasci
902 594 1104 637 sceleribus,

118 647 239 681 laetari
256 647 395 686 virtute,
421 646 543 679 dolore
559 654 701 690 propter
716 653 834 679 nostra
853 652 886 679 et
903 646 1016 678 aliena
1032 656 1104 677 sce-

116 699 208 738 lera,
235 697 355 730 laetari
379 696 551 729 iustorum
571 697 772 732 foelicitate.
825 695 1003 730 Contrarii
1021 707 1103 727 vero

115 748 271 780 adfectus
290 747 371 780 mali
390 753 483 787 sunt,
511 747 572 791 qui
592 754 749 790 pugnant
767 759 844 779 cum
864 747 936 789 lege
948 745 1027 785 Dei,
1053 750 1104 785 ut,

115 797 218 830 irasci
249 796 343 838 Deo,
383 797 495 829 odisse
529 804 707 841 parentes,
747 803 867 834 natos,
907 796 1104 837 coniugem,

116 847 354 890 magistratus,
379 859 496 879 amare
521 847 704 890 coniugem
727 847 871 880 alterius
894 846 1025 878 iniusto
1046 846 1103 877 in-

115 898 254 938 cendio,
282 898 413 930 alienas
430 897 610 931 facultates
627 904 808 941 appetere,
835 896 891 929 uri
909 896 1017 938 gloria
1038 893 1103 927 ho-

114 954 294 980 nestorum
306 974 316 989 ‚
341 954 374 981 et
390 948 437 980 eis
454 948 632 985 invidere,
660 948 747 980 sicut
757 947 842 981 Saul
859 947 974 979 uritur
991 945 1102 988 gloria

113 996 272 1032 Davidis.
337 997 478 1031 Laetari
502 998 539 1030 in
562 998 757 1031 calamitate
781 998 954 1031 iustorum
970 1023 978 1035 ‚
1013 996 1102 1028 sicut

115 1048 231 1081 Semei
249 1048 397 1081 laetatur
413 1048 449 1080 in
466 1049 661 1081 calamitate
672 1047 828 1080 Davidis.
883 1046 960 1079 Hoc
977 1046 1101 1078 discri-

114 1098 208 1131 mine
225 1098 436 1136 constituto,
466 1098 617 1141 intelligi
639 1104 760 1141 potest,
788 1097 849 1143 qui
866 1097 1020 1130 adfectus
1038 1108 1100 1129 suo

113 1159 239 1189 genere
256 1149 326 1181 sint
343 1149 427 1181 boni
439 1175 448 1188 ,
471 1149 532 1193 qui
551 1148 683 1181 viciosi.

215 1205 421 1238 Teneantur
437 1213 553 1239 autem
570 1204 654 1239 haec
665 1211 868 1249 argumenta
884 1205 928 1236 ad
946 1204 1100 1236 refutan—

114 1257 176 1289 dos
194 1255 339 1289 Stoicos.

216 1312 374 1345 Primum
401 1312 549 1345 maxime
574 1314 719 1345 illustre.
773 1312 843 1345 Lex
863 1311 983 1344 divina
1000 1322 1100 1354 prae-

115 1364 199 1408 cipit
222 1374 277 1395 res
303 1362 463 1406 optimas.
524 1361 565 1394 In
591 1363 664 1404 lege
688 1361 808 1394 divina
835 1362 1101 1404 praecipiuntur

113 1414 218 1447 multi
243 1413 415 1451 adfectus,
459 1412 599 1446 dilectio
623 1411 706 1453 Dei,
748 1411 956 1453 coniugum,
999 1417 1099 1443 nato-

112 1477 212 1507 rum,
242 1470 443 1507 parentum,
470 1470 501 1496 et
522 1463 673 1495 aliorum
697 1461 892 1495 hominum.
961 1459 1099 1493 Laetari

113 1516 218 1548 rebus
232 1511 405 1554 honestis,
432 1519 465 1546 et
482 1513 601 1546 dolere
617 1519 759 1556 propter
776 1511 917 1556 propria
936 1517 968 1544 et
985 1511 1098 1543 aliena

114 1565 258 1607 delicta,
288 1571 322 1597 et
340 1564 454 1596 tristes
471 1576 567 1596 casus
586 1575 742 1596 suorum.
791 1561 897 1594 Irasci
913 1561 1098 1601 sceleratis,

112 1615 204 1648 utin
222 1613 348 1647 Psalm.
366 1614 426 1648 68.
455 1614 622 1657 scriptum
646 1619 710 1646 est:
740 1612 844 1644 Zelus
868 1612 993 1643 domus
1019 1617 1098 1643 tuae
1124 1642 1126 1650 ,

113 1665 264 1698 comedit
286 1676 351 1696 me.
403 1662 449 1697 Et
467 1663 594 1696 Psalm.
617 1663 713 1697 133:
749 1662 906 1695 Perfecto
931 1661 1013 1693 odio
1038 1661 1099 1693 odi

115 1715 278 1748 inimicos
296 1720 385 1747 tuos.

113 1815 250 1860 Spiritu
279 1821 409 1846 sancto.
470 1812 711 1847 Certissimum
736 1819 787 1845 est
813 1813 937 1853 igitur,
966 1822 1095 1855 nequa-

114 1876 218 1910 quam
242 1875 362 1897 omnes
387 1864 541 1897 adfectus
568 1875 630 1896 suo
656 1875 781 1906 genere
806 1863 954 1895 viciosos
982 1868 1098 1893 motus

114 1927 198 1951 esse.

214 1972 286 2006 Nec
305 1972 446 2006 difficile
470 1978 557 2005 esset
579 1970 669 2005 hanc
687 1972 894 2006 sententiam
913 1972 1098 2016 splendide

114 2024 285 2057 illustrari
318 2023 469 2056 recitatis
499 2023 710 2056 testimoniis
743 2024 785 2055 de
819 2029 962 2056 aeterno
985 2022 1099 2056 Patre.
1124 2043 1126 2046 >

114 2074 184 2108 Hic
206 2081 256 2107 est
274 2074 366 2106 filius
389 2085 485 2106 meus
503 2073 672 2112 dilectus,
700 2085 769 2118 quo
793 2073 958 2108 delector.
1012 2072 1098 2106 Item

117 2123 447 2157 commemoratione
464 2125 506 2156 de
523 2122 690 2163 filioDei,
718 2123 779 2168 qui
796 2124 962 2160 laetatur,
991 2124 1099 2164 dolet,

115 2174 290 2207 irascitur.
341 2172 388 2207 Et
403 2175 445 2207 de
460 2173 597 2217 Spiritu
611 2180 730 2207 sancto
743 2200 751 2214 ,
783 2174 845 2218 qui
863 2181 913 2206 est
931 2181 1097 2218 tanquam

116 2225 257 2257 flamma
287 2223 491 2258 divinorum
523 2231 705 2262 motuum,
741 2230 774 2256 et
798 2224 957 2257 accendit
983 2231 1099 2257 motus

116 2274 249 2308 similes
273 2274 309 2305 in
328 2275 472 2315 sanctis,
508 2281 547 2308 ut
568 2286 724 2317 expresse
750 2275 879 2308 dicitur
913 2275 950 2306 in
975 2286 1047 2317 cap.
1063 2273 1098 2309 5.

117 2326 161 2359 ad
180 2323 337 2358 Galatas:
372 2323 520 2358 Fructus
541 2325 685 2368 spiritus
711 2331 793 2359 sunt
821 2325 980 2363 dilectio,
1014 2336 1099 2367 gau-

117 2376 236 2415 dium,
262 2374 356 2408 fides„
407 2372 453 2407 Et
469 2374 507 2407 in
531 2375 600 2408 vita
625 2382 782 2416 aeterna,
818 2387 896 2408 cum
917 2374 1011 2408 Deus
1035 2375 1100 2408 erit

118 2425 236 2459 omnia
254 2425 290 2457 in
307 2424 490 2464 omnibus,
517 2432 607 2458 certe
626 2433 764 2469 pectora
788 2424 973 2459 hominum
999 2431 1101 2458 erunt

118 2477 222 2521 plena
249 2474 436 2508 dilectione
454 2472 520 2506 Dei
543 2482 576 2508 et
598 2476 744 2510 laeticia.

120 2531 324 2569 argumenta
345 2524 372 2556 si
389 2523 661 2558 considerabunt
676 2526 836 2568 studiosi,
858 2527 963 2560 simul
980 2527 1023 2558 de
1040 2538 1102 2558 vo-

120 2577 256 2610 luntate
268 2574 335 2609 Dei
352 2574 462 2608 multa
480 2574 536 2617 pie
554 2575 772 2617 cogitabunt,
798 2584 830 2610 et
846 2576 955 2620 magis
972 2574 1102 2610 abhor-

122 2627 250 2660 rebunt
272 2637 290 2659 a
307 2625 421 2659 stoicis
437 2624 687 2660 deliramentis.

280 296 326 331 Et
352 304 390 331 ut
415 297 459 330 sit
486 297 621 328 illustre
643 293 851 333 discrimen,
893 293 1002 335 legem
1029 291 1108 333 Dei,
1133 325 1135 329 ,

437 1714 487 1746 Ac
504 1726 724 1758 nequaquam
742 1713 889 1745 dubium
908 1717 976 1751 est,
1014 1711 1098 1743 tales
1124 1736 1125 1740 ,

114 1772 230 1798 motus
248 1762 386 1801 inElia,
409 1761 538 1803 Eliseo‚
561 1770 593 1796 et
612 1763 742 1795 similes
760 1762 939 1794 verissime
956 1762 1097 1793 accendi
1124 1796 1125 1799 Ἰ

803 2475 898 2509 Haec
921 2476 1100 2508 verissima
1127 2496 1128 2499 =

962 82 1110 120 LIBER
1137 83 1205 120 DE
1232 86 1402 125 ANIMA.

2074 97 2142 131 134

1133 168 1139 224 ¹
1265 169 1444 206 Praeterea
1462 171 1552 207 nihil
1569 185 1586 206 a
1599 172 1672 207 Deo
1689 176 1868 210 conditum
1884 178 1917 210 in
1937 187 2059 213 natura
2076 179 2142 214 ho-

1132 360 1134 382 l

1161 219 1298 251 minum
1312 248 1319 259 ‚
1348 233 1409 254 suo
1426 235 1550 265 genere
1567 225 1696 258 malum
1714 233 1773 259 est.
1828 226 1872 260 Ut
1888 235 2002 262 autem
2021 231 2140 264 lumen

1162 269 1199 301 in
1221 270 1331 303 oculis
1357 283 1374 303 a
1402 273 1478 305 Deo
1503 276 1681 308 conditum
1707 283 1778 317 cst,
1818 278 1864 309 ita
1894 280 1991 312 cordi
2016 280 2140 315 insitae

1160 326 1242 353 sunt
1267 320 1419 367 στοργαὶ
1445 324 1634 362 divinitus,
1676 334 1708 360 et
1738 328 1877 371 quidem
1907 329 1986 362 ideo
2017 330 2140 364 insitae

1160 377 1258 410 sunt,
1293 379 1331 404 ut
1348 372 1418 405 sint
1438 376 1778 410 commonefactriees
1801 379 1843 410 de
1869 379 2055 413 dilectione
2073 379 2139 413 Dei

1159 432 1235 463 erga
1260 421 1369 453 fllium
1398 430 1430 455 et
1449 435 1527 466 erg-*1
1554 435 1628 455 noS.
1681 426 1759 458 Non
1775 435 1857 462 sunt
1873 429 1980 472 igitur
1998 442 2059 464 suo
2079 442 2138 474 ge-

1158 482 1241 503 nere
1259 484 1417 505 melosae.

1260 529 1328 563 Sed
1348 531 1489 563 obiiciet
1505 531 1641 576 aliquis.
1695 530 1783 564 Cum
1803 534 1861 566 alii
1878 536 2031 570 adfectus
2052 538 2138 572 boni

1158 578 1248 619 sint,
1272 580 1333 612 alii
1351 581 1446 619 mali,
1471 593 1532 613 cur
1548 583 1590 614 de
1609 588 1677 614 tota
1697 588 1821 614 natura
1841 581 1994 619 humana
2010 589 2138 622 (licitur

1158 630 1268 672 capite
1294 636 1416 663 octavo
1440 632 1482 663 ad
1500 630 1700 664 Romanos:
1738 630 1906 666 Adfectus
1930 637 2043 669 carnis
2068 639 2137 671 ini-

1158 679 1288 712 micitia
1309 687 1360 714 est
1378 682 1544 713 adversus
1561 680 1686 717 Deum.

1259 736 1325 770 Hic
1344 739 1510 771 monendi
1529 745 1610 772 sunt
1628 739 1793 780 iuniores,
1809 746 1847 774 ut
1865 741 2062 776 discernant
2080 755 2139 787 per

1157 798 1191 818 se
1209 787 1336 821 viciosa
1350 815 1358 827 ,
1384 795 1417 821 et
1436 801 1496 833 per
1513 789 1674 822 accidens
1688 790 1827 822 viciosa.
1880 790 1948 824 Per
1962 804 1998 825 se
2018 793 2139 828 viciosi

1156 844 1236 870 sunt
1253 839 1406 871 adfectus
1421 866 1428 879 ‚
1456 839 1516 883 qui
1534 847 1690 882 pugnant
1705 852 1783 873 cum
1802 840 1875 884 lege
1885 841 1972 880 Dei,
2000 849 2057 884 ut,
2077 845 2140 877 ad-

1156 894 1272 931 petere
1299 889 1442 922 alterius
1465 890 1662 932 coniugem.
1733 890 1869 924 Viciosa
1895 903 1957 935 per
1980 893 2139 928 accidens

1156 946 1236 971 sunt
1270 946 1385 971 motus
1415 940 1547 972 conditi
1579 952 1595 972 a
1622 939 1715 981 Deo,
1747 948 1804 981 ut,
1844 953 1943 975 amor
1968 944 2139 987 coniugis,

1155 996 1214 1020 aut
1232 989 1379 1028 sobolis,
1408 990 1489 1034 quia
1507 990 1598 1022 enim
1618 998 1676 1023 aut
1695 998 1776 1024 sunt
1795 991 1831 1024 in
1848 1004 1919 1024 non
1936 994 2084 1035 renatis,
2106 1002 2139 1028 et

1155 1050 1298 1081 prorsus
1337 1052 1409 1071 non
1449 1047 1619 1081 reguntur
1655 1041 1739 1080 fide,
1779 1042 1966 1075 dilectione
2002 1043 2067 1076 Dei
2105 1052 2139 1078 et

1155 1088 1280 1121 timore
1307 1089 1391 1129 Dei,
1419 1091 1571 1133 denique
1599 1103 1671 1123 non
1699 1098 1868 1133 reguntur
1896 1093 1970 1135 ipso
2002 1093 2139 1137 Spiritu

1155 1145 1284 1178 sancto,
1313 1146 1343 1171 et
1360 1140 1446 1172 fiunt
1466 1140 1599 1181 viciosi,
1623 1141 1703 1185 quia
1723 1153 1794 1173 non
1812 1149 1982 1184 reguntur
1998 1144 2138 1177 ordine:

1154 1196 1215 1220 aut
1233 1189 1267 1220 in
1286 1190 1416 1222 renatis
1434 1190 1470 1221 in
1487 1187 1551 1223 hac
1571 1190 1810 1225 imbecillitate
1833 1192 1967 1237 aliquid
1986 1194 2137 1237 contagii

1153 1239 1317 1271 retinent.

1255 1296 1443 1331 Coeterum
1469 1298 1512 1331 de
1537 1299 1630 1333 dicto
1653 1298 1753 1332 Pauli
1777 1313 1838 1334 suo
1864 1302 1940 1335 loco
1964 1303 2137 1347 copiosior

1155 1348 1338 1390 explicatio
1365 1355 1563 1391 quaeratur.
1630 1348 1821 1393 Praecipue
1857 1352 1950 1384 enim
1980 1353 2138 1397 loquitur

1153 1396 1284 1429 Paulus
1311 1398 1353 1429 de
1378 1398 1573 1430 adfectibus
1597 1410 1676 1440 erga
1700 1397 1813 1432 Deum
1841 1401 1877 1433 in
1901 1413 1974 1434 non
1997 1404 2137 1444 renatis,

1154 1448 1213 1491 qui
1233 1454 1291 1479 aut
1307 1448 1442 1480 furores
1461 1445 1655 1491 Epicureos
1674 1446 1818 1490 habent,
1845 1457 1904 1484 aut
1921 1453 2136 1486 academicas

1154 1497 1411 1538 dubitationes,
1438 1505 1497 1531 aut
1515 1510 1593 1531 cum
1612 1499 1768 1533 sentiunt
1787 1500 1873 1533 iram
1886 1500 1965 1542 Dei,
1992 1502 2136 1543 utSauL

1154 1547 1268 1587 ludas,
1290 1554 1322 1580 et
1339 1548 1398 1580 alii
1416 1549 1573 1592 oppressi
1590 1550 1718 1582 talibus
1737 1552 1943 1593 terroribus,
1972 1550 2136 1586 horribili

1152 1598 1294 1630 fremitu
1311 1605 1344 1631 et
1360 1598 1603 1641 indignatione
1622 1600 1762 1642 fugiunt
1777 1600 1904 1634 Deum.
1948 1601 2011 1636 Est
2030 1604 2136 1646 igitur

1152 1646 1218 1680 hoc
1235 1647 1366 1681 dictum
1378 1647 1479 1681 Pauli
1498 1650 1693 1683 tristissima
1712 1652 1855 1694 concio,
1883 1659 1915 1685 et
1932 1653 1974 1685 de
1990 1654 2135 1686 summis

1152 1698 1344 1732 adfectibus
1361 1699 1538 1744 loquitur,
1567 1700 1627 1744 qui
1643 1701 1793 1733 aliorum
1812 1702 2019 1735 inferiorum
2037 1704 2135 1736 ordi—

1152 1760 1231 1780 nem
1263 1749 1418 1784 turbant.
1484 1748 1559 1782 Hac
1584 1750 1683 1782 brevi
1707 1752 1948 1785 admonitione
1971 1750 2027 1786 hic
2050 1766 2134 1787 con-

1152 1798 1239 1831 tenti
1254 1799 1374 1833 simus.

1254 1854 1358 1889 Addo
1376 1863 1407 1889 et
1424 1857 1466 1889 de
1489 1858 1632 1890 nomine
1655 1859 1954 1902 concupiscentiae
1973 1860 2134 1893 admoni-

1152 1907 1304 1947 tionem,
1333 1908 1427 1951 quod
1446 1919 1523 1940 cum
1543 1908 1579 1940 in
1596 1906 1748 1941 Ecclesia
1769 1920 1869 1952 saepe
1886 1916 2074 1953 usurpetur
2090 1913 2133 1943 de

1152 1955 1300 1997 ἀταξία,
1340 1957 1377 1989 in
1400 1957 1694 2000 adpetitionibus,
1733 1959 1843 2003 aliqui
1868 1961 1976 2003 inepti
2001 1961 2133 1993 intelli-

1152 2014 1249 2050 gunt,
1266 2019 1387 2040 omnes
1401 2008 1631 2051 adpetitiones
1648 2009 1723 2041 sine
1740 2010 1943 2043 discrimine
1961 2011 2133 2046 damnari.

1152 2057 1311 2091 Sciamus
1342 2058 1449 2100 igitur
1481 2065 1641 2091 naturam
1673 2056 1858 2092 hominum
1884 2060 1931 2093 ita
1955 2061 2132 2093 conditam

1152 2119 1223 2140 esse
1240 2120 1259 2140 a
1275 2107 1372 2148 Deo,
1399 2115 1437 2141 ut
1463 2106 1625 2142 habitura
1651 2110 1756 2143 suerit
1781 2110 2011 2154 adpetitiones
2034 2110 2132 2143 ordi-

1151 2165 1271 2198 natas,
1298 2159 1325 2191 si
1346 2159 1527 2191 mansisset
1545 2159 1676 2201 integra
1690 2186 1699 2200 ,
1725 2160 1870 2200 famem,
1898 2160 2032 2200 cibum,
2060 2160 2132 2192 lae-

1124 2220 1125 2229 *
1152 2208 1289 2249 ficiam,
1314 2221 1490 2249 amorem,
1523 2210 1680 2250 dolores,
1715 2216 1865 2249 metum,
1898 2215 1931 2242 et
1954 2210 2042 2242 alios
2068 2211 2132 2243 ad-

1152 2259 1282 2299 fectus,
1308 2259 1369 2304 qui
1385 2266 1499 2291 tamen
1518 2271 1589 2292 non
1608 2260 1739 2302 evagati
1767 2266 1878 2293 essent
1903 2267 1998 2294 extra
2022 2267 2132 2294 metas

1152 2309 1323 2342 divinitus
1339 2309 1554 2345 constitutas.

1256 2375 1391 2409 Nomen
1411 2376 1517 2418 igitur
1532 2375 1830 2418 concupiscentiae
1851 2388 1929 2409 cum
1955 2376 1992 2409 in
2009 2374 2132 2410 Eccle-

1154 2426 1202 2459 sia
1230 2427 1272 2459 de
1296 2439 1332 2459 re
1354 2427 1444 2459 mala
1468 2431 1674 2468 usurpatur,
1713 2425 1981 2468 intelligendum
2011 2434 2059 2460 est
2088 2429 2131 2460 de

1155 2474 1307 2519 ἀταξία,
1332 2477 1368 2508 in
1384 2476 1547 2509 omnibus
1566 2475 1858 2519 adpetitionibus,
1889 2483 1922 2510 et
1939 2478 2132 2510 adfectibus

1155 2527 1374 2571 superiorum
1391 2532 1423 2558 et
1439 2525 1643 2558 inferiorum
1661 2526 1800 2562 virium,
1853 2526 1905 2560 De
1921 2525 1985 2561 hac
2001 2525 2131 2565 ἀταξία

1156 2578 1312 2621 loquitur
1331 2575 1493 2615 lacobus,
1520 2587 1598 2608 cum
1614 2576 1679 2610 ait:
1707 2575 1996 2621 Concupiscentia
2016 2577 2132 2610 conci-

1155 2628 1253 2673 piens
1276 2625 1365 2669 parit
1380 2632 1568 2669 peccatum.

1646 2675 1668 2708 9
1693 2679 1710 2698 *
