2379 2948
208 151 275 184 159
480 140 686 179 SCRIPTA
715 139 788 174 PII.
813 135 925 171 MEL.
952 135 1019 170 AD
1045 135 1171 172 HtsT.
1198 133 1339 172 PROF.
1366 134 1432 169 ET
1460 134 1647 169 PHILOS.
1671 132 1984 171 SPECTANTIA.
2143 137 2213 171 160

208 232 340 268 etiamsi
359 237 535 273 utcunque
560 234 715 259 externas
738 221 902 255 honestas
928 220 1082 253 actiones
1108 220 1182 252 effi-
1213 226 1215 228 '
1238 233 1304 265 que
1330 220 1480 263 intelligi
1502 220 1690 253 discrimen
1717 220 1809 252 inter
1840 231 1944 262 agens
1975 220 2145 260 liberum,
2181 228 2214 254 et

211 296 285 316 rere
308 287 469 325 possunt,
499 286 613 309 tamen
639 285 710 307 non
736 278 881 316 possunt
906 271 1075 312 integram
1102 272 1185 303 obe·
1237 272 1373 313 agentia
1391 271 1464 303 sine
1481 270 1628 304 consilio
1647 277 1679 303 et
1696 271 1770 302 sine
1789 270 1960 309 libertate,
1984 282 2021 303 ac
2032 270 2106 303 vult
2122 269 2214 308 sciri,

212 333 380 366 dientiam
406 330 471 370 legi
499 326 560 359 Dei
589 331 782 367 praestare,
808 334 871 354 nec
895 328 1039 365 possunt
1063 321 1186 353 tollere

671 374 757 407 (lum
778 373 883 415 igitur
900 373 989 404 duae
1013 371 1184 415 quaestio-

215 445 275 465 nes·
303 432 388 467 siut,
422 428 527 459 altera
554 426 596 456 de
623 424 730 458 stoica
761 422 980 461 necessitate,
1014 422 1122 454 altera
1146 421 1188 453 de

215 481 414 513 infirmitate
451 476 578 507 virium
613 472 864 512 humanarum,
912 471 1115 505 brevissime
1147 471 1190 503 de

217 532 332 574 priore
351 527 558 569 respondeo.

314 577 554 611 Certissimum
579 581 646 614 cst,
679 572 792 606 Deum
818 584 881 605 nec
907 571 1016 611 velle,
1043 581 1106 602 nec
1131 569 1192 601 ad-

215 630 382 674 probare,
417 637 478 658 uec
516 625 666 660 efficere,
708 634 770 655 nec
804 623 970 655 adiuvare
1002 625 1192 663 peccatum.

216 681 282 713 Sed
308 690 389 710 vero
416 684 446 708 et
471 673 690 707 horribiliter
720 673 821 705 irasci
847 683 925 704 eum
957 676 1118 713 peccato,
1153 674 1192 701 ut

216 729 377 762 Psalmus
399 725 530 769 iuquit:
558 724 652 756 Deus
675 735 747 755 non
774 723 893 754 volens
923 721 1136 763 impietatem
1155 724 1191 751 tu

219 791 265 813 es.
292 777 338 811 Et
355 775 431 810 lob.
450 777 482 809 3.
502 774 647 813 dicitur,
673 773 853 805 diabolum
870 769 1042 803 mendacii
1061 775 1192 812 patrem

219 840 309 866 esse,
338 835 370 860 et
393 838 431 858 ex
451 824 591 868 proprio
608 823 705 867 loqui
729 822 961 854 mendacium.
1016 817 1105 852 Cum
1129 818 1192 860 igi-

219 888 277 912 tur
294 877 388 910 Deus
406 886 469 907 nec
486 874 580 911 velit,
604 885 665 905 nec
683 873 863 916 adprobet,
894 883 955 903 nec
973 869 1097 902 efficiat
1115 880 1194 911 pec-

220 936 306 965 cata,
334 925 556 959 manifestum
576 930 626 955 est
642 935 679 955 ea
696 934 768 955 non
788 922 874 954 oriri
894 933 911 953 a
931 920 1108 952 voluntate
1118 918 1196 956 Dei,

221 979 280 1011 sed
298 989 316 1010 a
336 975 576 1009 voluntatibus
603 973 826 1005 diabolorum
852 978 884 1004 et
906 968 1108 1009 bominum,
1136 968 1196 1012 qui

221 1039 299 1061 cum
318 1026 402 1059 boni
428 1023 561 1057 conditi
584 1029 715 1061 essent,
748 1023 819 1054 suis
842 1020 1081 1054 voluntatibus
1107 1029 1195 1063 quae

222 1083 320 1110 erant
345 1077 491 1113 liberae,
526 1084 561 1105 se
584 1079 707 1115 sponte
730 1083 748 1103 a
771 1070 845 1104 Deo
870 1076 1082 1103 averterunt.
1134 1066 1198 1100 Est

222 1135 337 1160 autem
356 1126 498 1157 libertas
513 1124 592 1154 fons
609 1128 639 1154 et
654 1132 753 1153 causa
774 1119 1046 1161 contingentiae.

324 1175 394 1207 Nec
414 1172 584 1216 praevisio
602 1171 837 1203 necessitatem
866 1170 993 1208 adfert,
1019 1180 1083 1201 nec
1108 1167 1200 1209 cogit

223 1226 422 1258 voluntates
437 1221 570 1255 diaboli
588 1228 619 1253 et
635 1218 836 1259 hominum,
863 1226 902 1252 ut
924 1219 1050 1251 scelera
1064 1218 1201 1250 faciant.

224 1275 299 1308 Etsi
325 1274 431 1317 igitur
458 1271 635 1316 praevidet
657 1269 750 1303 Deus
773 1269 888 1303 Saulis
915 1269 1062 1308 scelera,
1085 1275 1201 1301 tamen

226 1338 263 1359 ea
281 1337 343 1357 nec
363 1323 457 1362 vult,
484 1333 547 1354 nec
565 1321 755 1364 adprobat,
784 1331 846 1352 nec
869 1319 993 1361 efficit,
1021 1330 1084 1350 nec
1100 1317 1201 1350 adiu-

226 1382 294 1408 vat.
348 1373 415 1407 Sed
435 1371 626 1415 permittit,
655 1382 692 1402 ac
709 1376 816 1402 metas
840 1369 1040 1408 constituit,
1072 1379 1202 1411 quous-

228 1436 295 1469 que
314 1423 545 1467 permissurus
563 1421 618 1453 sit.
653 1418 705 1451 Ita
723 1419 760 1450 in
778 1416 906 1451 scholis
921 1419 1061 1454 dicunt,
1089 1416 1202 1449 Deum

229 1473 461 1508 determinare
480 1469 727 1510 contingentia.
769 1467 952 1500 Praevidet
968 1473 1203 1509 grassaturum

229 1535 301 1558 esse
317 1521 535 1555 Pharaonem
552 1520 588 1551 in
607 1518 798 1558 Ismenias,
826 1525 859 1551 et
873 1517 1054 1550 constituit
1076 1523 1203 1549 metam

229 1584 411 1619 quousque
428 1569 521 1603 bunc
537 1571 689 1602 furorem
705 1568 913 1602 toleraturus
931 1568 991 1606 sit,
1014 1567 1101 1599 sicut
1116 1564 1206 1598 hanc

230 1625 340 1667 ipsam
360 1619 686 1655 determinationem
703 1616 891 1662 prophetae
909 1618 1027 1650 multis
1052 1617 1207 1649 venustis

231 1673 350 1716 figuris
375 1671 588 1714 significant,
619 1676 658 1702 ut
689 1668 761 1710 regi
787 1668 930 1712 Assyrio
956 1668 1101 1700 dicitur:
1138 1665 1207 1698 Po-

231 1735 313 1756 nam
329 1720 489 1754 chamum
508 1721 543 1752 in
561 1730 620 1752 ore
638 1726 710 1758 tuo,
727 1725 760 1751 et
778 1719 941 1750 reducam
961 1724 1004 1760 te,
1021 1723 1085 1750 etc.
1113 1715 1208 1749 Haec

232 1772 386 1806 breviter
408 1769 568 1807 recitavi,
596 1775 732 1801 tantum
750 1775 788 1801 ut
806 1774 1016 1800 moneantur
1040 1767 1208 1806 iuniores,

232 1830 273 1856 ut
297 1821 469 1854 diabolica
497 1818 698 1858 mendacia,
733 1829 820 1862 quae
845 1819 888 1851 de
919 1817 1119 1850 necessitate
1143 1817 1208 1848 fin-

235 1879 322 1915 gunt
351 1871 478 1909 Stoici,
519 1869 655 1910 fugiant
694 1875 726 1901 et
758 1874 957 1901 constanter
995 1874 1210 1906 execrentur,

237 1933 342 1966 quae,
369 1927 406 1953 ut
425 1926 523 1952 antea
542 1918 633 1957 dixi,
659 1924 691 1950 et
709 1918 873 1951 adversus
891 1917 1005 1950 Deum
1028 1924 1210 1950 contume-

237 1972 322 2004 liosa
340 1976 439 2006 sunt,
467 1975 498 2001 et
513 1974 641 2000 nocent
656 1968 827 2002 moribus.
877 1967 986 2001 Multi
1006 1968 1098 1999 enim
1121 1967 1210 2000 fiunt

237 2020 346 2061 magis
365 2019 448 2058 feri,
475 2030 553 2050 cum
581 2017 731 2059 cogitant
748 2024 785 2049 ut
802 2018 961 2050 servulus
977 2017 1149 2056 Zenonis,
1176 2028 1211 2049 se

237 2070 335 2103 fatali
350 2068 551 2101 necessitate
569 2078 728 2110 peccare,
755 2073 787 2099 et
804 2074 842 2100 ut
861 2067 896 2098 in
911 2067 1108 2108 Tragoedia
1125 2067 1212 2099 dici·

238 2128 311 2153 tur:
341 2119 415 2152 Fati
445 2118 508 2151 ista
534 2117 634 2160 culpa
661 2125 721 2151 est.
782 2116 892 2149 Nemo
917 2117 954 2150 fit
976 2117 1046 2149 fato
1072 2129 1211 2152 nocens.

238 2169 358 2211 Longe
374 2168 500 2201 rectius
519 2168 651 2200 dictum
666 2174 715 2199 est
739 2167 823 2199 illua
841 2165 1089 2210 Euripideum,
1118 2168 1213 2211 quod

240 2216 450 2252 Plutarchus
468 2218 565 2251 citat:
598 2217 640 2250 Εἰ
658 2214 740 2251 θεοί
756 2229 789 2250 τι
808 2214 946 2262 δρῶσιν
962 2214 1125 2263 αἰσχρὸν,
1147 2215 1214 2251 οὐκ

241 2267 332 2302 εἰσὶν
351 2265 445 2303 θεοί.

341 2317 444 2351 Nunc
479 2319 522 2350 de
554 2317 782 2351 ecclesiastica
821 2317 1048 2360 responsione
1091 2317 1215 2357 dicam,

242 2380 329 2412 quae
355 2368 397 2400 de
422 2368 623 2401 infirmitate
654 2368 783 2401 virium
817 2374 1015 2400 nostrarum
1047 2367 1214 2411 loquitur.

241 2417 309 2450 Hic
328 2418 480 2460 primum
497 2418 721 2451 manifestum
742 2423 811 2455 est,
838 2415 1000 2450 homines
1018 2429 1090 2449 non
1117 2428 1215 2460 posse

244 2468 414 2509 integram
430 2468 665 2501 obedientiam
683 2467 750 2510 legi
760 2466 825 2500 Dei
843 2474 1027 2510 praestare,
1042 2478 1105 2499 nec
1118 2477 1215 2510 posse

242 2517 366 2550 tollere
382 2523 558 2559 peccatum
576 2524 608 2549 et
624 2524 787 2554 mortem.
838 2516 890 2550 De
905 2515 961 2550 his
986 2517 1092 2551 tantis
1113 2517 1216 2549 rebus

244 2566 472 2600 concionatur
487 2565 627 2606 Paulus,
654 2579 732 2599 cum
751 2568 909 2612 queritur
924 2573 1084 2600 naturam
1102 2564 1217 2598 homi-

245 2628 330 2648 num
347 2616 518 2659 captivam
537 2627 609 2648 esse
626 2617 766 2659 peccati.
817 2617 952 2651 Interea
968 2624 1086 2651 tamen
1100 2616 1218 2660 aliqua

246 2673 295 2699 est
309 2666 452 2699 libertas
470 2665 625 2710 reliqua,
653 2666 734 2711 quia
751 2665 845 2701 Deus
861 2668 937 2702 vult
955 2664 1071 2701 adhuc
1090 2672 1218 2700 utcun-

214 389 392 426 pecc;=tiuu
410 386 441 410 ct
459 382 617 409 mortem,

1239 332 1310 353 sese
1334 332 1414 354 esse
1437 332 1541 363 agens
1565 321 1808 360 liberrimum,
1835 332 1907 352 non
1933 319 2110 362 alligatum
2134 332 2216 353 cau-

1239 370 1283 403 sis
1300 371 1472 404 secundis.
1527 370 1613 404 Vult
1639 371 1762 409 etiam,
1790 382 1854 402 nos
1880 370 1995 413 aliqua
2018 376 2136 403 nostra
2161 370 2215 402 vi-

1239 421 1384 463 gilantia
1402 428 1433 454 et
1458 421 1578 454 labore
1603 421 1759 453 actiones
1777 427 1934 454 externas
1958 430 2087 462 regere.

1340 494 1404 528 Est
1421 506 1502 538 ergo
1528 492 1613 527 haec
1631 506 1710 527 vera
1729 495 1856 537 regula.
1908 492 2151 527 Certissimum
2168 499 2220 527 est

1243 545 1280 577 in
1299 542 1363 577 hac
1381 544 1518 578 infirma
1535 552 1659 578 natura
1674 543 1870 583 hominum,
1899 544 2000 576 etiam
2020 544 2057 575 in
2073 555 2146 576 non
2162 555 2220 577 re-

1242 595 1350 634 natis,
1384 592 1499 627 adhuc
1526 595 1696 638 reliquam
1721 606 1792 627 esse
1823 595 2019 628 libertatem
2049 595 2219 636 regendae

1241 644 1492 684 locomotivae,
1525 644 1560 676 id
1588 651 1655 684 est,
1689 645 1852 677 frenandi
1883 651 2024 677 externa
2049 645 2220 684 membra,

1243 706 1285 727 ne
1305 694 1433 726 faciant
1449 700 1589 726 externa
1605 694 1693 726 facta
1717 694 1910 737 pugnantia
1935 706 2015 727 cum
2040 694 2115 736 lege
2137 692 2216 727 Dei.

1243 743 1295 778 Ac
1313 745 1355 776 de
1371 744 1549 787 imperatis
1566 743 1763 777 actionibus
1780 744 1888 786 magis
1910 744 2092 787 perspicua
2109 750 2159 777 est
2177 744 2221 776 li-

1245 796 1370 829 bertas.
1435 793 1503 834 Ut,
1537 793 1655 836 Scipio
1680 794 1827 838 imperat
1851 794 2035 835 membris,
2068 806 2112 826 ne
2136 794 2223 828 alte-

1245 845 1316 877 rius
1333 855 1495 888 sponsam
1520 844 1704 886 attingant.
1757 843 1805 877 Et
1829 844 1866 876 in
1892 843 2069 887 Scipionis
2094 843 2223 877 volun-

1244 901 1313 928 tate
1330 901 1379 927 est
1398 894 1502 927 etiam
1519 900 1633 927 motus
1646 921 1654 934 ,
1682 906 1751 938 quo
1770 894 1887 938 aliquo
1908 894 2012 926 modo
2032 893 2108 927 vult
2132 894 2225 926 illud

1245 942 1431 977 honestum
1461 950 1603 987 propter
1635 944 1749 988 ipsum
1782 945 1886 976 decus
1912 943 2064 979 virtutis.
2119 943 2226 977 *Illud

1245 993 1335 1027 velle
1357 1000 1406 1026 est
1430 995 1519 1028 actio
1539 994 1672 1035 elicita,
1697 1001 1736 1027 ut
1758 994 1962 1033 nominant,
1989 993 2079 1026 serio
2103 993 2226 1026 volens

1246 1044 1348 1076 civile
1363 1041 1563 1079 honestum.
1598 1043 1667 1077 Sed
1684 1045 1837 1077 actiones
1854 1044 1987 1077 elicitae
2004 1050 2085 1077 sunt
2101 1044 2227 1077 obscu-

1247 1094 1368 1127 riores.
1423 1092 1507 1126 Ideo
1531 1095 1573 1126 de
1600 1094 1777 1138 imperatis
1796 1095 2000 1139 loquamur,
2027 1105 2114 1139 quae
2145 1099 2227 1126 sunt

1249 1150 1387 1177 externa
1409 1144 1617 1186 paedagogia
1629 1171 1638 1184 ,
1665 1152 1697 1177 et
1715 1142 1840 1177 harum
1860 1156 1931 1176 esse
1947 1144 2101 1189 aliquam
2118 1142 2227 1177 liber—

1250 1200 1355 1226 tatem
1372 1194 1526 1226 ostendit
1544 1194 1726 1227 manifesta
1743 1194 1966 1238 experientia.

1350 1258 1533 1292 Praeterea
1550 1259 1680 1292 Paulus
1700 1271 1856 1303 expresse
1873 1259 2035 1292 nominat
2051 1258 2227 1293 Iusticiam

1251 1309 1375 1349 carnis,
1403 1322 1491 1354 quae
1510 1317 1560 1343 est
1578 1310 1713 1343 viribus
1731 1309 1949 1343 naturalibus
1960 1310 2071 1342 facere
2089 1316 2230 1343 externa

1252 1371 1376 1403 opera,
1408 1361 1635 1402 congruentia
1658 1370 1736 1391 cum
1755 1359 1828 1401 lege
1845 1357 1922 1393 Dei.
1976 1357 2099 1391 Talem
2128 1359 2232 1392 iusti-

1254 1410 1343 1442 ciam
1360 1420 1439 1441 cum
1457 1409 1615 1442 adfirmet
1630 1419 1701 1441 esse
1716 1419 1816 1452 posse
1831 1409 1868 1440 in
1885 1420 1958 1441 non
1982 1408 2129 1447 renatis,
2156 1421 2231 1442 ma-

1255 1459 1419 1491 nifestum
1445 1465 1513 1497 est,
1541 1459 1738 1492 libertatem
1763 1459 1917 1502 aliquam
1943 1470 2014 1491 esse
2039 1458 2232 1493 voluntatis

1258 1515 1432 1551 regentem
1449 1515 1586 1541 externa
1607 1509 1774 1542 membra.
1829 1507 1933 1541 Item:
1962 1507 2057 1541 Deus
2073 1509 2234 1543 attribuit

1257 1558 1375 1601 generi
1397 1556 1551 1591 humano
1578 1558 1803 1601 Magistratus
1828 1566 1860 1592 et
1883 1559 1991 1601 leges,
2031 1565 2070 1592 ut
2095 1565 2235 1592 externa

1257 1610 1415 1641 membra
1446 1609 1646 1651 frenentur,
1681 1609 1769 1642 sicut
1802 1609 1920 1653 inquit
1946 1608 2092 1642 Paulus:
2126 1608 2165 1642 Si
2181 1610 2235 1642 vis

1258 1671 1331 1691 non
1346 1658 1467 1691 timere
1484 1665 1705 1702 potestatem,
1730 1660 1864 1692 honum
1883 1659 1997 1692 facito.
2050 1658 2146 1692 Haec
2162 1666 2233 1692 tota

1258 1709 1465 1751 gubernatio
1477 1736 1485 1748 ‚
1510 1716 1543 1742 et
1560 1710 1633 1752 ipsa
1652 1709 1767 1751 legum
1786 1721 1851 1741 vox
1869 1719 2011 1752 prorsus
2028 1709 2167 1742 inutilis
2182 1720 2236 1742 es-

1259 1765 1328 1798 set,
1353 1760 1381 1791 si
1400 1765 1540 1792 externa
1556 1760 1711 1791 membra
1728 1759 1856 1791 frenari
1875 1770 1947 1791 non
1964 1766 2114 1802 possent.
2168 1758 2236 1792 Fa-

1261 1809 1404 1842 tendum
1425 1815 1473 1841 est
1491 1809 1615 1851 igitur,
1642 1810 1795 1854 aliquam
1815 1821 1887 1842 esse
1913 1809 2121 1845 libertatem.
2174 1808 2236 1842 Id-

1261 1871 1328 1903 que
1343 1859 1429 1891 scire
1448 1857 1609 1892 homines
1626 1860 1711 1892 utile
1736 1866 1803 1899 est,
1830 1867 1868 1892 ut
1887 1871 1966 1891 cum
1993 1859 2107 1891 sciunt
2122 1857 2237 1892 Deum

1261 1909 1457 1953 praecipere
1475 1907 1564 1942 hanc
1581 1910 1872 1952 gubernationem
1891 1915 2114 1942 externorum
2126 1921 2238 1941 mem-

1262 1961 1427 1999 brorum,
1455 1967 1493 1993 ut
1508 1971 1583 1992 eam
1599 1960 1716 2004 aliquo
1735 1960 1839 1992 modo
1864 1958 1901 1991 in
1925 1966 2042 1992 nostra
2068 1965 2237 2002 potestate

1264 2020 1355 2048 esse,
1383 2016 1415 2042 et
1432 2009 1658 2042 violationem
1678 2010 1884 2052 disciplinae
1908 2006 2097 2042 horrendis
2113 2009 2235 2052 poenis

1264 2067 1295 2092 et
1313 2059 1349 2091 in
1369 2057 1431 2091 hac
1448 2060 1588 2093 mortali
1607 2060 1677 2092 vita
1701 2060 1841 2103 puniri,
1868 2066 1902 2092 et
1919 2065 1994 2102 post
2011 2056 2101 2091 hanc
2119 2059 2239 2099 vitam,

1265 2109 1332 2142 nisi
1357 2109 1415 2142 fiat
1442 2110 1623 2143 conversio
1648 2111 1690 2142 ad
1713 2109 1846 2150 Deum,
1872 2109 1961 2142 serio
1986 2115 2157 2142 conentur
2179 2121 2238 2142 ex-

1264 2167 1363 2193 terna
1385 2160 1542 2193 membra
1564 2161 1720 2201 frenare,
1756 2167 1790 2193 et
1815 2171 1887 2192 non
1912 2165 2018 2192 ruant
2043 2165 2083 2192 ut
2104 2159 2240 2199 furiosi,

1265 2216 1325 2243 aut
1341 2217 1380 2243 ut
1394 2210 1537 2251 beluae,
1565 2223 1633 2256 quo
1654 2212 1747 2244 coeci
1765 2211 1919 2243 adfectus
1936 2209 2132 2251 impellunt.
2169 2208 2241 2243 Sed

1265 2260 1336 2293 sint
1354 2271 1521 2293 memores
1540 2259 1645 2294 huius
1662 2261 1915 2294 vetustissimae
1933 2259 2112 2292 concionis
2127 2259 2239 2292 dictae

1265 2311 1308 2343 ad
1322 2308 1426 2343 Cain:
1455 2310 1529 2344 Sub
1546 2318 1577 2344 te
1595 2311 1640 2344 sit
1657 2312 1832 2355 adpetitus
1847 2317 1946 2350 tuus,
1973 2316 2007 2343 et
2024 2316 2062 2343 tu
2077 2309 2239 2342 domine-

1266 2371 1313 2392 ris
1331 2371 1449 2402 lpsmS.

1368 2416 1444 2451 Etsi
1468 2425 1582 2450 autem
1600 2415 1684 2450 haec
1701 2417 1887 2461 disciplina
1912 2429 1985 2451 non
2006 2422 2160 2450 meretur
2185 2428 2241 2449 re-

1268 2467 1472 2500 missionem
1493 2474 1726 2510 peccatorum,
1754 2480 1818 2501 nee
1835 2476 1886 2502 est
1901 2467 2036 2501 iusticia
2046 2464 2242 2509 Evangelii,

1268 2525 1385 2550 tamen
1417 2524 1497 2550 sunt
1527 2528 1673 2560 magnae
1705 2530 1826 2552 causae
1855 2525 2022 2563 quatuor,
2055 2528 2118 2549 cur
2142 2528 2243 2561 prae-

1270 2568 1391 2600 standa
1408 2575 1468 2601 est.
1522 2566 1680 2609 Quarum
1704 2569 1815 2612 prima
1842 2574 1909 2608 est,
1937 2568 2017 2612 quia
2044 2565 2140 2599 Deus
2167 2578 2242 2599 eam

1272 2617 1450 2661 praecipit.
1504 2617 1643 2652 Debent
1666 2625 1781 2652 autem
1806 2617 2041 2651 obedientiam
2064 2617 2142 2650 Deo
2167 2628 2244 2649 om-

1273 2678 1333 2701 nes
1352 2674 1528 2702 creaturae
1544 2668 1744 2703 rationales-
