2379 2948
258 88 332 121 787

258 173 352 216 quod
379 178 453 206 erat
477 171 606 205 scilicet
631 182 702 204 uno
725 178 917 216 usurpante
939 171 1007 206 sibi
1026 171 1240 207 dominatio-

258 234 338 255 nem
364 223 401 256 in
425 222 565 256 multo&
618 220 707 254 Nam
731 222 785 255 lex
810 221 858 256 ita
881 223 1079 265 ordinavit,
1107 230 1145 257 ut
1167 223 1240 257 sin-

259 274 331 316 guli
360 271 640 317 patresfamillias
668 272 884 307 familiarum
918 285 1061 309 suarum
1092 272 1238 308 Domini

260 331 371 357 essent
389 324 482 357 iuxta
500 322 627 365 legem:
655 321 803 357 Honora
821 330 955 369 patrem
972 332 1005 359 et
1023 331 1182 360 matrem.

557 435 742 480 Dia-itque
768 434 943 471 Lamech.

357 508 429 543 Lex
452 511 495 544 de
519 512 663 546 caritate
687 512 931 557 multipliciter
952 512 1090 558 prodita
1109 519 1160 547 est
1174 510 1241 547 hoc

257 559 412 604 ‘capitulo
437 573 559 606 supra:
596 562 716 606 Quare
740 563 852 598 iratus
878 570 945 605 est,
979 570 1012 598 et
1034 575 1098 597 cur
1121 564 1240 598 conci-

256 610 310 645 dit
339 610 444 646 facies
472 613 556 646 tua?
606 611 654 647 Et
678 614 823 647 deinde:
851 613 925 657 Qui
947 614 1115 649 occiderit
1138 615 1240 657 Cain,

256 662 458 706 septuplum
483 664 663 708 punietur.
729 663 777 699 Et
800 662 872 698 hic:
910 662 1037 698 Occidi
1059 665 1175 700 virum
1201 666 1239 700 in

258 712 387 746 vulnus
404 726 541 753 meum,
569 715 605 748 id
624 721 691 756 est,
718 715 813 749 luam
831 727 982 759 poenam
1001 716 1118 750 caedis
1132 717 1240 759 illius,

256 764 545 809 quandoquidem
570 766 692 799 divina
718 766 793 810 lege
815 772 956 800 cautum
982 773 1072 809 erat,
1099 779 1144 802 ne
1161 769 1239 815 quis

254 814 427 849 occideret
444 826 535 851 eum.

476 926 535 960 De
560 925 727 962 Lamech
750 938 836 963 vero
861 933 1011 975 septua.

356 999 411 1035 Ex
434 999 621 1047 Evangelii
643 1004 721 1038 loco
745 1003 919 1040 Matthaei
943 1007 1081 1041 decimo
1106 1014 1241 1050 octavo,

254 1051 299 1084 de
313 1053 475 1097 septuplo
491 1060 524 1088 et
539 1055 735 1098 septuagies
750 1056 876 1100 septies
891 1057 975 1091 satis
990 1059 1136 1103 adparet
1149 1059 1237 1093 acci-

255 1102 424 1146 piendum
442 1115 514 1137 esse
530 1115 720 1140 numerum
739 1113 872 1140 certum
889 1120 952 1153 pro
969 1108 1116 1143 incerto.
1148 1109 1238 1143 Nam

254 1151 425 1187 Hebraeis
447 1156 665 1199 septenarius
686 1168 856 1192 numerus
877 1159 1155 1194 universalitatis
1172 1173 1239 1194 nu-

253 1216 369 1238 merus
388 1211 448 1239 est.
493 1204 605 1239 Porro
624 1208 718 1252 quod
735 1209 930 1252 septuagies
946 1211 1073 1255 septies
1089 1223 1237 1256 poenam

253 1266 287 1288 se
311 1256 476 1289 daturum
498 1255 634 1301 inquit,
661 1270 735 1291 non
752 1259 850 1293 aliud
868 1267 918 1295 est
935 1273 1040 1306 quam
1060 1273 1165 1307 supra
1183 1263 1239 1297 di-

252 1305 302 1340 xit
316 1304 423 1340 Cain:
450 1305 571 1341 Maior
594 1315 645 1343 est
668 1308 838 1354 iniquitas
862 1323 959 1354 mea,
986 1324 1093 1358 quam
1117 1320 1156 1348 ut
1179 1326 1237 1348 ve-

251 1368 345 1390 niam
363 1368 512 1391 merear.

489 1460 664 1506 Cognovit
691 1472 836 1507 quoque
859 1461 996 1499 adhuc.

354 1534 470 1581 Supra
500 1537 676 1572 recensuit
708 1537 856 1582 impium
887 1551 996 1583 genus
1028 1538 1141 1581 Cain,
1180 1539 1236 1573 cni

252 1586 459 1630 imperium,
497 1587 662 1621 militiam
699 1595 733 1621 et
765 1589 905 1622 civilem
937 1591 1072 1624 cultum
1102 1590 1237 1632 tribuit,

251 1649 337 1671 voco
360 1643 477 1671 autem
500 1637 634 1671 cultum
661 1637 801 1671 civilem
824 1646 858 1674 et
882 1640 1024 1679 luxum,
1050 1647 1083 1674 et
1105 1652 1236 1674 concu-

250 1687 458 1731 piscentiam
481 1688 686 1727 oculorum,
715 1689 811 1734 quod
836 1690 1022 1734 gestientes
1044 1701 1108 1724 nos
1125 1691 1236 1726 extol-

250 1738 340 1779 lere,
370 1738 561 1772 excolimus
583 1739 701 1773 civilia
719 1751 868 1774 munera
887 1753 1135 1787 quaecunque,
1162 1754 1233 1775 non

250 1800 290 1821 ex
313 1789 402 1830 fide,
435 1789 494 1823 sed
519 1796 559 1823 ut
584 1790 802 1824 celebremus
826 1803 957 1825 nomen
980 1798 1163 1833 nostrum,
1196 1800 1236 1827 ut

250 1839 342 1873 infra
367 1841 410 1873 de
434 1840 680 1875 conditoribus
697 1840 936 1887 Babylonicae
959 1843 1067 1877 turris
1090 1843 1234 1877 dicitur:

252 1888 418 1924 Gaudent
441 1890 583 1933 ingenia
603 1898 636 1925 et
651 1892 861 1936 superbiunt
878 1893 1005 1938 opibus
1021 1893 1104 1929 suis.
1157 1892 1234 1928 Hoc

251 1940 395 1973 nomine
425 1941 647 1984 potissimum
672 1941 790 1988 Tyrus
821 1951 1005 1978 accusatur
1029 1945 1123 1989 apud
1145 1942 1233 1979 Eze-

252 1987 400 2024 chielem
425 1991 485 2028 26.
502 1992 551 2026 27
570 1997 602 2025 et
618 1992 697 2027 28.:
735 1991 770 2027 Ο
793 1993 908 2039 Tyre,
944 1995 1063 2029 dixisti
1089 1996 1233 2040 perfecti

251 2041 388 2075 decoris
418 2053 480 2086 ego
511 2054 600 2077 sum.
652 2043 756 2077 Nunc
783 2044 876 2079 redit
906 2046 951 2079 ad
982 2057 1091 2089 genus
1119 2046 1233 2091 pium.

250 2090 320 2125 Ilic
350 2092 505 2136 primum
539 2093 796 2129 consideranda
829 2095 914 2129 fides
938 2094 1037 2130 Adae
1068 2103 1101 2131 et
1124 2095 1233 2139 Evae,

251 2142 313 2187 qui
343 2154 362 2176 e
386 2142 554 2178 Paradiso
587 2143 686 2179 eiecti
708 2145 897 2190 sperabant
918 2146 1145 2182 benedictum
1169 2147 1234 2183 Se-

252 2204 335 2226 men
356 2192 449 2227 inter
472 2201 585 2229 tantas
608 2195 848 2238 adflictiones,
881 2209 962 2231 cum
983 2197 1076 2232 Abel
1100 2199 1232 2233 occidi-

252 2250 328 2282 tur,
362 2243 451 2278 Cain
481 2245 722 2288 maledicitur,
755 2259 819 2281 nec
850 2248 986 2282 reddita
1016 2256 1067 2283 est
1094 2250 1233 2285 soboles

252 2293 310 2337 pia
332 2300 412 2328 ante
430 2296 647 2339 trigesimum
666 2309 801 2332 annum
818 2309 922 2343 supra
940 2300 1234 2336 trecentesimum.

253 2342 338 2378 Seth
355 2346 428 2379 filio
446 2358 576 2380 nomen
590 2347 720 2382 factum
738 2357 788 2384 est
803 2361 822 2383 a
840 2351 1023 2394 ponendo,
1051 2363 1121 2396 quo
1137 2348 1232 2386 haud

254 2395 361 2429 dubie
377 2396 585 2440 significavit
604 2410 676 2432 non
694 2400 792 2434 nasci
810 2407 935 2435 natura
952 2401 1044 2435 filios
1058 2400 1146 2443 Dei,
1173 2403 1232 2436 sed

255 2455 273 2477 a
298 2444 373 2480 Deo
406 2448 550 2490 donari,
586 2449 685 2494 quasi
726 2451 775 2485 sic
803 2451 912 2486 dicat:
955 2450 1047 2486 Ecce
1070 2453 1172 2487 video
1195 2465 1233 2487 ea

256 2506 344 2539 quae
382 2509 400 2530 e
430 2511 534 2532 carne
560 2508 754 2536 nascuntur
784 2502 968 2536 maledicta
1001 2514 1074 2537 esse
1105 2504 1234 2545 omnia,

255 2545 369 2579 solum
402 2548 438 2581 id
467 2561 585 2584 semen
606 2549 682 2585 Deo
709 2559 888 2596 acceptum
915 2565 1008 2594 esse,
1042 2555 1136 2600 quod
1161 2555 1233 2599 ipse

255 2597 375 2639 ponit,
411 2598 498 2633 sicut
529 2601 613 2634 alias
637 2613 739 2648 saepe
761 2604 904 2639 dicitur:
940 2603 1124 2640 Suscitabo
1144 2603 1233 2639 mihi

253 2658 371 2682 semen
390 2655 453 2685 etc.

842 85 966 120 PHlL.
995 84 1110 121 MEL.
1139 85 1347 122 SCRIPTA
1376 85 1676 123 EXEGETICA.

2198 90 2273 127 788

1583 175 1687 208 Tunc
1714 177 1887 218 coeptum
1910 179 1981 209 est.

1393 239 1433 274 Id
1457 246 1526 282 est,
1558 246 1785 285 posteaquam
1809 252 1882 273 non
1906 240 2004 274 Adae
2027 247 2184 284 tantum,
2212 243 2272 276 sed

1290 297 1324 325 et
1352 290 1426 325 filio
1459 291 1557 335 pium
1591 303 1710 324 semen
1742 290 1826 332 fuit,
1859 290 1964 324 latius
1988 300 2197 336 propagatus
2222 300 2273 328 est

1290 341 1359 374 iam
1383 341 1499 376 cultus
1514 341 1594 378 Dei.
1645 339 1693 376 Et
1709 342 1790 387 quia
1810 341 2002 375 multitudo
2019 342 2176 377 docenda
2193 344 2273 386 fuit,

1290 403 1429 426 necesse
1459 392 1526 427 fuit
1549 392 1689 427 institui
1713 393 1881 438 quasdam
1906 392 2122 426 ceremonias
2144 394 2273 438 quibus

1289 449 1491 477 moveretur
1518 443 1723 479 multitudo.
1799 442 1888 477 Item
1919 444 1964 476 ad
1995 443 2273 478 consolationem

1289 493 1459 537 pertinet,
1492 506 1560 539 qua
1590 494 1788 529 confirmati
1812 494 1928 527 Adam
1951 500 1984 528 et
2009 492 2101 536 Eva,
2135 501 2274 538 postea-

1290 556 1396 589 quam
1427 544 1595 579 viderunt
1623 546 1720 590 pium
1742 557 1860 579 semen
1884 551 2044 579 exortum
2066 556 2160 587 esse,
2194 557 2273 579 cum

1289 606 1402 628 annos
1425 595 1504 638 plns
1525 602 1664 629 centum
1683 594 1775 629 nihil
1788 596 1958 630 vidissent
1976 603 2112 640 praeter
2130 596 2273 641 impiam

1293 651 1326 680 et
1343 645 1564 679 maledictam
1581 646 1847 681 multitudinem
1865 647 2017 681 familiae
2032 645 2132 682 Cain.

1664 754 1801 810 Caput
1829 756 1886 797 V.

1392 836 1491 872 Sicut
1514 850 1621 884 supra
1642 839 1797 874 diximus
1820 847 1937 874 ortum
1964 840 2108 879 mundi,
2134 839 2272 884 lapsum

1290 894 1323 922 et
1354 889 1613 924 restitutionem
1644 889 1832 925 hominum
1857 891 2029 932 describi,
2061 897 2100 925 ut
2123 890 2274 924 sciamus
2304 938 2307 939 γ

1290 945 1323 973 et
1346 950 1411 973 nos
1436 952 1527 982 esse,
1553 942 1599 975 ad
1621 953 1709 987 quos
1730 942 1878 976 verbum
1895 940 1963 975 Dei
1986 941 2213 986 pertinuerit,
2240 947 2275 975 et

1289 989 1382 1023 idem
1406 1002 1479 1026 esse
1495 992 1642 1026 verbum
1654 1019 1662 1034 ‚
1691 994 1787 1038 quod
1804 1004 1823 1026 a
1840 992 2016 1038 principio
2031 992 2156 1026 mundi
2174 1002 2275 1035 prae-

1291 1041 1446 1076 dicatum
1478 1049 1548 1085 est,
1582 1051 1616 1078 et
1647 1044 1742 1089 quod
1776 1055 1841 1077 nos
1875 1043 2078 1088 accipimus.
2140 1041 2194 1076 Ita
2216 1038 2274 1074 hic

1288 1089 1520 1141 γενεαλογίαι
1541 1101 1789 1136 recensentur,
1823 1101 1857 1129 et
1876 1100 1917 1128 ut
1940 1094 2025 1128 certi
2049 1094 2177 1134 simus,
2208 1102 2274 1125 nos

1290 1155 1362 1177 esse
1384 1144 1428 1177 ad
1452 1155 1541 1189 quos
1563 1145 1819 1189 praedictiones
1842 1145 2060 1190 pertineant,
2087 1151 2120 1178 et
2134 1150 2174 1177 ut
2189 1142 2275 1177 certi

1289 1194 1419 1236 simus,
1444 1196 1540 1229 unde
1564 1202 1599 1230 et
1623 1208 1663 1230 ex
1688 1197 1819 1242 quibus
1841 1196 2006 1230 Patribus
2030 1196 2075 1230 sit
2098 1192 2273 1229 Christus.

1289 1243 1378 1278 Nam
1394 1243 1461 1279 hoc
1478 1246 1548 1290 egit
1563 1246 1601 1280 in
1616 1247 1822 1281 universum
1839 1247 2030 1292 scriptura,
2056 1252 2095 1280 ut
2112 1245 2274 1279 redderet

1289 1307 1354 1329 nos
1374 1297 1417 1330 de
1433 1295 1577 1331 Christo
1601 1298 1831 1337 certissimos,
1855 1304 1960 1343 atque
1981 1297 2018 1331 id
2039 1297 2087 1332 ita
2104 1295 2272 1341 oportuit,

1289 1358 1329 1379 eo
1354 1348 1449 1392 quod
1472 1347 1608 1382 venerit
1626 1346 1787 1383 Christus
1808 1355 1919 1382 tectus
1941 1347 2064 1381 formis
2079 1346 2208 1387 crucis,
2233 1352 2273 1380 ut

1288 1408 1307 1429 a
1323 1408 1428 1430 carne
1443 1398 1585 1441 agnosci
1598 1410 1672 1431 non
1687 1398 1853 1442 potuerit.
1891 1396 1998 1440 Quod
2014 1395 2141 1431 Enoch
2157 1403 2272 1431 trans·-

1289 1446 1380 1480 latus
1401 1454 1452 1481 est
1473 1449 1517 1481 ad
1539 1446 1655 1482 Deum
1679 1448 1877 1493 exemplum
1902 1454 2081 1482 ostensum
2106 1454 2175 1488 est,
2200 1459 2270 1492 quo

1288 1497 1556 1534 confirmaretur
1578 1499 1664 1532 fides
1680 1498 1839 1534 Patrum.
1891 1497 1993 1532 Sicut
2010 1504 2094 1532 nato
2112 1495 2198 1532 Seth
2216 1509 2273 1530 re-

1288 1555 1416 1582 novata
1442 1555 1492 1582 est
1514 1549 1692 1592 generatio
1714 1555 1935 1589 sanctorum,
1962 1560 2042 1583 cum
2065 1554 2137 1582 tota
2156 1554 2272 1593 poste-

1288 1598 1372 1632 ritas
1386 1597 1477 1632 Cain
1498 1599 1609 1633 oblita
1626 1597 1692 1632 Dei
1707 1599 1779 1634 suis
1795 1598 2048 1644 cupiditatibus
2063 1598 2271 1634 ferreretur:

1287 1647 1336 1682 ita
1359 1646 1416 1682 hic
1438 1656 1522 1683 nato
1538 1648 1613 1684 Noe
1637 1656 1805 1684 renovata
1827 1656 1880 1685 est
1900 1656 2102 1684 sanctorum
2124 1661 2272 1693 genera-

1287 1698 1356 1733 tio:
1388 1711 1471 1733 nam
1496 1700 1603 1744 paulo
1628 1707 1709 1734 ante
1732 1702 1952 1735 decesserant
1973 1701 2090 1734 Adam
2113 1707 2147 1734 et
2170 1698 2271 1742 Seth,

1287 1756 1320 1783 et
1337 1747 1464 1784 Enoch
1487 1751 1677 1785 translatus
1694 1758 1786 1792 erat,
1811 1758 1845 1786 et
1860 1751 1950 1785 sicut
1966 1748 2053 1786 Seth
2070 1763 2088 1784 a
2103 1752 2269 1796 ponendo

1286 1812 1417 1834 nomen
1438 1808 1493 1836 est·
1503 1801 1674 1843 inditum,
1699 1801 1876 1836 Dominus
1891 1802 1985 1836 enim
2005 1808 2057 1836 est
2074 1802 2134 1848 qui
2150 1814 2269 1836 semen

1285 1858 1446 1885 sanctum
1474 1852 1599 1886 donat:
1640 1851 1688 1887 ita
1709 1851 1805 1888 Noae
1836 1865 1967 1886 nomen
1997 1853 2151 1887 inditum
2177 1859 2227 1887 est
2248 1864 2269 1887 a

1285 1902 1421 1943 fructu,
1453 1903 1550 1948 quod
1574 1903 1648 1948 ipse
1671 1903 1765 1938 inter
1787 1910 1839 1938 tot
1861 1903 1989 1948 impios
2012 1903 2151 1937 futurus
2170 1909 2269 1945 esset,

1285 1952 1347 1998 qui
1372 1953 1614 1988 consolaretur
1632 1961 1790 1996 sanctos,
1823 1960 2044 1988 conservaret
2064 1954 2212 1988 verbum
2234 1961 2269 1988 et

1284 2004 1555 2048 promissionem
1564 2004 1649 2045 Dei,
1676 2012 1710 2040 et
1724 2006 1947 2039 confirmaret
1960 2005 2065 2038 fidem
2082 2011 2267 2050 expectan-

1284 2054 1375 2089 tium
1393 2066 1532 2098 semen,
1559 2068 1629 2102 quo
1647 2056 1891 2091 restitueretur
1907 2055 1992 2092 vitaz

1652 2164 1787 2220 Caput
1821 2166 1897 2208 VI.

1387 2247 1488 2292 Quae
1516 2256 1655 2294 peccata
1681 2247 1855 2283 diluvium
1879 2250 2129 2294 praecesserint
2151 2255 2265 2283 textus

1283 2295 1343 2333 hic
1365 2300 1523 2344 exponit:
1555 2299 1760 2334 Promiscua
1786 2299 1898 2333 libido
1923 2306 2027 2345 atque
2049 2300 2137 2333 adeo
2162 2299 2264 2333 luxus

1283 2350 1401 2384 omnis
1421 2350 1577 2394 generis,
1611 2351 1673 2397 qui
1695 2360 1774 2385 cum
1798 2351 1948 2384 libidine
1971 2350 2178 2384 coniunctus
2200 2356 2262 2383 est.

1283 2400 1343 2435 Sic
1357 2401 1452 2435 enim
1470 2401 1597 2447 inquit,
1627 2401 1847 2446 Acceperunt
1864 2402 1932 2435 sibi
1948 2411 2072 2435 uxores
2088 2412 2127 2433 ex
2144 2399 2262 2434 omni-

1284 2452 1350 2486 bus
1373 2463 1460 2497 quas
1481 2452 1675 2496 elegerant,
1700 2452 1735 2486 id
1753 2459 1820 2494 est,
1846 2457 2020 2498 quotquot
2038 2451 2169 2484 libebat
2183 2462 2262 2484 cor-

1283 2503 1507 2547 rumpebant.
1558 2502 1606 2538 Et
1627 2503 1711 2549 quia
1734 2514 1851 2537 secum
1869 2501 1972 2536 habet
1988 2501 2100 2535 libido
2120 2501 2262 2546 potissi-

1282 2564 1379 2587 mum
1410 2553 1631 2588 securitatem
1659 2554 1919 2589 contemtricem
1947 2552 2159 2586 iudiciorum
2182 2550 2262 2594 Dei,

1283 2610 1466 2638 accusatur
1487 2602 1546 2638 hic
1563 2617 1705 2651 quoque
1720 2604 1884 2638 securitas
1901 2610 1935 2637 et
1949 2609 2144 2637 contemtus
2160 2602 2262 2636 verbi

1282 2653 1367 2697 Dei,
1392 2667 1471 2690 cum
1493 2656 1627 2702 inquit:
1655 2654 1829 2690 Iudicabit
1852 2653 1995 2699 spiritus
2016 2664 2114 2688 meus
2134 2653 2172 2686 in
2194 2650 2261 2688 ho-
