2379 2948
134 82 211 120 285
704 81 770 119 111.

135 167 230 202 Solis
253 167 296 201 ad
320 167 453 208 stellas,
488 167 543 201 vel
570 167 749 201 stellarum
777 167 822 200 ad
852 166 981 200 Solem.

133 229 274 252 occasus
298 218 403 261 vulgo
428 216 581 251 heliacos
602 223 738 251 vocant.

237 267 498 302 Discernuntur
527 274 642 301 autem
674 264 710 298 hi
735 273 832 299 ortus
856 272 888 299 et
912 277 1052 299 occasus
1077 266 1115 298 in

131 320 203 352 duo
220 331 359 362 genera.
414 318 595 352 Vocantur
611 316 704 348 enim
728 316 789 348 alii
813 322 910 349 ortus
936 316 1113 359 matutini,

133 369 195 402 alii
217 369 420 414 vespertini.
459 367 631 402 Similiter
646 366 813 400 dicuntur
832 373 864 400 et
881 378 1021 400 occasus
1038 379 1114 400 ma—

132 420 238 454 tutini
264 427 299 454 et
320 418 518 464 vespertini.

232 468 364 515 Estque
410 475 506 502 ortus
549 467 761 509 matutinus,
821 465 980 512 ἀνατολὴ
1025 464 1110 509 gula,

130 522 273 565 quando
289 521 505 566 stellanmane
523 525 602 551 ante
626 524 742 551 ortum
761 517 855 551 Solis
881 530 985 563 supra
1012 515 1111 551 hori-

129 578 266 605 zontem
306 571 433 603 iterum
478 569 711 613 conspicitur,
760 581 848 613 quae
887 570 992 613 paulo
1030 577 1110 604 aute

126 627 270 666 propter
286 619 379 654 Solis
401 619 509 653 vicini
524 620 697 663 fulgorem
716 631 789 652 non
812 621 1032 655 cernebatur.

229 668 340 704 Ortus
389 670 627 714 vespertinus,
669 668 829 715 ἀνατολὴ
861 668 1010 716 {ansula
1047 677 1108 709 est,

128 721 269 767 quando
299 721 397 754 stella
430 733 598 765 apparere
630 721 753 764 incipit
779 722 915 764 vesperi
939 734 1019 754 mox
1044 721 1108 754 sub

127 782 286 808 occasum
304 771 417 813 Solis,
445 783 534 816 quae
551 771 649 815 prius
671 771 808 814 aliquot
826 771 949 805 diebus
964 778 1108 815 propter

123 820 217 856 Solis
238 822 537 866 propinquitatem
562 833 635 854 non
659 823 877 855 cernebatur.
938 821 986 854 Hi
1011 829 1108 855 ortus

122 872 226 905 ambo
243 872 423 906 stellarum
443 884 514 905 non
531 872 654 917 procul
673 873 716 905 ab
731 871 903 916 Ecliptica
922 873 1107 905 disceden-

121 922 212 955 tium
233 934 368 966 semper
382 923 669 958 coniunctionem
688 923 842 967 ipsarum
860 935 938 956 cum
956 922 1038 957 Sole
1053 935 1107 956 se-

123 979 295 1017 quuntur.

222 1021 378 1056 Occasus
408 1023 622 1064 matutinus,
664 1020 769 1062 ὃύσις
797 1024 852 1057 vel
874 1021 1009 1069 κρύψις
1033 1021 1106 1058 {uia

122 1078 187 1112 est,
216 1075 358 1118 quando
375 1075 474 1107 stella
492 1074 538 1108 ita
558 1086 666 1118 prope
683 1076 725 1107 ad
744 1074 861 1108 Solem
888 1076 1019 1108 accedit
1032 1100 1040 1113 ,
1068 1081 1107 1107 ut

120 1135 198 1156 cum
216 1126 314 1167 prius
332 1136 432 1157 mane
451 1132 531 1158 ante
549 1124 641 1158 Solis
660 1132 776 1159 ortum
792 1132 1002 1164 cerneretur,
1030 1137 1106 1158 arn-

118 1173 213 1216 plius
230 1175 386 1218 conspici
404 1175 551 1208 desinat.

221 1222 377 1258 Occasus
399 1225 634 1269 vespertinus,
669 1222 773 1264 δύσις
796 1223 818 1270 ἢ
841 1222 977 1271 κρύψις
1002 1224 1104 1260 ἑσπε-

119 1270 183 1319 ρία
216 1281 284 1312 est,
325 1277 467 1319 quando
499 1276 600 1309 stella
631 1282 732 1309 antea
756 1277 943 1319 conspicua
967 1276 1103 1319 vesperi

117 1330 195 1367 post
225 1324 319 1358 Solis
349 1336 530 1364 occasum,
570 1325 617 1357 ita
649 1326 685 1358 fit
710 1327 909 1371 propinqua
937 1326 1030 1367 Soli,
1064 1332 1102 1359 ut

116 1374 230 1407 visum
249 1381 408 1407 nostrum
425 1375 580 1417 effugiat.

216 1423 264 1457 Hi
281 1436 423 1458 occasus
446 1425 550 1458 ambo
569 1424 606 1456 in
625 1424 736 1457 stellis
755 1425 880 1458 vicinis
898 1423 1101 1468 Eclipticae,

114 1486 252 1518 semper
279 1475 436 1520 ipsarum
465 1487 544 1509 curn
568 1474 651 1508 Sole
680 1475 967 1510 coniunctionem
1000 1488 1100 1520 prae-

115 1526 254 1558 cedunt.

216 1575 320 1610 Nunc
336 1575 577 1610 consideretur
594 1576 797 1612 discrimen.

214 1625 303 1659 Tres
328 1627 524 1670 superiores
557 1626 742 1665 Planetae,
784 1627 844 1672 qui
875 1640 947 1660 non
982 1627 1027 1660 ita
1053 1628 1095 1659 ad

113 1677 206 1711 Solis
224 1677 389 1709 viciniam
407 1677 538 1719 alligati
557 1685 650 1716 sunt,
675 1679 731 1709 scd
752 1678 863 1711 libero
883 1679 1018 1710 incessu
1037 1690 1097 1720 per

112 1734 224 1761 totum
243 1727 434 1760 Zodiacum
452 1733 641 1769 vagantur,
669 1726 756 1772 (nisi
776 1729 869 1772 quod
889 1729 924 1760 in
942 1728 1096 1772 epicyclo

112 1789 214 1811 suum
260 1789 400 1811 cursum
447 1778 713 1811 accommodant
745 1778 787 1810 ad
821 1778 914 1811 Solis
945 1782 1095 1819 motum)

110 1828 276 1862 oriuntur
294 1835 431 1861 tantum
449 1827 620 1861 matutino
647 1834 744 1867 ortu,
771 1835 802 1860 et
827 1829 993 1861 occidunt
1017 1835 1096 1861 tan-

110 1887 185 1913 tum
213 1879 410 1922 vespertino
442 1889 583 1918 occasu,
619 1884 658 1911 ut
682 1879 802 1911 stellae
824 1879 921 1911 coelo
953 1879 1094 1911 adfixae.

107 1928 289 1963 Praecedit
307 1936 422 1963 autem
446 1940 586 1962 occasus
603 1929 821 1972 vespertinus
844 1929 880 1961 in
899 1930 1012 1962 tribus
1033 1941 1092 1961 su-

108 1980 328 2024 perioribus,
363 1991 450 2024 quos
477 1980 612 2012 tardius
640 1979 839 2012 incedentes
865 1979 926 2013 Sol
952 1980 1092 2013 tandem

109 2031 325 2074 assequitur,
351 2037 385 2064 et
401 2031 566 2063 accedens
594 2030 746 2074 primum
771 2030 944 2073 fulgorem
969 2042 1091 2063 eorum

108 2079 265 2121 hebetat,
288 2082 346 2113 sed
371 2088 487 2114 tamen
507 2080 716 2126 aliquandiu
742 2078 857 2113 adhuc
885 2087 964 2124 post
988 2093 1090 2113 suum

108 2142 269 2165 occasum
294 2131 387 2175 ipsos
412 2143 516 2176 supra
551 2129 771 2164 horizontem
802 2132 1009 2175 conspicuos
1036 2143 1092 2164 re-

109 2180 258 2226 linquit,
297 2194 367 2226 quo
392 2189 551 2226 tempore
573 2189 745 2215 vocantur
767 2180 925 2228 ἑσπέριοι
951 2188 983 2215 et
1006 2178 1091 2215 ἑπό-

105 2243 231 2277 μενοι,
255 2237 288 2264 et
306 2232 435 2266 minuti
452 2232 604 2273 lumine,
630 2232 729 2266 cuius
744 2239 861 2266 tamen
880 2233 1089 2277 appellatio-

106 2283 163 2316 nis
178 2282 282 2315 etiam
301 2279 386 2315 haec
402 2294 501 2316 causa
517 2295 589 2317 esse
606 2289 737 2327 potest,
766 2295 855 2327 quae
871 2294 976 2328 supra
994 2283 1088 2316 dicta

107 2340 176 2374 est,
203 2332 298 2377 quod
319 2331 401 2365 Sole
420 2334 563 2376 propius
578 2334 775 2374 accedente,
804 2340 873 2367 tres
890 2334 1088 2378 superiores

104 2384 144 2416 in
163 2383 300 2426 fastigia
317 2393 460 2415 suorum
478 2384 713 2429 epicyclorum
737 2384 968 2426 attolluntur,
992 2385 1087 2418 unde

105 2440 225 2478 postea
257 2444 396 2466 necesse
422 2439 473 2466 est
502 2440 644 2478 propter
677 2434 920 2473 altitudinem,
963 2447 1085 2468 eorum

106 2496 251 2528 corpora
268 2484 365 2517 cerni
385 2483 521 2516 minora
538 2490 571 2517 et
589 2484 706 2517 minus
723 2485 868 2527 fulgida.

1040 164 1116 199 Hos

822 79 979 116 INITIA
1004 77 1295 117 DOCTRINAE
1323 82 1576 121 PHYSICAE.

1131 1092 1135 1152 l

2075 86 2150 122 286

1168 173 1253 200 tunc
1273 167 1413 211 quidem
1432 170 1599 204 dicuntur
1613 171 1781 204 occidisse
1797 182 1921 205 occasu
1933 172 2146 215 vespertino,

1167 229 1271 261 aquo
1306 224 1461 261 tempore
1494 228 1665 254 vocantur
1698 220 1880 269 ὕπαυγοι,
1914 223 2019 264 vulgo
2050 235 2146 256 com-

1166 267 1280 307 busti,
1307 268 1418 300 donec
1442 269 1569 302 iterum
1594 272 1764 315 incipiant
1789 273 1960 316 conspici,
1988 273 2023 305 id
2050 275 2145 317 quod

1166 324 1241 351 tum
1277 318 1417 350 demum
1445 318 1504 358 fit,
1547 332 1623 353 cum
1657 323 1718 355 Sol
1750 331 1828 366 post
1859 323 2145 356 coniunctionem

1165 374 1459 412 praetergressu5‚
1486 379 1561 409 εοε,
1586 377 1624 403 ut
1639 372 1829 414 tardiores,
1856 381 1933 417 post
1950 385 1984 407 se
2001 373 2145 418 reliquit

1166 425 1263 451 tanto
1286 418 1497 458 intervallo,
1524 426 1563 452 ut
1589 431 1709 453 rursus
1728 424 1822 454 cerni
1845 424 1988 467 possint.
2040 423 2144 457 Tunc

1165 469 1251 501 oriri
1269 469 1436 502 dicuntur
1452 470 1625 502 matutino
1643 477 1722 503 ortu
1734 496 1743 509 ,
1770 481 1940 507 vocantur
1957 481 1990 508 et
2011 472 2093 508 ἓῶοι
2111 480 2145 507 et

1164 516 1456 566 προηγόιῃιενοι,
1483 526 1515 553 et
1531 521 1624 553 aucti
1640 521 1786 561 lumine,
1809 534 1882 555 non
1900 525 1977 556 ideo
1994 531 2143 562 tantum,

1164 574 1256 615 quod
1269 570 1331 604 Sol
1343 571 1386 603 ab
1405 570 1454 603 eis
1471 570 1669 613 digrediens
1685 572 1803 604 minus
1818 573 2004 618 minusque
2021 587 2142 608 eorum

1163 622 1284 654 lumen
1302 618 1463 662 hebetat,
1489 622 1548 654 sed
1567 622 1670 654 etiam
1688 623 1782 667 quod
1800 623 1866 666 ipsi
1891 630 1974 657 tunc
1997 625 2040 657 de
2065 637 2142 658 arce

1163 672 1400 717 epicyclorum
1432 674 1878 718 suorumssdescendenteffi
1914 681 2025 707 terrae
2051 675 2142 707 inci-

1165 722 1268 765 piunt
1286 734 1357 756 esse
1374 723 1567 766 propiores,
1595 724 1690 757 unde
1709 730 1741 758 et
1761 724 2003 768 magnitudine
2021 731 2054 757 et
2070 725 2141 757 ful-

1162 784 1245 816 gore
1262 774 1350 806 fiunt
1365 774 1474 816 magis
1493 774 1684 818 conspicui.

1263 823 1362 857 Sicut
1377 831 1491 857 autem
1509 831 1578 858 tres
1594 824 1791 869 superiores
1816 831 1953 859 tantum
1978 825 2144 859 occidunt

1161 885 1285 907 occasu
1318 875 1536 918 vespertino,
1576 882 1609 909 et
1640 876 1804 909 oriuntur
1836 883 1916 909 ortu
1949 876 2142 909 matutino:

1161 924 1207 957 ita
1226 931 1367 957 econtra
1387 927 1485 958 Luna
1515 926 1643 959 occidit
1661 933 1795 959 tantum
1819 939 1942 960 occasu
1965 927 2138 960 matutino

1162 982 1194 1008 et
1224 975 1338 1008 oritur
1370 982 1450 1008 ortu
1482 977 1699 1020 vespertino,
1747 984 1890 1020 propter
1926 977 2139 1010 celeritatem

1161 1037 1278 1064 suam,
1305 1037 1374 1069 qua
1391 1026 1494 1068 longe
1519 1027 1662 1059 vincens
1679 1026 1772 1060 Solis
1808 1039 1949 1060 cursum
1984 1027 2139 1071 assequi-

1160 1082 1217 1109 tur
1237 1087 1315 1108 eum
1340 1077 1525 1119 postremis
1551 1078 1674 1110 diebus
1699 1077 1847 1118 mensis,
1884 1078 2012 1122 quibus
2037 1089 2140 1110 mane

1159 1133 1239 1159 ante
1263 1125 1355 1159 Solis
1380 1133 1495 1159 ortum
1523 1127 1596 1170 ipsa
1624 1127 1831 1171 aliquandiu
1856 1128 2070 1171 conspicitur
2085 1127 2140 1159 vi-

1159 1177 1235 1209 cina
1270 1174 1465 1216 horizonti,
1493 1178 1603 1210 donec
1627 1178 1771 1220 propius
1793 1179 1958 1210 accedeus
1985 1184 2056 1210 tota
2079 1189 2140 1210 oc—

1158 1227 1322 1260 cultatur.
1374 1226 1512 1259 Deinde
1534 1234 1609 1270 post
1630 1228 1916 1261 coniunctionem
1944 1239 1962 1260 a
1981 1227 2063 1261 Sole
2082 1227 2139 1260 di-

1157 1288 1270 1319 gressa
1294 1277 1429 1320 vesperi
1455 1284 1532 1320 post
1555 1277 1648 1310 Solis
1671 1290 1831 1312 occasum
1857 1278 1984 1311 iterum
2013 1278 2138 1322 incipit

1158 1339 1351 1369 emergere,
1380 1328 1485 1370 idque
1510 1328 1595 1360 alias
1618 1329 1747 1366 serius,
1778 1329 1862 1361 alias
1884 1328 2073 1369 maturius,
2099 1335 2139 1362 ut

1157 1388 1260 1420 supra
1280 1377 1412 1409 dictum
1430 1383 1490 1410 est.

1257 1426 1325 1459 Sed
1353 1424 1409 1459 hic
1434 1427 1536 1460 etiam
1559 1427 1815 1461 consideranda
1839 1435 1889 1461 est
1919 1428 2135 1461 differentia:

1154 1475 1298 1520 Reliqui
1316 1477 1472 1521 quinque
1488 1477 1652 1511 planetae
1675 1490 1692 1511 a
1710 1479 1824 1511 vicino
1842 1478 1924 1512 Sole
1947 1479 1992 1512 ita
2011 1480 2138 1512 obscu-

1153 1533 1289 1567 rantur,
1316 1535 1355 1561 ut
1370 1527 1433 1570 ipsi
1454 1528 1595 1572 quidem
1614 1540 1715 1561 suum
1734 1529 1854 1562 lumen
1875 1542 1945 1562 non
1964 1530 2137 1571 amittant,

1152 1578 1210 1610 sed
1238 1585 1375 1610 tantum
1398 1579 1585 1621 splendore
1611 1580 1698 1612 lucis
1723 1580 1846 1613 solaris
1878 1581 2075 1613 obruantur
2102 1588 2135 1613 et

1152 1635 1333 1669 tegantur,
1373 1630 1431 1661 sed
1459 1629 1558 1662 Luna
1577 1631 1744 1662 accedens
1770 1631 1811 1662 ad
1833 1630 1948 1664 Solem
1976 1631 2134 1674 propius,

1153 1690 1225 1710 non
1244 1680 1349 1711 modo
1369 1679 1523 1712 vincitur
1548 1681 1645 1723 copia
1665 1681 1751 1713 lucis
1774 1681 1916 1721 solaris,
1943 1683 2001 1713 sed
2027 1682 2133 1714 etiam

1151 1729 1268 1761 lumen
1294 1741 1395 1762 suum
1420 1730 1568 1770 amittit,
1603 1728 1669 1763 hoc
1702 1738 1768 1769 est,
1799 1732 1894 1763 illam
1919 1739 2052 1774 partem
2079 1732 2134 1764 sui

1150 1779 1322 1821 corporis,
1351 1792 1438 1823 quae
1455 1781 1529 1813 luce
1548 1781 1652 1813 solari
1672 1781 1808 1823 perfusa
1831 1787 1902 1821 est,
1930 1788 2039 1814 totam
2063 1782 2130 1825 ipsi

1149 1828 1222 1862 Soli
1243 1830 1414 1869 obvertit,
1442 1838 1473 1862 et
1492 1831 1533 1863 ad
1562 1843 1624 1863 nos
1647 1832 1791 1864 alteram
1818 1838 1951 1875 partem
1978 1832 2055 1864 luce
2075 1845 2128 1864 cau

1148 1887 1282 1912 rentem
1316 1881 1500 1916 convertit.
1561 1881 1610 1914 Ita
1640 1881 1694 1921 fit,
1736 1888 1774 1914 ut
1796 1881 1897 1914 Luna
1924 1882 2012 1914 circa
2045 1894 2130 1915 con-

1148 1929 1365 1962 iunctionem
1385 1931 1514 1964 nostris
1531 1932 1641 1964 oculis
1660 1943 1802 1975 prorsus
1820 1930 2058 1966 subtrahatur.

1249 1980 1317 2013 Sed
1356 1981 1426 2014 duo
1462 1982 1664 2022 inferiores,
1710 1981 1831 2015 Venus
1861 1990 1892 2016 et
1915 1982 2127 2026 Mercurius,

1148 2042 1268 2063 omnes
1293 2028 1356 2063 lias
1373 2031 1592 2064 differentias
1618 2040 1758 2065 ortuum
1783 2040 1814 2066 et
1833 2045 2017 2066 occasuum
2040 2034 2128 2066 reci-

1145 2081 1266 2124 piunt,
1295 2088 1326 2114 et
1345 2089 1520 2125 praeterea
1541 2083 1644 2115 etiam
1663 2095 1759 2116 more
1782 2083 1888 2116 trium
1906 2083 2128 2126 superiorum

1145 2143 1267 2164 omnes
1294 2132 1381 2165 alias
1405 2132 1496 2166 vices
1523 2133 1735 2173 stationum,
1770 2134 1855 2166 recti
1888 2134 2057 2171 incessus,
2094 2140 2129 2167 et

1144 2182 1431 2227 reciprocationis
1465 2184 1616 2224 obeunt,
1652 2196 1751 2225 cum,
1786 2190 1824 2217 ut
1856 2195 1958 2226 supra
1993 2184 2126 2217 dictum

1144 2239 1214 2271 est,
1241 2233 1289 2266 ita
1306 2234 1348 2266 ad
1367 2233 1461 2267 Solis
1486 2234 1785 2278 propinquitatem
1808 2233 1940 2276 alligati
1971 2234 2062 2274 sint,
2087 2240 2126 2268 ut

1144 2283 1188 2316 ab
1222 2295 1262 2316 eo
1287 2284 1359 2316 fere
1391 2296 1464 2317 non
1499 2285 1639 2328 longius
1669 2285 1807 2326 digredi
1837 2284 1988 2327 possint,
2019 2296 2125 2329 quam

1143 2341 1273 2378 quanta
1289 2340 1339 2368 est
1352 2335 1587 2380 epicyclorum
1606 2335 1814 2378 amplitudo.
1865 2333 2040 2378 Perpetuo
2058 2335 2125 2378 igi-

1142 2391 1201 2418 tur
1229 2385 1328 2429 quasi
1358 2385 1544 2428 satellites,
1577 2385 1636 2429 qui
1663 2384 1859 2417 ministerio
1889 2391 1920 2418 et
1945 2385 2124 2418 custodiae

1142 2435 1298 2478 corporis
1315 2436 1400 2478 regii
1422 2436 1584 2478 praefecti
1600 2441 1702 2475 sunt,
1728 2435 1818 2467 circa
1834 2434 1952 2468 Solem
1977 2447 2122 2468 versan-

1141 2492 1215 2526 tur,
1241 2492 1273 2519 et
1289 2487 1394 2518 modo
1413 2487 1454 2519 ad
1476 2497 1553 2517 cum
1571 2486 1751 2525 accedunt,
1775 2491 1940 2530 tanquam
1956 2487 2121 2519 mandata

209 2534 369 2568 Tandem
404 2533 550 2578 propius
573 2535 739 2567 accedens
766 2535 828 2568 Sol
853 2547 998 2579 prorsus
1027 2547 1085 2569 eos
1111 2549 1114 2563 v
1139 2536 1334 2579 accepturi,
1371 2542 1431 2568 aut
1462 2534 1696 2567 ministerium
1728 2535 1871 2580 aliquod
1902 2536 2122 2580 praestaturi,

106 2596 169 2619 suo
184 2585 372 2629 splendore
392 2584 562 2622 occultat,
588 2590 628 2617 ut
650 2585 787 2627 vesperi
805 2592 884 2628 post
906 2586 1000 2619 Solis
1025 2598 1085 2619 oc-

106 2647 223 2670 casum
246 2647 320 2670 non
343 2635 494 2680 amplius
517 2641 726 2680 appareant,
760 2634 849 2669 sicut
871 2643 983 2670 antea.
1037 2635 1085 2670 Et

1139 2588 1244 2619 modo
1267 2597 1389 2618 rursus
1414 2585 1456 2617 ab
1477 2596 1516 2617 eo
1548 2592 1756 2625 excurrunt,
1793 2586 1893 2631 quasi
1914 2587 2118 2630 speculandi

1138 2648 1242 2670 causa
1270 2634 1416 2676 emissi,
1441 2641 1481 2668 ut
1506 2635 1581 2669 viae
1611 2635 1767 2680 pericula
1792 2637 1995 2682 explorent,
2025 2638 2119 2670 unde
