2379 2948
112 93 187 128 545

109 181 196 217 hus,
222 185 262 213 ut
288 179 484 223 significent
510 179 715 213 discrimina
743 180 998 214 dominiorum.

110 241 185 263 non
201 229 353 275 intelligi
373 238 521 276 possunt
544 230 692 264 relativa
719 230 795 263 sine
818 232 974 264 duorum
998 230 1107 263 colla-

110 281 227 322 tione,
260 289 316 323 ut,
344 284 386 315 de
410 283 524 316 limite
549 281 726 324 cogitans,
763 281 916 324 lapidem
946 288 979 314 et
1003 292 1106 323 agro-

111 344 190 365 rum
209 332 471 366 distinctionem
490 332 639 366 confers,
697 331 778 364 ldeo
797 332 1005 365 Aristoteles
1023 331 1106 365 haec

111 383 257 416 nomina
276 392 377 418 vocat
393 380 484 430 πρός
497 395 552 423 τι,
583 382 664 427 quia
684 394 821 426 semper
838 384 881 415 ad
900 383 996 416 aliud
1016 384 1105 416 rese·

111 441 258 476 runtur,
287 443 323 469 ut
346 442 443 480 pater
459 435 502 466 ad
520 433 653 473 filium,
681 433 774 467 filius
793 434 834 465 ad
857 440 1001 478 patrem.

325 530 427 568 Quae
450 531 507 560 est
529 526 699 561 secunda
723 526 885 574 reyula?

732 93 776 128 V.
826 90 1150 129 EROTEMATA
1183 90 1518 131 DlALECTICES.

210 594 329 629 Omne
345 594 534 627 relativum
554 602 715 629 versatur
731 596 824 629 inter
841 596 923 636 duo,
952 608 1102 641 quorum
1132 628 1133 642 3

110 647 259 680 alterum
279 652 424 679 vocatur
440 646 727 686 fundamentum,
754 648 904 680 alterum
919 647 1104 682 terminus.
1131 676 1133 679 .

1129 840 1131 853 Ι

108 850 218 883 menti
244 850 288 882 ad
315 851 525 891 terminum,
554 858 612 892 ut,
636 864 715 884 cum
742 852 784 884 de
812 858 911 896 patre
940 851 1103 892 dicimus,
1129 866 1130 875 ¹

106 901 376 934 fundamentum
396 908 446 935 est
471 913 620 945 persona
648 914 737 948 quae
761 903 901 945 genuit,
929 903 1102 935 terminus

106 963 258 996 persona
279 952 414 995 genita,
442 954 530 986 ordo
548 965 565 986 a
583 960 681 997 patre
699 955 741 986 ad
764 954 875 987 filium
894 954 1024 988 dicitur
1041 966 1102 997 pa-
1128 977 1129 980 =

105 1003 263 1037 ternitaS.

209 1063 352 1096 Limitis
381 1063 650 1097 fundamentum
675 1065 763 1109 lapis
791 1073 852 1099 est.
908 1064 1101 1098 Terminus

106 1114 361 1158 significatum,
389 1115 571 1148 distinctio
589 1127 767 1158 agrorum.
811 1115 952 1149 Relatio
971 1123 1021 1149 est
1041 1128 1100 1149 or—

106 1166 242 1198 dinatio
268 1165 396 1209 lapidis
426 1167 468 1199 ad
494 1166 759 1209 significandam
786 1165 875 1200 hanc
901 1167 1099 1200 distinctio-

106 1229 187 1249 nem
210 1228 386 1260 agrorum.

212 1275 387 1320 Baptismi
405 1276 678 1310 fundamentum
697 1284 744 1309 est
766 1283 837 1310 tota
855 1278 956 1315 actio,
985 1278 1021 1310 id
1039 1285 1098 1318 est,

105 1327 235 1360 mersio
253 1335 285 1359 et
301 1327 552 1370 pronunciatio
576 1328 786 1366 verborum,
815 1329 852 1361 in
876 1341 943 1373 qua
967 1341 1097 1362 nomen

103 1377 172 1411 Dei
190 1378 396 1417 invocatur,
424 1383 456 1409 et
473 1377 511 1410 fit
529 1377 726 1410 testificatio
746 1380 854 1422 recipi
874 1391 891 1410 a
909 1378 983 1412 Deo
1002 1377 1096 1412 hunc

104 1427 304 1467 hominem,
340 1428 401 1473 qui
425 1428 560 1461 interea
586 1424 771 1472 mergiturss
823 1429 1016 1464 Terminus
1046 1439 1096 1465 est

105 1480 362 1523 significatum,
400 1479 564 1512 videlicet
598 1480 731 1514 remitti
764 1488 921 1524 peccata,
958 1489 990 1515 et
1017 1489 1095 1515 tan-

104 1543 211 1576 quam
228 1530 325 1563 ablui
344 1530 515 1573 sanguiue
534 1531 596 1563 filii
616 1529 695 1566 Dei.
751 1530 847 1565 Inter
864 1529 948 1566 haec
972 1534 1095 1567 relatio

105 1589 174 1622 est,
201 1579 293 1614 hanc
320 1588 427 1615 totam
452 1582 626 1615 actionem
653 1583 854 1616 ordinatam
881 1596 953 1618 esse
980 1586 1023 1618 ad
1049 1586 1096 1618 si-

106 1633 342 1676 gnificandam
363 1633 607 1666 remissionem
626 1641 860 1677 peccatorum.

209 1692 369 1726 Servitus
386 1693 424 1724 in
441 1704 543 1735 agro,
570 1692 842 1727 fundamentum
862 1692 966 1728 habet
982 1695 1097 1739 ipsum
1123 1725 1125 1732 ,

295 1742 488 1776 Terminus
507 1750 557 1777 est
573 1744 772 1777 dominium
791 1746 934 1789 aliquod
948 1771 956 1783 ,
983 1746 1018 1778 id
1037 1754 1098 1784 est,
1124 1764 1125 1780 2

106 1756 242 1788 agrum.

106 1797 162 1829 ius
181 1794 313 1828 utentis
331 1806 433 1837 agro,
461 1802 498 1827 ut
517 1795 544 1826 si
564 1795 642 1839 quis
661 1793 787 1828 habeat
805 1797 870 1829 iter
886 1809 948 1840 per
964 1809 1098 1840 agrum.

104 1847 203 1880 lnter
223 1843 308 1878 haec
324 1845 504 1878 ordinatio
522 1847 597 1889 agri
625 1848 667 1879 ad
694 1847 794 1880 illum
818 1859 941 1887 usum,
970 1856 1018 1882 est
1043 1861 1098 1881 re-

104 1897 202 1932 latio.
243 1896 326 1929 ldeo
346 1897 469 1929 dicunt
490 1896 754 1938 lurisconsuhi,
783 1899 917 1931 nullam
935 1911 1006 1932 esse
1026 1912 1099 1932 ser-
1124 1908 1125 1918 ¹

104 1949 251 1981 vitutem
264 1973 272 1986 ,
302 1948 371 1981 nisi
388 1948 426 1980 in
444 1948 564 1993 aliquo
586 1961 746 1993 corpore.

208 2007 346 2041 Peccati
369 2008 643 2041 fundamentum
667 2016 717 2042 est
740 2010 895 2043 defectus
923 2011 1012 2054 ipse,
1040 2018 1099 2044 aut

106 2071 214 2104 prava
232 2059 428 2099 inclinatio,
446 2059 501 2091 vel
519 2059 609 2093 actio
628 2068 750 2094 contra
771 2062 879 2104 legem
899 2061 977 2096 Dei.
1008 2062 1098 2095 Ter-

107 2111 226 2143 minus
250 2117 333 2148 est‚'
347 2111 553 2143 damnatum
571 2118 604 2144 et
622 2112 791 2145 reiectum
811 2124 884 2145 esse
901 2126 916 2146 a
936 2112 1010 2146 Deo
1030 2114 1099 2146 ira—

107 2167 225 2195 scente
249 2161 303 2192 illi
326 2161 492 2204 pravitati
519 2169 549 2195 et
574 2160 713 2195 homini
735 2164 891 2208 polluto,
919 2167 1014 2209 quod
1035 2178 1099 2197 vo-

108 2219 190 2247 cant
206 2223 303 2244 reum
323 2223 406 2247 esse.
445 2211 541 2246 lnter
559 2211 643 2246 haec
663 2215 787 2248 relatio
807 2223 870 2259 est,
899 2217 1098 2250 ordinatam

107 2275 180 2297 esse
198 2262 405 2306 pravitatem
432 2270 466 2296 et
490 2277 676 2308 personam
700 2268 741 2299 ad
767 2268 1036 2301 damnationem
1066 2276 1099 2302 et

108 2314 298 2348 horribiles
317 2325 459 2357 poenas».
518 2314 556 2348 Id
579 2325 707 2351 vocant
722 2325 871 2352 reatum.

352 2408 455 2447 Quae
480 2412 537 2441 est
562 2413 681 2444 tertia
697 2409 851 2458 regula?
882 2458 889 2464 υ

209 2476 300 2509 Cum
319 2475 388 2507 iam
408 2481 562 2516 constet,
589 2478 778 2512 relationes
803 2479 897 2513 inter
921 2480 991 2513 duo
1018 2493 1096 2514 ver-

107 2528 188 2568 sari,
215 2527 388 2560 tenendae
405 2534 487 2559 sunt
506 2527 595 2560 duae
612 2528 836 2563 definitiones
852 2531 1082 2565 relativorum

110 2681 205 2714 tione
229 2677 471 2724 reprehendit.

159 2733 335 2764 muana.
357 2733 460 2765 Oriza.
485 2734 566 2764 Vor.
585 2733 678 2767 XIII.

1121 2402 1228 2436 *tae‚
1262 2401 1294 2428 et
1329 2394 1506 2428 fiduciam,

1121 2549 1124 2570 ι

108 2591 193 2624 quas
210 2585 367 2611 recenset
384 2578 612 2618 Aristoteles,
640 2591 789 2623 quarum
806 2582 919 2625 prima
946 2590 996 2616 est
1012 2560 1096 2616 Pla-⁹
1120 2599 1122 2634 1

108 2629 246 2670 tonica,
281 2641 386 2674 quam
413 2629 622 2662 Aristoteles
648 2631 747 2664 tenui
774 2634 924 2676 quadam
951 2634 1095 2667 cavilla·
1120 2636 1122 2654 ³

531 2679 696 2715 Relativa
723 2688 822 2723 sunt,
864 2675 1121 2730 quaecunquel

2072 97 2146 134 546

1054 179 1105 213 Ita
1132 184 1135 203 ἱ
1160 177 1228 213 hoc
1243 179 1359 224 ipsum
1377 183 1471 226 quod
1490 188 1584 222 sunt,
1611 181 1781 215 dicuntur
1797 182 1949 216 aliorum
1968 196 2050 219 esse.
2079 183 2147 219 Ar-

1160 237 1243 274 guta
1262 232 1421 266 definitio
1441 239 1507 273 est,
1535 240 1566 266 et
1586 245 1659 266 non
1681 233 1852 275 absurda,
1880 235 1909 267 si
1926 236 2005 280 quis
2029 237 2148 270 dextre

1133 297 1135 346 J
1160 281 1346 324 intelligat.
1400 282 1470 316 Sed
1502 284 1583 327 quia
1611 284 1732 318 multis
1757 285 1928 319 absolutis
1955 284 2148 320 adhaerent

1160 340 1358 376 respectus,
1394 340 1434 366 ut
1458 333 1549 366 infra
1577 334 1754 376 dicemus,
1786 343 1842 377 ut,
1868 344 1972 381 caput
1996 338 2148 371 refertur

1160 386 1201 416 ad
1225 390 1338 416 totum
1359 396 1503 427 corpus,
1532 384 1672 417 videtur
1690 385 1870 420 Platonica
1890 388 2049 422 definitio
2068 389 2148 422 tali—

1132 449 1134 483 }
1160 436 1225 467 bus
1242 434 1415 468 absolutis
1431 447 1572 479 quoque
1590 437 1797 474 convenire,
1826 439 1906 483 quia
1934 446 1966 472 et
1992 439 2065 483 ipsa
2090 452 2148 473 re-

1132 486 1322 525 {feruntur
1356 488 1398 518 ad
1434 486 1549 525 aliud,
1589 497 1650 518 seu
1683 486 1850 520 dicuntur
1881 490 2032 524 aliorum
2066 503 2149 532 esse,

1132 576 1133 580 Ἰ
1160 548 1364 581 quanquam
1389 548 1444 570 res
1465 537 1537 570 sint
1559 536 1756 577 absolutae,
1790 546 1829 571 ut
1853 541 1975 583 capitis
1998 543 2148 576 essentia

1132 584 1133 592 ³
1160 595 1211 620 vst
1236 588 1442 623 substantia.
1498 587 1581 620 ldeo
1605 585 1813 621 Aristoteles
1839 589 1943 622 aliam
1971 593 2148 627 definitio-

1159 651 1238 671 nem
1259 639 1387 677 tradit,
1417 637 1507 672 hanc
1526 638 1706 672 videlicet:
1732 637 1897 673 Relativa
1918 649 2012 682 sunt,
2041 656 2148 688 quae-

109 697 395 730 Fundamentum
415 704 464 730 est
480 708 554 737 res,
581 709 600 730 a
617 710 684 743 qua
703 698 819 731 oritur
839 698 978 731 relatio.
1014 698 1104 731 Ter·
1130 696 1133 728 ἶ
1159 702 1298 735 Cssnqlle
1324 687 1390 723 hOC
1416 690 1530 734 ipsum
1555 690 1649 735 qUOd
1676 696 1777 729 sunt,
1805 691 1955 724 aHorum
1983 701 2082 737 Sunt,
2112 695 2149 727 id

108 748 226 781 minus
243 754 294 781 est
310 759 376 788 res,
406 749 447 780 ad
467 760 572 792 quam
591 750 754 782 ordinata
774 756 823 783 est
839 749 974 783 relatio,
1009 748 1105 782 Inter
1130 755 1132 790 Ξ
1159 748 1225 774 est:
1255 741 1417 774 lielativa
1437 748 1537 781 sunt,
1566 752 1653 786 quae
1671 753 1744 773 non
1765 748 1902 774 tantum
1920 743 2089 777 dicuntur
2106 746 2148 778 ad

109 797 194 832 haec
218 798 344 831 relatio
370 805 437 839 est,
465 800 537 843 ipsa
562 800 751 844 applicatio
780 812 841 833 seu
868 801 955 833 ordo
974 801 1103 833 funda-
1130 799 1132 824 ἰ
1158 793 1274 831 aliud,
1302 795 1360 825 sed
1380 805 1532 837 quorum
1555 804 1627 824 esse
1645 799 1695 826 est
1711 792 1861 825 alierum
1879 805 1970 834 esse,
1996 802 2034 828 ut
2051 796 2149 828 simi-

1157 843 1321 876 litudinis
1339 844 1478 877 nullum
1497 850 1548 877 est
1567 843 1662 876 aliud
1680 854 1768 883 esse,
1796 843 1863 876 nisi
1881 845 2032 878 duorum
2051 847 2149 879 simi-

1156 895 1244 927 lium
1277 894 1537 928 convenientia.
1599 892 1677 927 Etsi
1710 902 1831 945 autern
1858 892 1942 928 haec
1972 897 2148 930 cavillatio

1157 947 1243 978 adeo
1273 946 1374 978 exilis
1398 953 1467 983 est,
1503 946 1559 978 vix
1592 953 1631 978 ut
1660 946 1809 989 perspici
1840 946 1883 979 ah
1913 947 2149 982 inexercitatis

1127 1000 1130 1033 ἔ
1157 997 1283 1039 possit,
1312 1005 1428 1030 tamen
1451 995 1508 1030 hic
1527 1009 1601 1029 eam
1620 997 1780 1029 recensui
1800 1004 1945 1041 propter
1964 996 2054 1031 hanc
2078 999 2149 1032 uti-

1156 1049 1310 1087 litatem,
1338 1056 1377 1081 ut
1400 1048 1631 1081 meminerint
1656 1048 1827 1091 studiosi,
1857 1049 1960 1081 etiam
1988 1057 2147 1083 veterum

1155 1099 1343 1132 autoritate
1363 1099 1533 1132 traditum
1552 1111 1644 1138 esse,
1671 1099 1794 1132 multis
1818 1100 1990 1133 absolutis
2017 1099 2148 1134 adhae-

1155 1163 1230 1183 rere
1254 1157 1447 1193 respectus:
1485 1150 1635 1194 ideoque
1663 1149 1855 1182 discrimen
1882 1152 2052 1185 traditum
2077 1164 2148 1185 esse

1155 1203 1248 1234 inter
1267 1201 1409 1245 proprie
1430 1201 1576 1234 relativa
1606 1208 1638 1233 et
1660 1200 1841 1240 absoluta,
1870 1202 1999 1246 quibus
2019 1201 2148 1235 adhae-

1153 1259 1231 1285 rent
1256 1253 1366 1296 aliqui
1392 1259 1589 1295 respectus,
1619 1263 1709 1296 quae
1738 1258 1775 1284 ut
1802 1259 1894 1284 recte
1922 1261 2146 1296 enarrentur,

1153 1304 1349 1336 videndum
1378 1310 1449 1343 est,
1479 1315 1568 1348 quae
1595 1314 1649 1334 res
1674 1302 1835 1335 absoluta
1853 1303 2088 1346 significetur,
2114 1313 2147 1338 et

1152 1355 1214 1387 ubi
1241 1355 1276 1385 in
1302 1354 1350 1385 eis
1376 1352 1520 1386 haereat
1551 1359 1739 1395 respectus.
1796 1352 1857 1395 De„
1876 1365 1915 1386 eo
1943 1355 2146 1388 discrimine

1152 1418 1231 1438 mox
1252 1404 1377 1437 dicam.

1399 1500 1502 1540 Quae
1519 1503 1575 1532 est
1594 1503 1732 1544 quarta
1746 1499 1876 1545 reyula
1887 1497 1904 1531 ‚⁹

1256 1576 1337 1608 Alia
1356 1581 1436 1608 sunt
1455 1575 1601 1608 relativa
1619 1576 1814 1608 secuudum
1832 1575 1913 1616 dici,
1936 1575 2004 1608 alia
2022 1586 2146 1609 secun-

1152 1628 1236 1660 dum
1256 1639 1337 1660 esse.
1367 1626 1528 1661 Relativa
1548 1627 1742 1659 secundum
1760 1626 1829 1659 dici
1848 1633 2021 1660 vocantur
2037 1627 2147 1660 multa

1153 1679 1334 1716 absoluta,
1363 1678 1491 1722 quibus
1507 1675 1700 1710 adhaerent
1717 1685 1893 1721 respectus
1905 1703 1913 1716 ,
1941 1684 1981 1711 ut
1999 1677 2146 1722 quibus-

1152 1731 1232 1762 dam
1252 1729 1459 1762 nominibus
1479 1726 1666 1761 habituum
1684 1735 1717 1761 et
1735 1728 1924 1761 affectuum
1944 1729 2066 1761 insunt
2090 1741 2145 1761 re-

1153 1788 1290 1825 spectus
1316 1782 1357 1813 ad
1387 1780 1535 1814 obiecta.
1589 1778 1702 1812 Amor
1726 1786 1775 1811 est
1800 1779 1850 1811 rei
1878 1786 2013 1812 amatae
2037 1790 2146 1819 amor,

1154 1844 1212 1864 seu
1231 1844 1329 1864 arnor
1346 1832 1505 1864 intuetur
1524 1842 1598 1862 rem
1615 1837 1778 1863 amatam.
1806 1829 1861 1862 Ira
1876 1830 2035 1863 intuetur
2052 1842 2146 1871 eum,

1154 1883 1209 1915 cui
1229 1882 1402 1915 irascitur.
1456 1880 1604 1913 Fiducia
1621 1881 1783 1914 intuetur
1804 1881 1858 1921 id,
1886 1882 1981 1925 quod
2008 1881 2146 1922 nititur,

1153 1941 1206 1967 ut:
1234 1933 1342 1965 Dives
1363 1932 1551 1977 acquiescit
1571 1932 1712 1965 intuens
1729 1943 1808 1964 suas
1827 1943 1920 1975 opes.
1964 1929 2010 1965 Et
2027 1938 2145 1965 tamen

1155 1986 1286 2017 interea
1304 1982 1445 2016 habitus
1462 1990 1522 2016 aut
1539 1983 1702 2021 affectus,
1735 1983 1887 2027 qualitas
1913 1989 1982 2026 est,
2010 1994 2070 2016 seu
2088 1983 2144 2015 in-

1153 2036 1318 2068 cendium
1340 2036 1377 2067 in
1397 2035 1473 2078 ipso
1491 2035 1606 2068 corde.
1650 2033 1700 2067 Ita
1717 2034 1942 2067 manifestum
1963 2040 2022 2074 est,
2050 2033 2144 2068 Pau-

1124 2089 1126 2103 *
1154 2088 1227 2119 lum
1252 2087 1397 2119 nomine
1423 2085 1502 2118 fidei
1530 2085 1674 2118 relative
1692 2085 1760 2118 uti:
1792 2084 1973 2118 Iustificati
1990 2085 2077 2127 fide,
2106 2085 2142 2117 id

1154 2145 1222 2179 est,
1250 2137 1377 2171 fiducia
1397 2137 1460 2169 filii
1480 2135 1546 2169 Dei
1566 2135 1795 2177 Mediatoris,
1823 2134 1889 2169 hoc
1906 2142 1973 2175 est,
2001 2136 2142 2178 recepti,

1152 2201 1224 2223 non
1258 2195 1402 2233 propter
1434 2187 1615 2233 qualitatis
1644 2188 1871 2231 dignitatem,
1908 2187 1967 2219 sed
1999 2193 2142 2229 propter

1152 2242 1264 2274 filium
1279 2239 1356 2274 Dei.
1411 2239 1592 2282 Significat
1618 2239 1727 2282 igitur
1749 2239 1833 2272 fides
1862 2235 1923 2269 has
1945 2237 2142 2281 qualitates,

1152 2292 1284 2326 scilicet
1313 2291 1501 2330 noticiam,
1529 2302 1595 2335 qua
1621 2288 1866 2334 amplectimur
1882 2288 1982 2321 firmo
1999 2299 2140 2322 assensu

1152 2356 1273 2377 omnes
1296 2343 1464 2380 articulos
1488 2341 1670 2374 doctrinae
1697 2339 1870 2372 divinitus
1894 2339 1998 2372 nobis
2027 2340 2138 2372 tradi-

1566 2391 1633 2423 Hic
1668 2390 1753 2423 addi
1788 2390 1965 2423 obiectum
2001 2402 2140 2423 necesse

1151 2454 1221 2486 est,
1264 2453 1302 2480 ut
1338 2451 1473 2479 constet
1517 2442 1680 2475 fiduciam
1721 2441 1939 2486 acquiescere
1984 2441 2021 2474 in
2065 2441 2139 2474 filio

1149 2496 1226 2531 Dei.

1253 2563 1333 2598 Alia
1356 2570 1439 2596 sunt
1470 2561 1615 2595 relativa
1651 2559 1844 2594 secundum
1870 2558 1976 2598 Esse,
2015 2560 2047 2593 id
2076 2566 2138 2604 est,

1150 2616 1290 2661 proprie
1312 2615 1403 2648 dicta
1421 2613 1586 2653 relativa,
1614 2618 1655 2645 ut
1670 2611 1878 2645 similitudo.

1576 2730 1624 2766 35
