<?xml version="1.0" encoding="UTF-8"?>
<!DOCTYPE html PUBLIC "-//W3C//DTD XHTML 1.0 Transitional//EN"
    "http://www.w3.org/TR/xhtml1/DTD/xhtml1-transitional.dtd">
<html xmlns="http://www.w3.org/1999/xhtml" xml:lang="en" lang="en">
 <head>
  <title>
</title>
<meta http-equiv="Content-Type" content="text/html;charset=utf-8" />
  <meta name='ocr-system' content='tesseract 3.04.00' />
  <meta name='ocr-capabilities' content='ocr_page ocr_carea ocr_par ocr_line ocrx_word'/>
</head>
<body>
  <div class='ocr_page' id='page_1' title='image "./operaquaesupersu13melauoft_0557.png"; bbox 0 0 2379 2948; ppageno 0'>
   <div class='ocr_carea' id='block_1_1' title="bbox 108 111 203 147">
    <p class='ocr_par' dir='ltr' id='par_1_1' title="bbox 108 111 203 147">
     <span class='ocr_line' id='line_1_1' title="bbox 108 111 203 147; baseline 0 -1"><span class='ocrx_word' id='word_1_1' title='bbox 108 111 203 147; x_wconf 85' lang='lat'>1089</span> 
     </span>
    </p>
   </div>
   <div class='ocr_carea' id='block_1_2' title="bbox 105 192 1093 290">
    <p class='ocr_par' dir='ltr' id='par_1_2' title="bbox 105 192 1093 290">
     <span class='ocr_line' id='line_1_2' title="bbox 105 192 1093 240; baseline -0.004 -11"><span class='ocrx_word' id='word_1_2' title='bbox 105 194 200 230; x_wconf 79' lang='lat' dir='ltr'>cliias</span> <span class='ocrx_word' id='word_1_3' title='bbox 217 195 406 240; x_wconf 86' lang='lat' dir='ltr'>quaerebat</span> <span class='ocrx_word' id='word_1_4' title='bbox 429 195 569 228; x_wconf 83' lang='lat' dir='ltr'>foedera</span> <span class='ocrx_word' id='word_1_5' title='bbox 587 194 862 240; x_wconf 88' lang='lat' dir='ltr'>Aegyptiorum,</span> <span class='ocrx_word' id='word_1_6' title='bbox 891 200 923 226; x_wconf 90' lang='lat' dir='ltr'>et</span> <span class='ocrx_word' id='word_1_7' title='bbox 946 192 1093 226; x_wconf 82' lang='lat' dir='ltr'>Palaeo-</span> 
     </span>
     <span class='ocr_line' id='line_1_3' title="bbox 106 244 859 290; baseline -0.004 -10"><span class='ocrx_word' id='word_1_8' title='bbox 106 246 175 290; x_wconf 87' lang='lat' dir='ltr'>logi</span> <span class='ocrx_word' id='word_1_9' title='bbox 198 245 332 279; x_wconf 89' lang='lat' dir='ltr'>Turcas</span> <span class='ocrx_word' id='word_1_10' title='bbox 357 246 394 279; x_wconf 93' lang='lat' dir='ltr'>in</span> <span class='ocrx_word' id='word_1_11' title='bbox 417 244 599 290; x_wconf 82' lang='lat' dir='ltr'>Europam</span> <span class='ocrx_word' id='word_1_12' title='bbox 630 252 859 278; x_wconf 89' lang='lat' dir='ltr'>attraxerunt.</span> 
     </span>
    </p>
   </div>
   <div class='ocr_carea' id='block_1_3' title="bbox 103 346 1100 1764">
    <p class='ocr_par' dir='ltr' id='par_1_3' title="bbox 103 346 1092 544">
     <span class='ocr_line' id='line_1_4' title="bbox 103 346 1092 392; baseline -0.004 -10"><span class='ocrx_word' id='word_1_13' title='bbox 103 355 159 382; x_wconf 92' lang='lat' dir='ltr'>tus</span> <span class='ocrx_word' id='word_1_14' title='bbox 177 348 348 392; x_wconf 83' lang='lat' dir='ltr'>propositi</span> <span class='ocrx_word' id='word_1_15' title='bbox 365 354 465 388; x_wconf 90' lang='lat' dir='ltr'>sunt,</span> <span class='ocrx_word' id='word_1_16' title='bbox 494 353 534 380; x_wconf 90' lang='lat' dir='ltr'>ut</span> <span class='ocrx_word' id='word_1_17' title='bbox 556 347 658 379; x_wconf 92' lang='lat' dir='ltr'>nobis</span> <span class='ocrx_word' id='word_1_18' title='bbox 675 353 778 379; x_wconf 91' lang='lat' dir='ltr'>notae</span> <span class='ocrx_word' id='word_1_19' title='bbox 798 346 867 379; x_wconf 90' lang='lat' dir='ltr'>sint</span> <span class='ocrx_word' id='word_1_20' title='bbox 887 346 1092 389; x_wconf 81' lang='lat' dir='ltr'>promissio-</span> 
     </span>
     <span class='ocr_line' id='line_1_5' title="bbox 104 396 1091 441; baseline -0.002 -9"><span class='ocrx_word' id='word_1_21' title='bbox 104 410 166 432; x_wconf 88' lang='lat' dir='ltr'>nes</span> <span class='ocrx_word' id='word_1_22' title='bbox 184 397 270 440; x_wconf 90' lang='lat' dir='ltr'>Dei,</span> <span class='ocrx_word' id='word_1_23' title='bbox 298 406 330 433; x_wconf 89' lang='lat' dir='ltr'>et</span> <span class='ocrx_word' id='word_1_24' title='bbox 347 405 462 432; x_wconf 86' lang='lat' dir='ltr'>extent</span> <span class='ocrx_word' id='word_1_25' title='bbox 486 397 642 440; x_wconf 86' lang='lat' dir='ltr'>exempla</span> <span class='ocrx_word' id='word_1_26' title='bbox 668 396 790 430; x_wconf 87' lang='lat' dir='ltr'>auxilii</span> <span class='ocrx_word' id='word_1_27' title='bbox 808 396 939 437; x_wconf 88' lang='lat' dir='ltr'>divini,</span> <span class='ocrx_word' id='word_1_28' title='bbox 969 403 1006 430; x_wconf 93' lang='lat' dir='ltr'>ut</span> <span class='ocrx_word' id='word_1_29' title='bbox 1032 409 1091 441; x_wconf 91' lang='lat' dir='ltr'>pe-</span> 
     </span>
     <span class='ocr_line' id='line_1_6' title="bbox 103 447 1091 495; baseline -0.001 -13"><span class='ocrx_word' id='word_1_30' title='bbox 103 457 216 483; x_wconf 88' lang='lat' dir='ltr'>tamus</span> <span class='ocrx_word' id='word_1_31' title='bbox 241 457 274 484; x_wconf 89' lang='lat' dir='ltr'>et</span> <span class='ocrx_word' id='word_1_32' title='bbox 298 456 515 495; x_wconf 86' lang='lat' dir='ltr'><strong>expectemus</strong></span> <span class='ocrx_word' id='word_1_33' title='bbox 540 460 558 481; x_wconf 87' lang='lat' dir='ltr'>a</span> <span class='ocrx_word' id='word_1_34' title='bbox 583 447 658 480; x_wconf 92' lang='lat' dir='ltr'>Deo</span> <span class='ocrx_word' id='word_1_35' title='bbox 691 447 883 488; x_wconf 89' lang='lat' dir='ltr'>auxilium,</span> <span class='ocrx_word' id='word_1_36' title='bbox 916 459 1016 492; x_wconf 90' lang='lat' dir='ltr'>saepe</span> <span class='ocrx_word' id='word_1_37' title='bbox 1043 448 1091 481; x_wconf 89' lang='lat' dir='ltr'>ita</span> 
     </span>
     <span class='ocr_line' id='line_1_7' title="bbox 104 502 244 544; baseline 0 -9"><span class='ocrx_word' id='word_1_38' title='bbox 104 502 244 544; x_wconf 81' lang='lat' dir='ltr'><strong>cogites.</strong></span> 
     </span>
    </p>

    <p class='ocr_par' dir='ltr' id='par_1_4' title="bbox 103 548 1092 952">
     <span class='ocr_line' id='line_1_8' title="bbox 205 548 1092 585; baseline -0.003 0"><span class='ocrx_word' id='word_1_39' title='bbox 205 550 301 585; x_wconf 90' lang='lat' dir='ltr'>Deus</span> <span class='ocrx_word' id='word_1_40' title='bbox 316 557 454 584; x_wconf 85' lang='lat' dir='ltr'>aeterne</span> <span class='ocrx_word' id='word_1_41' title='bbox 470 549 574 583; x_wconf 87' lang='lat' dir='ltr'>Pater</span> <span class='ocrx_word' id='word_1_42' title='bbox 590 549 737 583; x_wconf 81' lang='lat' dir='ltr'>Domini</span> <span class='ocrx_word' id='word_1_43' title='bbox 758 550 870 583; x_wconf 79' lang='lat' dir='ltr'>nostri</span> <span class='ocrx_word' id='word_1_44' title='bbox 893 549 968 584; x_wconf 89' lang='lat' dir='ltr'>[esu</span> <span class='ocrx_word' id='word_1_45' title='bbox 985 548 1092 584; x_wconf 81' lang='lat' dir='ltr'>Chri-</span> 
     </span>
     <span class='ocr_line' id='line_1_9' title="bbox 105 601 1090 645; baseline -0.001 -10"><span class='ocrx_word' id='word_1_46' title='bbox 105 602 165 643; x_wconf 86' lang='lat' dir='ltr'>sti,</span> <span class='ocrx_word' id='word_1_47' title='bbox 180 608 277 635; x_wconf 85' lang='lat' dir='ltr'>tuam</span> <span class='ocrx_word' id='word_1_48' title='bbox 293 602 439 645; x_wconf 82' lang='lat' dir='ltr'>gloriam</span> <span class='ocrx_word' id='word_1_49' title='bbox 458 601 655 634; x_wconf 88' lang='lat' dir='ltr'>defendito:</span> <span class='ocrx_word' id='word_1_50' title='bbox 685 601 786 635; x_wconf 83' lang='lat' dir='ltr'>multi</span> <span class='ocrx_word' id='word_1_51' title='bbox 802 602 954 645; x_wconf 85' lang='lat' dir='ltr'>cogitant</span> <span class='ocrx_word' id='word_1_52' title='bbox 971 602 1090 634; x_wconf 89' lang='lat' dir='ltr'>omnia</span> 
     </span>
     <span class='ocr_line' id='line_1_10' title="bbox 105 650 1092 697; baseline 0 -11"><span class='ocrx_word' id='word_1_53' title='bbox 105 665 186 687; x_wconf 85' lang='lat' dir='ltr'>casu</span> <span class='ocrx_word' id='word_1_54' title='bbox 203 653 306 692; x_wconf 86' lang='lat' dir='ltr'>ferri,</span> <span class='ocrx_word' id='word_1_55' title='bbox 335 659 393 686; x_wconf 86' lang='lat' dir='ltr'>aut</span> <span class='ocrx_word' id='word_1_56' title='bbox 408 650 601 685; x_wconf 78' lang='lat' dir='ltr'>humanam</span> <span class='ocrx_word' id='word_1_57' title='bbox 619 653 848 686; x_wconf 77' lang='lat' dir='ltr'>calliditatem</span> <span class='ocrx_word' id='word_1_58' title='bbox 869 653 947 697; x_wconf 90' lang='lat' dir='ltr'>plus</span> <span class='ocrx_word' id='word_1_59' title='bbox 966 653 1092 693; x_wconf 87' lang='lat' dir='ltr'>valere,</span> 
     </span>
     <span class='ocr_line' id='line_1_11' title="bbox 104 701 1091 748; baseline 0.001 -12"><span class='ocrx_word' id='word_1_60' title='bbox 104 716 210 748; x_wconf 88' lang='lat' dir='ltr'>quam</span> <span class='ocrx_word' id='word_1_61' title='bbox 239 704 498 736; x_wconf 83' lang='lat' dir='ltr'>invocationem</span> <span class='ocrx_word' id='word_1_62' title='bbox 528 703 593 737; x_wconf 87' lang='lat' dir='ltr'>tui.</span> <span class='ocrx_word' id='word_1_63' title='bbox 660 701 820 737; x_wconf 87' lang='lat' dir='ltr'>Obsecro</span> <span class='ocrx_word' id='word_1_64' title='bbox 855 704 1019 737; x_wconf 78' lang='lat' dir='ltr'>exaudias</span> <span class='ocrx_word' id='word_1_65' title='bbox 1053 716 1091 737; x_wconf 89' lang='lat' dir='ltr'>ac</span> 
     </span>
     <span class='ocr_line' id='line_1_12' title="bbox 105 755 1092 798; baseline 0 -11"><span class='ocrx_word' id='word_1_66' title='bbox 105 755 203 788; x_wconf 85' lang='lat' dir='ltr'>iuves</span> <span class='ocrx_word' id='word_1_67' title='bbox 225 766 307 795; x_wconf 91' lang='lat' dir='ltr'>nos,</span> <span class='ocrx_word' id='word_1_68' title='bbox 334 761 374 788; x_wconf 88' lang='lat' dir='ltr'>ut</span> <span class='ocrx_word' id='word_1_69' title='bbox 399 761 562 798; x_wconf 83' lang='lat' dir='ltr'>appareat</span> <span class='ocrx_word' id='word_1_70' title='bbox 585 760 618 788; x_wconf 86' lang='lat' dir='ltr'>te</span> <span class='ocrx_word' id='word_1_71' title='bbox 641 766 713 787; x_wconf 91' lang='lat' dir='ltr'>esse</span> <span class='ocrx_word' id='word_1_72' title='bbox 738 755 959 787; x_wconf 83' lang='lat' dir='ltr'>defensorem</span> <span class='ocrx_word' id='word_1_73' title='bbox 988 755 1092 787; x_wconf 90' lang='lat' dir='ltr'>invo-</span> 
     </span>
     <span class='ocr_line' id='line_1_13' title="bbox 105 806 1091 850; baseline -0.002 -11"><span class='ocrx_word' id='word_1_74' title='bbox 105 806 261 839; x_wconf 89' lang='lat' dir='ltr'>cantium</span> <span class='ocrx_word' id='word_1_75' title='bbox 286 811 336 838; x_wconf 88' lang='lat' dir='ltr'>te:</span> <span class='ocrx_word' id='word_1_76' title='bbox 371 806 516 839; x_wconf 86' lang='lat' dir='ltr'>ostende</span> <span class='ocrx_word' id='word_1_77' title='bbox 541 812 574 839; x_wconf 91' lang='lat' dir='ltr'>te</span> <span class='ocrx_word' id='word_1_78' title='bbox 597 806 676 849; x_wconf 90' lang='lat' dir='ltr'>plus</span> <span class='ocrx_word' id='word_1_79' title='bbox 699 817 798 849; x_wconf 88' lang='lat' dir='ltr'>posse</span> <span class='ocrx_word' id='word_1_80' title='bbox 823 818 928 850; x_wconf 91' lang='lat' dir='ltr'>quam</span> <span class='ocrx_word' id='word_1_81' title='bbox 957 806 1091 839; x_wconf 87' lang='lat' dir='ltr'>diaboli</span> 
     </span>
     <span class='ocr_line' id='line_1_14' title="bbox 103 856 1091 900; baseline -0.001 -10"><span class='ocrx_word' id='word_1_82' title='bbox 103 863 135 890; x_wconf 88' lang='lat' dir='ltr'>et</span> <span class='ocrx_word' id='word_1_83' title='bbox 152 856 343 900; x_wconf 90' lang='lat' dir='ltr'>impiorum</span> <span class='ocrx_word' id='word_1_84' title='bbox 361 856 505 890; x_wconf 85' lang='lat' dir='ltr'>artificia</span> <span class='ocrx_word' id='word_1_85' title='bbox 524 864 556 890; x_wconf 90' lang='lat' dir='ltr'>et</span> <span class='ocrx_word' id='word_1_86' title='bbox 574 863 738 896; x_wconf 90' lang='lat' dir='ltr'>conatus,</span> <span class='ocrx_word' id='word_1_87' title='bbox 766 857 911 889; x_wconf 87' lang='lat' dir='ltr'>ostende</span> <span class='ocrx_word' id='word_1_88' title='bbox 935 857 1091 890; x_wconf 86' lang='lat' dir='ltr'>testimo-</span> 
     </span>
     <span class='ocr_line' id='line_1_15' title="bbox 103 906 664 952; baseline -0.002 -11"><span class='ocrx_word' id='word_1_89' title='bbox 103 908 203 941; x_wconf 90' lang='lat' dir='ltr'>nium</span> <span class='ocrx_word' id='word_1_90' title='bbox 220 908 314 952; x_wconf 89' lang='lat' dir='ltr'>quod</span> <span class='ocrx_word' id='word_1_91' title='bbox 332 908 424 940; x_wconf 87' lang='lat' dir='ltr'>adsis</span> <span class='ocrx_word' id='word_1_92' title='bbox 439 908 475 940; x_wconf 86' lang='lat' dir='ltr'>in</span> <span class='ocrx_word' id='word_1_93' title='bbox 496 906 664 941; x_wconf 86' lang='lat' dir='ltr'>Ecclesia.</span> 
     </span>
    </p>

    <p class='ocr_par' dir='ltr' id='par_1_5' title="bbox 105 957 1094 1155">
     <span class='ocr_line' id='line_1_16' title="bbox 206 957 1092 1002; baseline 0.002 -11"><span class='ocrx_word' id='word_1_94' title='bbox 206 957 279 991; x_wconf 87' lang='lat' dir='ltr'>Has</span> <span class='ocrx_word' id='word_1_95' title='bbox 302 959 490 1002; x_wconf 88' lang='lat' dir='ltr'>petitiones</span> <span class='ocrx_word' id='word_1_96' title='bbox 514 959 736 1002; x_wconf 87' lang='lat' dir='ltr'>experiemur</span> <span class='ocrx_word' id='word_1_97' title='bbox 760 971 833 992; x_wconf 93' lang='lat' dir='ltr'>non</span> <span class='ocrx_word' id='word_1_98' title='bbox 860 971 931 992; x_wconf 90' lang='lat' dir='ltr'>esse</span> <span class='ocrx_word' id='word_1_99' title='bbox 964 959 1092 994; x_wconf 88' lang='lat' dir='ltr'>irritas.</span> 
     </span>
     <span class='ocr_line' id='line_1_17' title="bbox 105 1009 1094 1053; baseline -0.002 -9"><span class='ocrx_word' id='word_1_100' title='bbox 105 1009 163 1045; x_wconf 91' lang='lat' dir='ltr'>Sic</span> <span class='ocrx_word' id='word_1_101' title='bbox 187 1009 280 1043; x_wconf 91' lang='lat' dir='ltr'>enim</span> <span class='ocrx_word' id='word_1_102' title='bbox 304 1010 423 1043; x_wconf 89' lang='lat' dir='ltr'>docuit</span> <span class='ocrx_word' id='word_1_103' title='bbox 450 1021 515 1043; x_wconf 95' lang='lat' dir='ltr'>nos</span> <span class='ocrx_word' id='word_1_104' title='bbox 538 1016 670 1053; x_wconf 90' lang='lat' dir='ltr'>petere:</span> <span class='ocrx_word' id='word_1_105' title='bbox 700 1009 779 1043; x_wconf 84' lang='lat' dir='ltr'>Non</span> <span class='ocrx_word' id='word_1_106' title='bbox 804 1010 907 1044; x_wconf 88' lang='lat' dir='ltr'>nobis</span> <span class='ocrx_word' id='word_1_107' title='bbox 928 1009 1094 1050; x_wconf 79' lang='lat' dir='ltr'>Domine,</span> 
     </span>
     <span class='ocr_line' id='line_1_18' title="bbox 105 1061 1093 1104; baseline 0 -10"><span class='ocrx_word' id='word_1_108' title='bbox 105 1073 178 1094; x_wconf 89' lang='lat' dir='ltr'>non</span> <span class='ocrx_word' id='word_1_109' title='bbox 204 1061 326 1101; x_wconf 90' lang='lat' dir='ltr'>nobis,</span> <span class='ocrx_word' id='word_1_110' title='bbox 360 1062 419 1094; x_wconf 89' lang='lat' dir='ltr'>sed</span> <span class='ocrx_word' id='word_1_111' title='bbox 447 1061 585 1093; x_wconf 91' lang='lat' dir='ltr'>nomini</span> <span class='ocrx_word' id='word_1_112' title='bbox 610 1068 670 1094; x_wconf 90' lang='lat' dir='ltr'>tuo</span> <span class='ocrx_word' id='word_1_113' title='bbox 698 1062 740 1093; x_wconf 90' lang='lat' dir='ltr'>da</span> <span class='ocrx_word' id='word_1_114' title='bbox 767 1061 928 1104; x_wconf 81' lang='lat' dir='ltr'>gloriam.</span> <span class='ocrx_word' id='word_1_115' title='bbox 989 1061 1093 1095; x_wconf 85' lang='lat' dir='ltr'>Item:</span> 
     </span>
     <span class='ocr_line' id='line_1_19' title="bbox 105 1111 982 1155; baseline -0.002 -9"><span class='ocrx_word' id='word_1_116' title='bbox 105 1112 158 1146; x_wconf 87' lang='lat' dir='ltr'>Ne</span> <span class='ocrx_word' id='word_1_117' title='bbox 175 1112 296 1145; x_wconf 88' lang='lat' dir='ltr'>dicant</span> <span class='ocrx_word' id='word_1_118' title='bbox 314 1112 350 1144; x_wconf 93' lang='lat' dir='ltr'>in</span> <span class='ocrx_word' id='word_1_119' title='bbox 370 1112 551 1155; x_wconf 88' lang='lat' dir='ltr'>gentibus,</span> <span class='ocrx_word' id='word_1_120' title='bbox 576 1112 637 1145; x_wconf 88' lang='lat' dir='ltr'>ubi</span> <span class='ocrx_word' id='word_1_121' title='bbox 656 1118 705 1144; x_wconf 90' lang='lat' dir='ltr'>est</span> <span class='ocrx_word' id='word_1_122' title='bbox 722 1111 818 1145; x_wconf 88' lang='lat' dir='ltr'>Deus</span> <span class='ocrx_word' id='word_1_123' title='bbox 835 1111 982 1145; x_wconf 83' lang='lat' dir='ltr'>eorum&#39;?</span> 
     </span>
    </p>

    <p class='ocr_par' dir='ltr' id='par_1_6' title="bbox 105 1159 1100 1764">
     <span class='ocr_line' id='line_1_20' title="bbox 209 1159 1094 1206; baseline 0 -11"><span class='ocrx_word' id='word_1_124' title='bbox 209 1162 349 1196; x_wconf 87' lang='lat' dir='ltr'>Primus</span> <span class='ocrx_word' id='word_1_125' title='bbox 366 1174 486 1196; x_wconf 87' lang='lat' dir='ltr'>versus</span> <span class='ocrx_word' id='word_1_126' title='bbox 503 1169 554 1195; x_wconf 90' lang='lat' dir='ltr'>est</span> <span class='ocrx_word' id='word_1_127' title='bbox 572 1163 765 1206; x_wconf 86' lang='lat' dir='ltr'>propositio</span> <span class='ocrx_word' id='word_1_128' title='bbox 780 1162 931 1195; x_wconf 82' lang='lat' dir='ltr'>Psalmi:</span> <span class='ocrx_word' id='word_1_129' title='bbox 960 1159 1094 1195; x_wconf 77' lang='lat' dir='ltr'>Indica</span> 
     </span>
     <span class='ocr_line' id='line_1_21' title="bbox 106 1211 1095 1258; baseline 0 -11"><span class='ocrx_word' id='word_1_130' title='bbox 106 1225 160 1247; x_wconf 80' lang='lat' dir='ltr'>me</span> <span class='ocrx_word' id='word_1_131' title='bbox 176 1211 294 1248; x_wconf 78' lang='lat' dir='ltr'>Deus.</span> <span class='ocrx_word' id='word_1_132' title='bbox 349 1213 417 1247; x_wconf 91' lang='lat' dir='ltr'>Hic</span> <span class='ocrx_word' id='word_1_133' title='bbox 436 1211 572 1258; x_wconf 88' lang='lat' dir='ltr'>phrasis</span> <span class='ocrx_word' id='word_1_134' title='bbox 587 1213 759 1247; x_wconf 89' lang='lat' dir='ltr'>Hebraica</span> <span class='ocrx_word' id='word_1_135' title='bbox 777 1215 1016 1257; x_wconf 84' lang='lat' dir='ltr'>cognoscenda</span> <span class='ocrx_word' id='word_1_136' title='bbox 1035 1221 1095 1248; x_wconf 86' lang='lat' dir='ltr'>est.</span> 
     </span>
     <span class='ocr_line' id='line_1_22' title="bbox 105 1262 1095 1309; baseline -0.002 -10"><span class='ocrx_word' id='word_1_137' title='bbox 105 1266 196 1299; x_wconf 87' lang='lat' dir='ltr'>Nam</span> <span class='ocrx_word' id='word_1_138' title='bbox 213 1265 333 1298; x_wconf 87' lang='lat' dir='ltr'>Latini</span> <span class='ocrx_word' id='word_1_139' title='bbox 349 1265 451 1298; x_wconf 88' lang='lat' dir='ltr'>aliter</span> <span class='ocrx_word' id='word_1_140' title='bbox 467 1265 682 1309; x_wconf 88' lang='lat' dir='ltr'>loquuntur,</span> <span class='ocrx_word' id='word_1_141' title='bbox 709 1266 769 1298; x_wconf 92' lang='lat' dir='ltr'>sed</span> <span class='ocrx_word' id='word_1_142' title='bbox 781 1264 895 1297; x_wconf 80' lang='lat' dir='ltr'>David</span> <span class='ocrx_word' id='word_1_143' title='bbox 917 1262 983 1297; x_wconf 84' lang='lat' dir='ltr'>hoc</span> <span class='ocrx_word' id='word_1_144' title='bbox 1003 1266 1095 1297; x_wconf 88' lang='lat' dir='ltr'>vult:</span> 
     </span>
     <span class='ocr_line' id='line_1_23' title="bbox 106 1315 1096 1359; baseline -0.003 -8"><span class='ocrx_word' id='word_1_145' title='bbox 106 1316 162 1351; x_wconf 89' lang='lat' dir='ltr'>Sis</span> <span class='ocrx_word' id='word_1_146' title='bbox 180 1323 215 1350; x_wconf 88' lang='lat' dir='ltr'>tu</span> <span class='ocrx_word' id='word_1_147' title='bbox 234 1315 330 1349; x_wconf 89' lang='lat' dir='ltr'>Dens</span> <span class='ocrx_word' id='word_1_148' title='bbox 353 1316 473 1356; x_wconf 85' lang='lat' dir='ltr'>iudex,</span> <span class='ocrx_word' id='word_1_149' title='bbox 501 1322 534 1349; x_wconf 87' lang='lat' dir='ltr'>et</span> <span class='ocrx_word' id='word_1_150' title='bbox 558 1315 688 1348; x_wconf 90' lang='lat' dir='ltr'>iustum</span> <span class='ocrx_word' id='word_1_151' title='bbox 714 1316 863 1348; x_wconf 87' lang='lat' dir='ltr'>defende</span> <span class='ocrx_word' id='word_1_152' title='bbox 884 1322 915 1348; x_wconf 90' lang='lat' dir='ltr'>et</span> <span class='ocrx_word' id='word_1_153' title='bbox 944 1316 1096 1359; x_wconf 78' lang='lat' dir='ltr'>reprime</span> 
     </span>
     <span class='ocr_line' id='line_1_24' title="bbox 106 1365 1097 1411; baseline -0.001 -11"><span class='ocrx_word' id='word_1_154' title='bbox 106 1368 292 1400; x_wconf 87' lang='lat' dir='ltr'>iniustum.</span> <span class='ocrx_word' id='word_1_155' title='bbox 352 1365 490 1399; x_wconf 86' lang='lat' dir='ltr'>Deinde</span> <span class='ocrx_word' id='word_1_156' title='bbox 509 1366 703 1399; x_wconf 88' lang='lat' dir='ltr'>miscentur</span> <span class='ocrx_word' id='word_1_157' title='bbox 719 1366 882 1411; x_wconf 89' lang='lat' dir='ltr'>querelae</span> <span class='ocrx_word' id='word_1_158' title='bbox 900 1373 931 1399; x_wconf 91' lang='lat' dir='ltr'>et</span> <span class='ocrx_word' id='word_1_159' title='bbox 951 1366 1097 1410; x_wconf 82' lang='lat' dir='ltr'>petitio-</span> 
     </span>
     <span class='ocr_line' id='line_1_25' title="bbox 106 1415 1097 1461; baseline -0.002 -9"><span class='ocrx_word' id='word_1_160' title='bbox 106 1430 181 1452; x_wconf 77' lang='lat' dir='ltr'>nes.</span> <span class='ocrx_word' id='word_1_161' title='bbox 240 1415 443 1461; x_wconf 83' lang='lat' dir='ltr'>Exponitur</span> <span class='ocrx_word' id='word_1_162' title='bbox 468 1417 590 1456; x_wconf 87' lang='lat' dir='ltr'>dolor,</span> <span class='ocrx_word' id='word_1_163' title='bbox 627 1423 667 1450; x_wconf 91' lang='lat' dir='ltr'>ut</span> <span class='ocrx_word' id='word_1_164' title='bbox 692 1417 814 1461; x_wconf 87' lang='lat' dir='ltr'>petitio</span> <span class='ocrx_word' id='word_1_165' title='bbox 840 1417 884 1449; x_wconf 90' lang='lat' dir='ltr'>sit</span> <span class='ocrx_word' id='word_1_166' title='bbox 905 1418 1097 1452; x_wconf 85' lang='lat' dir='ltr'>ardentior.</span> 
     </span>
     <span class='ocr_line' id='line_1_26' title="bbox 105 1465 1096 1512; baseline -0.002 -9"><span class='ocrx_word' id='word_1_167' title='bbox 105 1469 198 1503; x_wconf 84' lang='lat' dir='ltr'>Petit</span> <span class='ocrx_word' id='word_1_168' title='bbox 214 1475 331 1502; x_wconf 86' lang='lat' dir='ltr'>autem</span> <span class='ocrx_word' id='word_1_169' title='bbox 351 1465 419 1501; x_wconf 88' lang='lat' dir='ltr'>hoc</span> <span class='ocrx_word' id='word_1_170' title='bbox 436 1467 641 1512; x_wconf 89' lang='lat' dir='ltr'>praecipue,</span> <span class='ocrx_word' id='word_1_171' title='bbox 662 1474 701 1501; x_wconf 90' lang='lat' dir='ltr'>ut</span> <span class='ocrx_word' id='word_1_172' title='bbox 716 1468 905 1501; x_wconf 88' lang='lat' dir='ltr'>reducatur</span> <span class='ocrx_word' id='word_1_173' title='bbox 927 1469 968 1501; x_wconf 91' lang='lat' dir='ltr'>ad</span> <span class='ocrx_word' id='word_1_174' title='bbox 988 1469 1096 1501; x_wconf 92' lang='lat' dir='ltr'>socie-</span> 
     </span>
     <span class='ocr_line' id='line_1_27' title="bbox 107 1517 1099 1563; baseline 0 -10"><span class='ocrx_word' id='word_1_175' title='bbox 107 1527 213 1554; x_wconf 90' lang='lat' dir='ltr'>tatem</span> <span class='ocrx_word' id='word_1_176' title='bbox 236 1517 424 1552; x_wconf 86' lang='lat' dir='ltr'>Ecclesiae.</span> <span class='ocrx_word' id='word_1_177' title='bbox 480 1518 528 1552; x_wconf 89' lang='lat' dir='ltr'>lta</span> <span class='ocrx_word' id='word_1_178' title='bbox 554 1530 618 1551; x_wconf 92' lang='lat' dir='ltr'>nos</span> <span class='ocrx_word' id='word_1_179' title='bbox 644 1526 802 1563; x_wconf 89' lang='lat' dir='ltr'>petamus</span> <span class='ocrx_word' id='word_1_180' title='bbox 829 1526 860 1552; x_wconf 89' lang='lat' dir='ltr'>et</span> <span class='ocrx_word' id='word_1_181' title='bbox 877 1519 1011 1552; x_wconf 88' lang='lat' dir='ltr'>servari</span> <span class='ocrx_word' id='word_1_182' title='bbox 1030 1517 1099 1553; x_wconf 87' lang='lat' dir='ltr'>Ec-</span> 
     </span>
     <span class='ocr_line' id='line_1_28' title="bbox 108 1567 1099 1613; baseline 0 -9"><span class='ocrx_word' id='word_1_183' title='bbox 108 1571 247 1604; x_wconf 89' lang='lat' dir='ltr'>clesiam</span> <span class='ocrx_word' id='word_1_184' title='bbox 261 1597 270 1611; x_wconf 95' lang='lat'>,</span> <span class='ocrx_word' id='word_1_185' title='bbox 297 1577 329 1603; x_wconf 90' lang='lat' dir='ltr'>et</span> <span class='ocrx_word' id='word_1_186' title='bbox 354 1582 419 1603; x_wconf 92' lang='lat' dir='ltr'>nos</span> <span class='ocrx_word' id='word_1_187' title='bbox 443 1569 480 1602; x_wconf 88' lang='lat' dir='ltr'>in</span> <span class='ocrx_word' id='word_1_188' title='bbox 504 1567 568 1602; x_wconf 85' lang='lat' dir='ltr'>hac</span> <span class='ocrx_word' id='word_1_189' title='bbox 587 1582 665 1603; x_wconf 89' lang='lat' dir='ltr'>arca</span> <span class='ocrx_word' id='word_1_190' title='bbox 682 1570 754 1613; x_wconf 84' lang='lat' dir='ltr'>regi</span> <span class='ocrx_word' id='word_1_191' title='bbox 775 1578 807 1603; x_wconf 91' lang='lat' dir='ltr'>et</span> <span class='ocrx_word' id='word_1_192' title='bbox 824 1570 968 1604; x_wconf 78' lang='lat' dir='ltr'>servari,</span> <span class='ocrx_word' id='word_1_193' title='bbox 1023 1569 1099 1604; x_wconf 91' lang='lat' dir='ltr'>Hae</span> 
     </span>
     <span class='ocr_line' id='line_1_29' title="bbox 108 1620 1100 1668; baseline -0.002 -12"><span class='ocrx_word' id='word_1_194' title='bbox 108 1622 297 1668; x_wconf 83' lang='lat' dir='ltr'>petitiones</span> <span class='ocrx_word' id='word_1_195' title='bbox 323 1628 404 1654; x_wconf 90' lang='lat' dir='ltr'>sunt</span> <span class='ocrx_word' id='word_1_196' title='bbox 431 1620 656 1664; x_wconf 87' lang='lat' dir='ltr'>praecipuae,</span> <span class='ocrx_word' id='word_1_197' title='bbox 698 1627 731 1654; x_wconf 87' lang='lat' dir='ltr'>et</span> <span class='ocrx_word' id='word_1_198' title='bbox 746 1632 848 1662; x_wconf 86' lang='lat' dir='ltr'>saepe</span> <span class='ocrx_word' id='word_1_199' title='bbox 872 1628 1100 1655; x_wconf 88' lang='lat' dir='ltr'>recensentur</span> 
     </span>
     <span class='ocr_line' id='line_1_30' title="bbox 109 1670 1099 1718; baseline -0.001 -11"><span class='ocrx_word' id='word_1_200' title='bbox 109 1675 147 1707; x_wconf 93' lang='lat' dir='ltr'>in</span> <span class='ocrx_word' id='word_1_201' title='bbox 157 1673 324 1713; x_wconf 86' lang='lat' dir='ltr'>Psalmis,</span> <span class='ocrx_word' id='word_1_202' title='bbox 352 1679 391 1705; x_wconf 90' lang='lat' dir='ltr'>ut</span> <span class='ocrx_word' id='word_1_203' title='bbox 409 1671 549 1704; x_wconf 83' lang='lat' dir='ltr'>Psalmo</span> <span class='ocrx_word' id='word_1_204' title='bbox 569 1670 647 1707; x_wconf 84' lang='lat'><strong>84.:</strong></span> <span class='ocrx_word' id='word_1_205' title='bbox 676 1670 775 1705; x_wconf 89' lang='lat' dir='ltr'>Beati</span> <span class='ocrx_word' id='word_1_206' title='bbox 801 1671 861 1718; x_wconf 86' lang='lat' dir='ltr'>qui</span> <span class='ocrx_word' id='word_1_207' title='bbox 879 1672 1043 1706; x_wconf 82' lang='lat' dir='ltr'>habitant</span> <span class='ocrx_word' id='word_1_208' title='bbox 1062 1673 1099 1705; x_wconf 90' lang='lat' dir='ltr'>in</span> 
     </span>
     <span class='ocr_line' id='line_1_31' title="bbox 109 1722 572 1764; baseline -0.006 -6"><span class='ocrx_word' id='word_1_209' title='bbox 109 1726 216 1758; x_wconf 90' lang='lat' dir='ltr'>domo</span> <span class='ocrx_word' id='word_1_210' title='bbox 233 1731 291 1758; x_wconf 86' lang='lat' dir='ltr'>tua</span> <span class='ocrx_word' id='word_1_211' title='bbox 309 1722 484 1764; x_wconf 90' lang='lat' dir='ltr'>Domine,</span> <span class='ocrx_word' id='word_1_212' title='bbox 510 1729 572 1756; x_wconf 88' lang='lat' dir='ltr'>etc.</span> 
     </span>
    </p>
   </div>
   <div class='ocr_carea' id='block_1_4' title="bbox 247 1825 959 1874">
    <p class='ocr_par' dir='ltr' id='par_1_7' title="bbox 247 1825 959 1874">
     <span class='ocr_line' id='line_1_32' title="bbox 247 1825 959 1874; baseline -0.003 -12"><span class='ocrx_word' id='word_1_213' title='bbox 247 1828 587 1874; x_wconf 67' lang='lat' dir='ltr'>Argumentum</span> <span class='ocrx_word' id='word_1_214' title='bbox 615 1837 667 1860; x_wconf 86' lang='lat' dir='ltr'>ac</span> <span class='ocrx_word' id='word_1_215' title='bbox 698 1825 959 1871; x_wconf 79' lang='lat' dir='ltr'>dispositio</span> 
     </span>
    </p>
   </div>
   <div class='ocr_carea' id='block_1_5' title="bbox 434 1885 789 1927">
    <p class='ocr_par' dir='ltr' id='par_1_8' title="bbox 434 1885 789 1927">
     <span class='ocr_line' id='line_1_33' title="bbox 434 1885 789 1927; baseline 0.006 -2"><span class='ocrx_word' id='word_1_216' title='bbox 434 1885 593 1925; x_wconf 85' lang='lat' dir='ltr'>Psalmi</span> <span class='ocrx_word' id='word_1_217' title='bbox 625 1885 789 1927; x_wconf 82' lang='lat' dir='ltr'>LXIV.</span> 
     </span>
    </p>
   </div>
   <div class='ocr_carea' id='block_1_6' title="bbox 161 1960 1104 2048">
    <p class='ocr_par' dir='ltr' id='par_1_9' title="bbox 161 1960 1104 2048">
     <span class='ocr_line' id='line_1_34' title="bbox 161 1960 1104 2005; baseline -0.003 -9"><span class='ocrx_word' id='word_1_218' title='bbox 161 1964 287 2004; x_wconf 82' lang='lat' dir='ltr'>Deus,</span> <span class='ocrx_word' id='word_1_219' title='bbox 316 1960 471 1996; x_wconf 74' lang='lat' dir='ltr'>auribus</span> <span class='ocrx_word' id='word_1_220' title='bbox 493 1963 634 1996; x_wconf 75' lang='lat' dir='ltr'>nostris</span> <span class='ocrx_word' id='word_1_221' title='bbox 653 1960 872 1996; x_wconf 76' lang='lat' dir='ltr'>audivimus</span> <span class='ocrx_word' id='word_1_222' title='bbox 889 1963 1020 2005; x_wconf 79' lang='lat' dir='ltr'>patres</span> <span class='ocrx_word' id='word_1_223' title='bbox 1039 1970 1104 1993; x_wconf 83' lang='lat' dir='ltr'>no·</span> 
     </span>
     <span class='ocr_line' id='line_1_35' title="bbox 163 2012 706 2048; baseline -0.002 -1"><span class='ocrx_word' id='word_1_224' title='bbox 163 2017 234 2048; x_wconf 78' lang='lat' dir='ltr'>stri</span> <span class='ocrx_word' id='word_1_225' title='bbox 250 2015 578 2047; x_wconf 78' lang='lat' dir='ltr'>annunciaverunt</span> <span class='ocrx_word' id='word_1_226' title='bbox 593 2012 706 2048; x_wconf 78' lang='lat' dir='ltr'>nobis.</span> 
     </span>
    </p>
   </div>
   <div class='ocr_carea' id='block_1_7' title="bbox 115 2077 1112 2635">
    <p class='ocr_par' dir='ltr' id='par_1_10' title="bbox 115 2077 1112 2635">
     <span class='ocr_line' id='line_1_36' title="bbox 216 2077 1104 2124; baseline -0.002 -12"><span class='ocrx_word' id='word_1_227' title='bbox 216 2079 284 2113; x_wconf 89' lang='lat' dir='ltr'>Hic</span> <span class='ocrx_word' id='word_1_228' title='bbox 317 2080 478 2114; x_wconf 88' lang='lat' dir='ltr'>Psalmus</span> <span class='ocrx_word' id='word_1_229' title='bbox 509 2081 624 2124; x_wconf 85' lang='lat' dir='ltr'>imago</span> <span class='ocrx_word' id='word_1_230' title='bbox 658 2087 708 2114; x_wconf 90' lang='lat' dir='ltr'>est</span> <span class='ocrx_word' id='word_1_231' title='bbox 732 2077 910 2113; x_wconf 84' lang='lat' dir='ltr'>Ecclesiae</span> <span class='ocrx_word' id='word_1_232' title='bbox 943 2078 1104 2111; x_wconf 91' lang='lat' dir='ltr'>omnium</span> 
     </span>
     <span class='ocr_line' id='line_1_37' title="bbox 115 2128 1103 2176; baseline -0.004 -11"><span class='ocrx_word' id='word_1_233' title='bbox 115 2139 327 2175; x_wconf 90' lang='lat' dir='ltr'>temporum.</span> <span class='ocrx_word' id='word_1_234' title='bbox 390 2130 473 2164; x_wconf 90' lang='lat' dir='ltr'>Ideo</span> <span class='ocrx_word' id='word_1_235' title='bbox 509 2132 664 2176; x_wconf 90' lang='lat' dir='ltr'>primum</span> <span class='ocrx_word' id='word_1_236' title='bbox 701 2131 859 2165; x_wconf 88' lang='lat' dir='ltr'>continet</span> <span class='ocrx_word' id='word_1_237' title='bbox 903 2128 1103 2163; x_wconf 87' lang='lat' dir='ltr'>historicam</span> 
     </span>
     <span class='ocr_line' id='line_1_38' title="bbox 116 2182 1105 2227; baseline -0.003 -11"><span class='ocrx_word' id='word_1_238' title='bbox 116 2182 377 2225; x_wconf 88' lang='lat' dir='ltr'>narrationem,</span> <span class='ocrx_word' id='word_1_239' title='bbox 412 2195 500 2227; x_wconf 87' lang='lat' dir='ltr'>quae</span> <span class='ocrx_word' id='word_1_240' title='bbox 526 2190 575 2217; x_wconf 79' lang='lat' dir='ltr'>est</span> <span class='ocrx_word' id='word_1_241' title='bbox 601 2183 762 2216; x_wconf 89' lang='lat' dir='ltr'>doctrina</span> <span class='ocrx_word' id='word_1_242' title='bbox 785 2182 977 2216; x_wconf 88' lang='lat' dir='ltr'>ostendens</span> <span class='ocrx_word' id='word_1_243' title='bbox 1008 2182 1105 2214; x_wconf 90' lang='lat' dir='ltr'>unde</span> 
     </span>
     <span class='ocr_line' id='line_1_39' title="bbox 116 2231 1107 2278; baseline -0.002 -11"><span class='ocrx_word' id='word_1_244' title='bbox 116 2234 161 2267; x_wconf 85' lang='lat' dir='ltr'>sit</span> <span class='ocrx_word' id='word_1_245' title='bbox 184 2232 360 2271; x_wconf 84' lang='lat' dir='ltr'>Ecclesia,</span> <span class='ocrx_word' id='word_1_246' title='bbox 395 2245 412 2266; x_wconf 89' lang='lat' dir='ltr'>a</span> <span class='ocrx_word' id='word_1_247' title='bbox 437 2246 506 2278; x_wconf 92' lang='lat' dir='ltr'>quo</span> <span class='ocrx_word' id='word_1_248' title='bbox 535 2234 678 2267; x_wconf 88' lang='lat' dir='ltr'>collecta</span> <span class='ocrx_word' id='word_1_249' title='bbox 705 2234 768 2274; x_wconf 88' lang='lat' dir='ltr'>sit,</span> <span class='ocrx_word' id='word_1_250' title='bbox 795 2232 959 2266; x_wconf 77' lang='lat' dir='ltr'>videlicet</span> <span class='ocrx_word' id='word_1_251' title='bbox 981 2244 999 2265; x_wconf 89' lang='lat' dir='ltr'>a</span> <span class='ocrx_word' id='word_1_252' title='bbox 1019 2231 1107 2271; x_wconf 90' lang='lat' dir='ltr'>Deo,</span> 
     </span>
     <span class='ocr_line' id='line_1_40' title="bbox 118 2283 1107 2329; baseline -0.001 -11"><span class='ocrx_word' id='word_1_253' title='bbox 118 2292 151 2318; x_wconf 90' lang='lat' dir='ltr'>et</span> <span class='ocrx_word' id='word_1_254' title='bbox 179 2285 273 2329; x_wconf 87' lang='lat' dir='ltr'>quod</span> <span class='ocrx_word' id='word_1_255' title='bbox 299 2284 344 2317; x_wconf 87' lang='lat' dir='ltr'>sit</span> <span class='ocrx_word' id='word_1_256' title='bbox 368 2283 433 2317; x_wconf 90' lang='lat' dir='ltr'>Dei</span> <span class='ocrx_word' id='word_1_257' title='bbox 466 2285 651 2328; x_wconf 86' lang='lat' dir='ltr'>peculiaris</span> <span class='ocrx_word' id='word_1_258' title='bbox 677 2285 848 2329; x_wconf 90' lang='lat' dir='ltr'>populus,</span> <span class='ocrx_word' id='word_1_259' title='bbox 884 2283 1064 2317; x_wconf 88' lang='lat' dir='ltr'>seiunctus</span> <span class='ocrx_word' id='word_1_260' title='bbox 1089 2295 1107 2317; x_wconf 90' lang='lat' dir='ltr'>a</span> 
     </span>
     <span class='ocr_line' id='line_1_41' title="bbox 118 2335 1108 2381; baseline 0.001 -14"><span class='ocrx_word' id='word_1_261' title='bbox 118 2335 264 2368; x_wconf 90' lang='lat' dir='ltr'>caeteris</span> <span class='ocrx_word' id='word_1_262' title='bbox 288 2335 464 2378; x_wconf 86' lang='lat' dir='ltr'>gentihus:</span> <span class='ocrx_word' id='word_1_263' title='bbox 500 2335 676 2381; x_wconf 88' lang='lat' dir='ltr'>Quodque</span> <span class='ocrx_word' id='word_1_264' title='bbox 706 2343 839 2370; x_wconf 87' lang='lat' dir='ltr'>certum</span> <span class='ocrx_word' id='word_1_265' title='bbox 874 2343 906 2368; x_wconf 87' lang='lat' dir='ltr'>et</span> <span class='ocrx_word' id='word_1_266' title='bbox 931 2335 1108 2378; x_wconf 87' lang='lat' dir='ltr'>singulare</span> 
     </span>
     <span class='ocr_line' id='line_1_42' title="bbox 118 2383 1107 2430; baseline 0 -11"><span class='ocrx_word' id='word_1_267' title='bbox 118 2398 249 2420; x_wconf 89' lang='lat' dir='ltr'>munus</span> <span class='ocrx_word' id='word_1_268' title='bbox 268 2383 413 2426; x_wconf 84' lang='lat' dir='ltr'>habeat,</span> <span class='ocrx_word' id='word_1_269' title='bbox 437 2385 570 2420; x_wconf 86' lang='lat' dir='ltr'>scilicet</span> <span class='ocrx_word' id='word_1_270' title='bbox 587 2394 625 2420; x_wconf 89' lang='lat' dir='ltr'>ut</span> <span class='ocrx_word' id='word_1_271' title='bbox 640 2387 683 2420; x_wconf 90' lang='lat' dir='ltr'>sit</span> <span class='ocrx_word' id='word_1_272' title='bbox 701 2394 816 2421; x_wconf 83' lang='lat' dir='ltr'>custos</span> <span class='ocrx_word' id='word_1_273' title='bbox 837 2386 956 2424; x_wconf 77' lang='lat' dir='ltr'>verbi,</span> <span class='ocrx_word' id='word_1_274' title='bbox 985 2398 1055 2430; x_wconf 91' lang='lat' dir='ltr'>quo</span> <span class='ocrx_word' id='word_1_275' title='bbox 1073 2398 1107 2419; x_wconf 90' lang='lat' dir='ltr'>se</span> 
     </span>
     <span class='ocr_line' id='line_1_43' title="bbox 118 2435 1109 2481; baseline 0 -10"><span class='ocrx_word' id='word_1_276' title='bbox 118 2437 281 2481; x_wconf 84' lang='lat' dir='ltr'>patefecit</span> <span class='ocrx_word' id='word_1_277' title='bbox 305 2435 415 2475; x_wconf 89' lang='lat' dir='ltr'>Deus,</span> <span class='ocrx_word' id='word_1_278' title='bbox 443 2438 535 2481; x_wconf 87' lang='lat' dir='ltr'>quod</span> <span class='ocrx_word' id='word_1_279' title='bbox 562 2438 607 2470; x_wconf 86' lang='lat' dir='ltr'>sit</span> <span class='ocrx_word' id='word_1_280' title='bbox 630 2438 811 2471; x_wconf 88' lang='lat' dir='ltr'>dissimilis</span> <span class='ocrx_word' id='word_1_281' title='bbox 835 2445 944 2471; x_wconf 71' lang='lat' dir='ltr'>status</span> <span class='ocrx_word' id='word_1_282' title='bbox 968 2437 1109 2471; x_wconf 87' lang='lat' dir='ltr'>futurus</span> 
     </span>
     <span class='ocr_line' id='line_1_44' title="bbox 119 2487 1110 2534; baseline -0.001 -12"><span class='ocrx_word' id='word_1_283' title='bbox 119 2487 227 2522; x_wconf 90' lang='lat' dir='ltr'>huius</span> <span class='ocrx_word' id='word_1_284' title='bbox 259 2489 382 2532; x_wconf 87' lang='lat' dir='ltr'>populi</span> <span class='ocrx_word' id='word_1_285' title='bbox 413 2495 446 2521; x_wconf 88' lang='lat' dir='ltr'>et</span> <span class='ocrx_word' id='word_1_286' title='bbox 470 2488 702 2531; x_wconf 86' lang='lat' dir='ltr'>imperiorum</span> <span class='ocrx_word' id='word_1_287' title='bbox 728 2490 874 2523; x_wconf 90' lang='lat' dir='ltr'>mundi:</span> <span class='ocrx_word' id='word_1_288' title='bbox 918 2490 1013 2534; x_wconf 88' lang='lat' dir='ltr'>quod</span> <span class='ocrx_word' id='word_1_289' title='bbox 1042 2489 1110 2521; x_wconf 90' lang='lat' dir='ltr'>im-</span> 
     </span>
     <span class='ocr_line' id='line_1_45' title="bbox 120 2538 1110 2583; baseline 0 -11"><span class='ocrx_word' id='word_1_290' title='bbox 120 2540 219 2583; x_wconf 85' lang='lat' dir='ltr'>peria</span> <span class='ocrx_word' id='word_1_291' title='bbox 242 2540 369 2573; x_wconf 86' lang='lat' dir='ltr'>mundi</span> <span class='ocrx_word' id='word_1_292' title='bbox 394 2539 587 2572; x_wconf 90' lang='lat' dir='ltr'>crudeliter</span> <span class='ocrx_word' id='word_1_293' title='bbox 609 2547 804 2582; x_wconf 88' lang='lat' dir='ltr'>grassatura</span> <span class='ocrx_word' id='word_1_294' title='bbox 828 2541 899 2574; x_wconf 84' lang='lat' dir='ltr'>sint</span> <span class='ocrx_word' id='word_1_295' title='bbox 923 2540 961 2572; x_wconf 93' lang='lat' dir='ltr'>in</span> <span class='ocrx_word' id='word_1_296' title='bbox 985 2538 1110 2573; x_wconf 90' lang='lat' dir='ltr'>Eccle-</span> 
     </span>
     <span class='ocr_line' id='line_1_46' title="bbox 121 2589 1112 2635; baseline 0.001 -12"><span class='ocrx_word' id='word_1_297' title='bbox 121 2591 229 2631; x_wconf 88' lang='lat' dir='ltr'>siam,</span> <span class='ocrx_word' id='word_1_298' title='bbox 263 2592 321 2624; x_wconf 91' lang='lat' dir='ltr'>sed</span> <span class='ocrx_word' id='word_1_299' title='bbox 347 2597 464 2623; x_wconf 91' lang='lat' dir='ltr'>tamen</span> <span class='ocrx_word' id='word_1_300' title='bbox 489 2589 605 2623; x_wconf 89' lang='lat' dir='ltr'>Deum</span> <span class='ocrx_word' id='word_1_301' title='bbox 631 2597 850 2623; x_wconf 86' lang='lat' dir='ltr'>servaturum</span> <span class='ocrx_word' id='word_1_302' title='bbox 877 2602 950 2624; x_wconf 92' lang='lat' dir='ltr'>esse</span> <span class='ocrx_word' id='word_1_303' title='bbox 975 2603 1112 2635; x_wconf 91' lang='lat' dir='ltr'>semper</span> 
     </span>
    </p>
   </div>
   <div class='ocr_carea' id='block_1_8' title="bbox 121 2642 1139 2738">
    <p class='ocr_par' dir='ltr' id='par_1_11' title="bbox 121 2642 1139 2738">
     <span class='ocr_line' id='line_1_47' title="bbox 121 2642 1138 2686; baseline -0.001 -13"><span class='ocrx_word' id='word_1_304' title='bbox 121 2642 274 2686; x_wconf 83' lang='lat' dir='ltr'>aliquem</span> <span class='ocrx_word' id='word_1_305' title='bbox 299 2653 400 2675; x_wconf 89' lang='lat' dir='ltr'>suum</span> <span class='ocrx_word' id='word_1_306' title='bbox 423 2648 560 2675; x_wconf 89' lang='lat' dir='ltr'>coetum</span> <span class='ocrx_word' id='word_1_307' title='bbox 582 2642 760 2675; x_wconf 89' lang='lat' dir='ltr'>custodem</span> <span class='ocrx_word' id='word_1_308' title='bbox 786 2648 818 2674; x_wconf 89' lang='lat' dir='ltr'>et</span> <span class='ocrx_word' id='word_1_309' title='bbox 843 2649 1110 2685; x_wconf 81' lang='lat' dir='ltr'>propagatorem</span> <span class='ocrx_word' id='word_1_310' title='bbox 1136 2657 1138 2672; x_wconf 72' lang='grc' dir='ltr'><strong><em>ε</em></strong></span> 
     </span>
     <span class='ocr_line' id='line_1_48' title="bbox 121 2690 1139 2738; baseline 0.004 -15"><span class='ocrx_word' id='word_1_311' title='bbox 121 2690 322 2734; x_wconf 83' lang='lat' dir='ltr'>Evangelii:</span> <span class='ocrx_word' id='word_1_312' title='bbox 352 2699 383 2726; x_wconf 85' lang='lat' dir='ltr'>et</span> <span class='ocrx_word' id='word_1_313' title='bbox 402 2694 495 2738; x_wconf 89' lang='lat' dir='ltr'>quod</span> <span class='ocrx_word' id='word_1_314' title='bbox 514 2693 597 2726; x_wconf 83' lang='lat' dir='ltr'>velit</span> <span class='ocrx_word' id='word_1_315' title='bbox 623 2693 660 2725; x_wconf 89' lang='lat' dir='ltr'>in</span> <span class='ocrx_word' id='word_1_316' title='bbox 686 2690 740 2725; x_wconf 85' lang='lat' dir='ltr'>his</span> <span class='ocrx_word' id='word_1_317' title='bbox 766 2692 1031 2726; x_wconf 80' lang='lat' dir='ltr'>adflictionibus</span> <span class='ocrx_word' id='word_1_318' title='bbox 1056 2694 1111 2727; x_wconf 91' lang='lat' dir='ltr'>lu-</span> <span class='ocrx_word' id='word_1_319' title='bbox 1137 2711 1139 2728; x_wconf 67' lang='grc' dir='ltr'>ι</span> 
     </span>
    </p>
   </div>
   <div class='ocr_carea' id='block_1_9' title="bbox 176 2745 693 2778">
    <p class='ocr_par' dir='ltr' id='par_1_12' title="bbox 176 2745 693 2778">
     <span class='ocr_line' id='line_1_49' title="bbox 176 2745 693 2778; baseline 0.004 -3"><span class='ocrx_word' id='word_1_320' title='bbox 176 2745 350 2776; x_wconf 60' lang='lat' dir='ltr'>Mummi.</span> <span class='ocrx_word' id='word_1_321' title='bbox 373 2746 475 2777; x_wconf 75' lang='lat' dir='ltr'>OPER.</span> <span class='ocrx_word' id='word_1_322' title='bbox 500 2746 581 2776; x_wconf 60' lang='lat' dir='ltr'>Yon.</span> <span class='ocrx_word' id='word_1_323' title='bbox 600 2746 693 2778; x_wconf 83' lang='lat' dir='ltr'>Xlll.</span> 
     </span>
    </p>
   </div>
   <div class='ocr_carea' id='block_1_10' title="bbox 694 105 1540 145">
    <p class='ocr_par' dir='ltr' id='par_1_13' title="bbox 694 105 1540 145">
     <span class='ocr_line' id='line_1_50' title="bbox 694 105 1540 145; baseline 0.002 -3"><span class='ocrx_word' id='word_1_324' title='bbox 694 108 757 145; x_wconf 91' lang='grc' dir='ltr'>ΙΧ,</span> <span class='ocrx_word' id='word_1_325' title='bbox 812 105 1175 143; x_wconf 83' lang='lat' dir='ltr'>COMMENTARII</span> <span class='ocrx_word' id='word_1_326' title='bbox 1213 106 1263 141; x_wconf 89' lang='lat' dir='ltr'>IN</span> <span class='ocrx_word' id='word_1_327' title='bbox 1298 105 1540 144; x_wconf 88' lang='lat' dir='ltr'>PSALMOS.</span> 
     </span>
    </p>
   </div>
   <div class='ocr_carea' id='block_1_11' title="bbox 104 243 1118 340">
    <p class='ocr_par' dir='ltr' id='par_1_14' title="bbox 104 243 1118 340">
     <span class='ocr_line' id='line_1_51' title="bbox 918 243 1118 288; baseline 0 -10"><span class='ocrx_word' id='word_1_328' title='bbox 918 243 986 278; x_wconf 90' lang='lat' dir='ltr'>Sed</span> <span class='ocrx_word' id='word_1_329' title='bbox 1016 244 1093 288; x_wconf 88' lang='lat' dir='ltr'>piae</span> <span class='ocrx_word' id='word_1_330' title='bbox 1117 250 1118 253; x_wconf 76' lang='grc'>’</span> 
     </span>
     <span class='ocr_line' id='line_1_52' title="bbox 104 286 1118 340; baseline -0.004 -10"><span class='ocrx_word' id='word_1_331' title='bbox 104 304 238 330; x_wconf 86' lang='lat' dir='ltr'>mentes</span> <span class='ocrx_word' id='word_1_332' title='bbox 259 297 465 331; x_wconf 88' lang='lat' dir='ltr'>intueantur</span> <span class='ocrx_word' id='word_1_333' title='bbox 488 294 554 329; x_wconf 87' lang='lat' dir='ltr'>hos</span> <span class='ocrx_word' id='word_1_334' title='bbox 576 295 752 336; x_wconf 86' lang='lat' dir='ltr'>Psalmos‚</span> <span class='ocrx_word' id='word_1_335' title='bbox 779 295 838 340; x_wconf 92' lang='lat' dir='ltr'>qui</span> <span class='ocrx_word' id='word_1_336' title='bbox 860 294 939 327; x_wconf 92' lang='lat' dir='ltr'>ideo</span> <span class='ocrx_word' id='word_1_337' title='bbox 958 295 1092 327; x_wconf 80' lang='lat' dir='ltr'>divini-</span> <span class='ocrx_word' id='word_1_338' title='bbox 1117 286 1118 319; x_wconf 56' lang='lat'><em>3</em></span> 
     </span>
    </p>
   </div>
   <div class='ocr_carea' id='block_1_12' title="bbox 1118 699 1822 748">
    <p class='ocr_par' dir='ltr' id='par_1_15' title="bbox 1118 699 1822 748">
     <span class='ocr_line' id='line_1_53' title="bbox 1118 699 1822 748; baseline -0.006 -12"><span class='ocrx_word' id='word_1_339' title='bbox 1118 741 1120 748; x_wconf 25' lang='grc' dir='ltr'><strong><em>γ</em></strong></span> <span class='ocrx_word' id='word_1_340' title='bbox 1144 715 1249 736; x_wconf 84' lang='lat' dir='ltr'>mano</span> <span class='ocrx_word' id='word_1_341' title='bbox 1267 703 1431 745; x_wconf 87' lang='lat' dir='ltr'>colligere</span> <span class='ocrx_word' id='word_1_342' title='bbox 1446 699 1698 734; x_wconf 86' lang='lat' dir='ltr'>haereditatem</span> <span class='ocrx_word' id='word_1_343' title='bbox 1717 700 1822 736; x_wconf 84' lang='lat' dir='ltr'>Filio.</span> 
     </span>
    </p>
   </div>
   <div class='ocr_carea' id='block_1_13' title="bbox 1113 199 1129 1377">
    <p class='ocr_par' dir='ltr' id='par_1_16' title="bbox 1113 199 1129 1377">
     <span class='ocr_line' id='line_1_54' title="bbox 1113 199 1129 1377; baseline 0 0"><span class='ocrx_word' id='word_1_344' title='bbox 1113 199 1129 1377; x_wconf 95' lang='lat' dir='ltr'> </span> 
     </span>
    </p>
   </div>
   <div class='ocr_carea' id='block_1_14' title="bbox 2036 108 2133 142">
    <p class='ocr_par' dir='ltr' id='par_1_17' title="bbox 2036 108 2133 142">
     <span class='ocr_line' id='line_1_55' title="bbox 2036 108 2133 142; baseline 0 0"><span class='ocrx_word' id='word_1_345' title='bbox 2036 108 2133 142; x_wconf 88' lang='lat'>1090</span> 
     </span>
    </p>
   </div>
   <div class='ocr_carea' id='block_1_15' title="bbox 1142 192 2132 493">
    <p class='ocr_par' dir='ltr' id='par_1_18' title="bbox 1142 192 2132 493">
     <span class='ocr_line' id='line_1_56' title="bbox 1142 192 2129 230; baseline 0.004 -5"><span class='ocrx_word' id='word_1_346' title='bbox 1142 204 1219 226; x_wconf 90' lang='lat' dir='ltr'>cere</span> <span class='ocrx_word' id='word_1_347' title='bbox 1242 192 1345 226; x_wconf 89' lang='lat' dir='ltr'>fidem</span> <span class='ocrx_word' id='word_1_348' title='bbox 1373 199 1528 226; x_wconf 85' lang='lat' dir='ltr'>nostram</span> <span class='ocrx_word' id='word_1_349' title='bbox 1546 193 1582 225; x_wconf 91' lang='lat' dir='ltr'>in</span> <span class='ocrx_word' id='word_1_350' title='bbox 1608 193 1828 227; x_wconf 88' lang='lat' dir='ltr'>confessione</span> <span class='ocrx_word' id='word_1_351' title='bbox 1847 199 1880 227; x_wconf 89' lang='lat' dir='ltr'>et</span> <span class='ocrx_word' id='word_1_352' title='bbox 1895 193 2129 230; x_wconf 86' lang='lat' dir='ltr'>invocatione.</span> 
     </span>
     <span class='ocr_line' id='line_1_57' title="bbox 1143 241 2130 290; baseline 0 -12"><span class='ocrx_word' id='word_1_353' title='bbox 1143 243 1238 278; x_wconf 90' lang='lat' dir='ltr'>Haec</span> <span class='ocrx_word' id='word_1_354' title='bbox 1257 243 1376 276; x_wconf 92' lang='lat' dir='ltr'>omnia</span> <span class='ocrx_word' id='word_1_355' title='bbox 1402 244 1489 276; x_wconf 83' lang='lat' dir='ltr'>scire</span> <span class='ocrx_word' id='word_1_356' title='bbox 1506 241 1697 277; x_wconf 87' lang='lat' dir='ltr'>Ecclesiam</span> <span class='ocrx_word' id='word_1_357' title='bbox 1714 256 1853 278; x_wconf 89' lang='lat' dir='ltr'>necesse</span> <span class='ocrx_word' id='word_1_358' title='bbox 1872 251 1942 285; x_wconf 91' lang='lat' dir='ltr'>est,</span> <span class='ocrx_word' id='word_1_359' title='bbox 1970 245 2055 290; x_wconf 92' lang='lat' dir='ltr'>quid</span> <span class='ocrx_word' id='word_1_360' title='bbox 2073 246 2130 286; x_wconf 88' lang='lat' dir='ltr'>sit,</span> 
     </span>
     <span class='ocr_line' id='line_1_58' title="bbox 1143 295 2131 341; baseline 0.002 -14"><span class='ocrx_word' id='word_1_361' title='bbox 1143 295 1257 340; x_wconf 89' lang='lat' dir='ltr'>qualis</span> <span class='ocrx_word' id='word_1_362' title='bbox 1275 301 1393 327; x_wconf 90' lang='lat' dir='ltr'>coetus</span> <span class='ocrx_word' id='word_1_363' title='bbox 1410 295 1472 335; x_wconf 89' lang='lat' dir='ltr'>sit,</span> <span class='ocrx_word' id='word_1_364' title='bbox 1500 296 1542 327; x_wconf 89' lang='lat' dir='ltr'>ad</span> <span class='ocrx_word' id='word_1_365' title='bbox 1560 295 1654 339; x_wconf 91' lang='lat' dir='ltr'>quod</span> <span class='ocrx_word' id='word_1_366' title='bbox 1672 307 1801 329; x_wconf 90' lang='lat' dir='ltr'>munus</span> <span class='ocrx_word' id='word_1_367' title='bbox 1818 303 1938 329; x_wconf 88' lang='lat' dir='ltr'>vocata</span> <span class='ocrx_word' id='word_1_368' title='bbox 1955 296 2012 335; x_wconf 82' lang='lat' dir='ltr'>sit,</span> <span class='ocrx_word' id='word_1_369' title='bbox 2041 308 2131 341; x_wconf 88' lang='lat' dir='ltr'>quae</span> 
     </span>
     <span class='ocr_line' id='line_1_59' title="bbox 1144 344 2131 392; baseline 0.002 -13"><span class='ocrx_word' id='word_1_370' title='bbox 1144 346 1171 379; x_wconf 90' lang='lat' dir='ltr'>si</span> <span class='ocrx_word' id='word_1_371' title='bbox 1198 344 1362 379; x_wconf 88' lang='lat' dir='ltr'>habitura</span> <span class='ocrx_word' id='word_1_372' title='bbox 1388 345 1561 389; x_wconf 86' lang='lat' dir='ltr'>pericula,</span> <span class='ocrx_word' id='word_1_373' title='bbox 1596 357 1685 390; x_wconf 89' lang='lat' dir='ltr'>quae</span> <span class='ocrx_word' id='word_1_374' title='bbox 1712 346 1860 388; x_wconf 83' lang='lat' dir='ltr'>auxilia,</span> <span class='ocrx_word' id='word_1_375' title='bbox 1895 358 1984 392; x_wconf 90' lang='lat' dir='ltr'>quos</span> <span class='ocrx_word' id='word_1_376' title='bbox 2008 348 2131 382; x_wconf 83' lang='lat' dir='ltr'>exitus.</span> 
     </span>
     <span class='ocr_line' id='line_1_60' title="bbox 1144 396 2131 440; baseline 0.001 -10"><span class='ocrx_word' id='word_1_377' title='bbox 1144 396 1232 430; x_wconf 88' lang='lat' dir='ltr'>Nam</span> <span class='ocrx_word' id='word_1_378' title='bbox 1259 396 1307 440; x_wconf 90' lang='lat' dir='ltr'>pii</span> <span class='ocrx_word' id='word_1_379' title='bbox 1333 408 1405 429; x_wconf 93' lang='lat' dir='ltr'>non</span> <span class='ocrx_word' id='word_1_380' title='bbox 1430 402 1570 440; x_wconf 89' lang='lat' dir='ltr'>possent</span> <span class='ocrx_word' id='word_1_381' title='bbox 1589 397 1741 440; x_wconf 86' lang='lat' dir='ltr'>perferre</span> <span class='ocrx_word' id='word_1_382' title='bbox 1758 409 1962 438; x_wconf 75' lang='lat' dir='ltr'>aerumnaS,</span> <span class='ocrx_word' id='word_1_383' title='bbox 1989 399 2018 430; x_wconf 90' lang='lat' dir='ltr'>si</span> <span class='ocrx_word' id='word_1_384' title='bbox 2045 396 2131 431; x_wconf 83' lang='lat' dir='ltr'>haec</span> 
     </span>
     <span class='ocr_line' id='line_1_61' title="bbox 1144 445 2132 493; baseline 0.002 -13"><span class='ocrx_word' id='word_1_385' title='bbox 1144 448 1330 481; x_wconf 91' lang='lat' dir='ltr'>nescirent.</span> <span class='ocrx_word' id='word_1_386' title='bbox 1392 448 1473 480; x_wconf 92' lang='lat' dir='ltr'>Ideo</span> <span class='ocrx_word' id='word_1_387' title='bbox 1502 445 1665 480; x_wconf 88' lang='lat' dir='ltr'>historica</span> <span class='ocrx_word' id='word_1_388' title='bbox 1688 449 1976 482; x_wconf 87' lang='lat' dir='ltr'>commemoratio</span> <span class='ocrx_word' id='word_1_389' title='bbox 2002 461 2132 493; x_wconf 89' lang='lat' dir='ltr'>propo-</span> 
     </span>
    </p>
   </div>
   <div class='ocr_carea' id='block_1_16' title="bbox 1119 498 2132 543">
    <p class='ocr_par' dir='ltr' id='par_1_19' title="bbox 1119 498 2132 543">
     <span class='ocr_line' id='line_1_62' title="bbox 1119 498 2132 543; baseline 0.001 -12"><span class='ocrx_word' id='word_1_390' title='bbox 1119 539 1120 542; x_wconf 14' lang='lat'><em>*</em></span> <span class='ocrx_word' id='word_1_391' title='bbox 1144 499 1258 539; x_wconf 85' lang='lat' dir='ltr'>nitur,</span> <span class='ocrx_word' id='word_1_392' title='bbox 1287 510 1375 543; x_wconf 88' lang='lat' dir='ltr'>quae</span> <span class='ocrx_word' id='word_1_393' title='bbox 1403 498 1545 542; x_wconf 90' lang='lat' dir='ltr'>quidem</span> <span class='ocrx_word' id='word_1_394' title='bbox 1571 505 1603 530; x_wconf 89' lang='lat' dir='ltr'>et</span> <span class='ocrx_word' id='word_1_395' title='bbox 1625 509 1746 531; x_wconf 88' lang='lat' dir='ltr'>causas</span> <span class='ocrx_word' id='word_1_396' title='bbox 1767 499 1948 542; x_wconf 91' lang='lat' dir='ltr'>petitionis</span> <span class='ocrx_word' id='word_1_397' title='bbox 1965 500 2132 533; x_wconf 86' lang='lat' dir='ltr'>continet.</span> 
     </span>
    </p>
   </div>
   <div class='ocr_carea' id='block_1_17' title="bbox 1146 547 2132 595">
    <p class='ocr_par' dir='ltr' id='par_1_20' title="bbox 1146 547 2132 595">
     <span class='ocr_line' id='line_1_63' title="bbox 1146 547 2132 595; baseline 0.001 -13"><span class='ocrx_word' id='word_1_398' title='bbox 1146 549 1228 583; x_wconf 88' lang='lat' dir='ltr'>Ideo</span> <span class='ocrx_word' id='word_1_399' title='bbox 1247 550 1340 582; x_wconf 92' lang='lat' dir='ltr'>enim</span> <span class='ocrx_word' id='word_1_400' title='bbox 1357 548 1452 581; x_wconf 89' lang='lat' dir='ltr'>Deus</span> <span class='ocrx_word' id='word_1_401' title='bbox 1469 547 1661 581; x_wconf 90' lang='lat' dir='ltr'>Ecclesiam</span> <span class='ocrx_word' id='word_1_402' title='bbox 1682 549 1757 581; x_wconf 84' lang='lat' dir='ltr'>vult</span> <span class='ocrx_word' id='word_1_403' title='bbox 1773 560 1932 592; x_wconf 84' lang='lat' dir='ltr'>servare,</span> <span class='ocrx_word' id='word_1_404' title='bbox 1960 551 2042 595; x_wconf 90' lang='lat' dir='ltr'>quia</span> <span class='ocrx_word' id='word_1_405' title='bbox 2058 551 2132 595; x_wconf 89' lang='lat' dir='ltr'>ipse</span> 
     </span>
    </p>
   </div>
   <div class='ocr_carea' id='block_1_18' title="bbox 1118 598 2134 643">
    <p class='ocr_par' dir='ltr' id='par_1_21' title="bbox 1118 598 2134 643">
     <span class='ocr_line' id='line_1_64' title="bbox 1118 598 2134 643; baseline 0.001 -10"><span class='ocrx_word' id='word_1_406' title='bbox 1118 611 1120 630; x_wconf 57' lang='grc' dir='ltr'><strong><em>ε</em></strong></span> <span class='ocrx_word' id='word_1_407' title='bbox 1145 613 1219 633; x_wconf 90' lang='lat' dir='ltr'>eam</span> <span class='ocrx_word' id='word_1_408' title='bbox 1238 601 1339 643; x_wconf 88' lang='lat' dir='ltr'>elegit</span> <span class='ocrx_word' id='word_1_409' title='bbox 1359 606 1391 632; x_wconf 92' lang='lat' dir='ltr'>et</span> <span class='ocrx_word' id='word_1_410' title='bbox 1409 600 1544 642; x_wconf 87' lang='lat' dir='ltr'>diligit,</span> <span class='ocrx_word' id='word_1_411' title='bbox 1572 606 1605 632; x_wconf 89' lang='lat' dir='ltr'>et</span> <span class='ocrx_word' id='word_1_412' title='bbox 1629 599 1784 633; x_wconf 78' lang='lat' dir='ltr'>vicissim</span> <span class='ocrx_word' id='word_1_413' title='bbox 1803 598 1958 633; x_wconf 89' lang='lat' dir='ltr'>Ecclesia</span> <span class='ocrx_word' id='word_1_414' title='bbox 1978 613 2057 633; x_wconf 91' lang='lat' dir='ltr'>eum</span> <span class='ocrx_word' id='word_1_415' title='bbox 2077 614 2134 634; x_wconf 91' lang='lat' dir='ltr'>ce-</span> 
     </span>
    </p>
   </div>
   <div class='ocr_carea' id='block_1_19' title="bbox 1145 648 2155 2738">
    <p class='ocr_par' dir='ltr' id='par_1_22' title="bbox 1145 648 2136 839">
     <span class='ocr_line' id='line_1_65' title="bbox 1145 648 2134 694; baseline -0.001 -9"><span class='ocrx_word' id='word_1_416' title='bbox 1145 652 1257 685; x_wconf 86' lang='lat' dir='ltr'>lebrat</span> <span class='ocrx_word' id='word_1_417' title='bbox 1275 659 1306 685; x_wconf 89' lang='lat' dir='ltr'>et</span> <span class='ocrx_word' id='word_1_418' title='bbox 1322 663 1401 684; x_wconf 86' lang='lat' dir='ltr'>vere</span> <span class='ocrx_word' id='word_1_419' title='bbox 1417 651 1570 684; x_wconf 90' lang='lat' dir='ltr'>invocat.</span> <span class='ocrx_word' id='word_1_420' title='bbox 1615 649 1737 683; x_wconf 78' lang='lat' dir='ltr'>Voluit</span> <span class='ocrx_word' id='word_1_421' title='bbox 1755 648 1850 683; x_wconf 91' lang='lat' dir='ltr'>Deus</span> <span class='ocrx_word' id='word_1_422' title='bbox 1869 663 1908 684; x_wconf 92' lang='lat' dir='ltr'>ex</span> <span class='ocrx_word' id='word_1_423' title='bbox 1924 662 2050 694; x_wconf 86' lang='lat' dir='ltr'>genere</span> <span class='ocrx_word' id='word_1_424' title='bbox 2067 650 2134 684; x_wconf 88' lang='lat' dir='ltr'>hu-</span> 
     </span>
     <span class='ocr_line' id='line_1_66' title="bbox 1875 701 2136 735; baseline 0.008 -2"><span class='ocrx_word' id='word_1_425' title='bbox 1875 701 1979 734; x_wconf 89' lang='lat' dir='ltr'>Hanc</span> <span class='ocrx_word' id='word_1_426' title='bbox 1996 703 2136 735; x_wconf 88' lang='lat' dir='ltr'>redimit</span> 
     </span>
     <span class='ocr_line' id='line_1_67' title="bbox 1146 751 2135 797; baseline -0.001 -10"><span class='ocrx_word' id='word_1_427' title='bbox 1146 766 1207 797; x_wconf 91' lang='lat' dir='ltr'>per</span> <span class='ocrx_word' id='word_1_428' title='bbox 1216 754 1347 787; x_wconf 85' lang='lat' dir='ltr'>Filium</span> <span class='ocrx_word' id='word_1_429' title='bbox 1363 751 1454 787; x_wconf 85' lang='lat' dir='ltr'>hanc</span> <span class='ocrx_word' id='word_1_430' title='bbox 1471 752 1569 796; x_wconf 87' lang='lat' dir='ltr'>regit,</span> <span class='ocrx_word' id='word_1_431' title='bbox 1586 758 1620 785; x_wconf 89' lang='lat' dir='ltr'>et</span> <span class='ocrx_word' id='word_1_432' title='bbox 1636 751 1862 785; x_wconf 89' lang='lat' dir='ltr'>mirabilibus</span> <span class='ocrx_word' id='word_1_433' title='bbox 1878 752 1993 785; x_wconf 91' lang='lat' dir='ltr'>modis</span> <span class='ocrx_word' id='word_1_434' title='bbox 2012 753 2135 786; x_wconf 85' lang='lat' dir='ltr'>defen-</span> 
     </span>
     <span class='ocr_line' id='line_1_68' title="bbox 1145 805 1388 839; baseline 0.008 -2"><span class='ocrx_word' id='word_1_435' title='bbox 1145 805 1197 838; x_wconf 92' lang='lat' dir='ltr'>dit</span> <span class='ocrx_word' id='word_1_436' title='bbox 1213 812 1245 839; x_wconf 87' lang='lat' dir='ltr'>et</span> <span class='ocrx_word' id='word_1_437' title='bbox 1263 811 1388 839; x_wconf 88' lang='lat' dir='ltr'>servat.</span> 
     </span>
    </p>

    <p class='ocr_par' dir='ltr' id='par_1_23' title="bbox 1146 855 2143 1409">
     <span class='ocr_line' id='line_1_69' title="bbox 1247 855 2137 899; baseline -0.002 -10"><span class='ocrx_word' id='word_1_438' title='bbox 1247 855 1342 889; x_wconf 86' lang='lat' dir='ltr'>Haec</span> <span class='ocrx_word' id='word_1_439' title='bbox 1366 855 1469 889; x_wconf 89' lang='lat' dir='ltr'>initio</span> <span class='ocrx_word' id='word_1_440' title='bbox 1496 860 1838 895; x_wconf 88' lang='lat' dir='ltr'>commemorantur,</span> <span class='ocrx_word' id='word_1_441' title='bbox 1873 855 1971 899; x_wconf 83' lang='lat' dir='ltr'>quasi</span> <span class='ocrx_word' id='word_1_442' title='bbox 2003 855 2051 888; x_wconf 90' lang='lat' dir='ltr'>sic</span> <span class='ocrx_word' id='word_1_443' title='bbox 2082 855 2137 888; x_wconf 91' lang='lat' dir='ltr'>di—</span> 
     </span>
     <span class='ocr_line' id='line_1_70' title="bbox 1146 905 2138 951; baseline 0.001 -11"><span class='ocrx_word' id='word_1_444' title='bbox 1146 914 1217 940; x_wconf 85' lang='lat' dir='ltr'>cat:</span> <span class='ocrx_word' id='word_1_445' title='bbox 1255 906 1313 940; x_wconf 91' lang='lat' dir='ltr'>Tu</span> <span class='ocrx_word' id='word_1_446' title='bbox 1337 907 1389 939; x_wconf 69' lang='lat' dir='ltr'>vis</span> <span class='ocrx_word' id='word_1_447' title='bbox 1410 905 1506 940; x_wconf 91' lang='lat' dir='ltr'>Deus</span> <span class='ocrx_word' id='word_1_448' title='bbox 1531 918 1669 939; x_wconf 92' lang='lat' dir='ltr'>servare</span> <span class='ocrx_word' id='word_1_449' title='bbox 1693 911 1773 939; x_wconf 86' lang='lat' dir='ltr'>tuos</span> <span class='ocrx_word' id='word_1_450' title='bbox 1799 917 1888 951; x_wconf 91' lang='lat' dir='ltr'>quos</span> <span class='ocrx_word' id='word_1_451' title='bbox 1911 906 2067 949; x_wconf 88' lang='lat' dir='ltr'>elegisti,</span> <span class='ocrx_word' id='word_1_452' title='bbox 2104 914 2138 941; x_wconf 87' lang='lat' dir='ltr'>et</span> 
     </span>
     <span class='ocr_line' id='line_1_71' title="bbox 1147 957 2139 1003; baseline -0.001 -13"><span class='ocrx_word' id='word_1_453' title='bbox 1147 958 1282 1001; x_wconf 82' lang='lat' dir='ltr'>diligis,</span> <span class='ocrx_word' id='word_1_454' title='bbox 1311 965 1345 992; x_wconf 91' lang='lat' dir='ltr'>et</span> <span class='ocrx_word' id='word_1_455' title='bbox 1369 958 1429 1003; x_wconf 90' lang='lat' dir='ltr'>qui</span> <span class='ocrx_word' id='word_1_456' title='bbox 1457 957 1610 990; x_wconf 91' lang='lat' dir='ltr'>vicissim</span> <span class='ocrx_word' id='word_1_457' title='bbox 1636 964 1668 990; x_wconf 91' lang='lat' dir='ltr'>te</span> <span class='ocrx_word' id='word_1_458' title='bbox 1693 969 1774 989; x_wconf 90' lang='lat' dir='ltr'>vere</span> <span class='ocrx_word' id='word_1_459' title='bbox 1792 957 1971 990; x_wconf 86' lang='lat' dir='ltr'>celebrant</span> <span class='ocrx_word' id='word_1_460' title='bbox 1987 964 2021 991; x_wconf 86' lang='lat' dir='ltr'>et.</span> <span class='ocrx_word' id='word_1_461' title='bbox 2037 957 2139 989; x_wconf 83' lang='lat' dir='ltr'>invo-</span> 
     </span>
     <span class='ocr_line' id='line_1_72' title="bbox 1147 1007 2138 1052; baseline -0.002 -10"><span class='ocrx_word' id='word_1_462' title='bbox 1147 1016 1238 1043; x_wconf 85' lang='lat' dir='ltr'>cant.</span> <span class='ocrx_word' id='word_1_463' title='bbox 1291 1007 1381 1042; x_wconf 93' lang='lat' dir='ltr'>Cum</span> <span class='ocrx_word' id='word_1_464' title='bbox 1401 1009 1508 1052; x_wconf 82' lang='lat' dir='ltr'>igitur</span> <span class='ocrx_word' id='word_1_465' title='bbox 1524 1020 1588 1041; x_wconf 91' lang='lat' dir='ltr'>nos</span> <span class='ocrx_word' id='word_1_466' title='bbox 1606 1008 1648 1040; x_wconf 91' lang='lat' dir='ltr'>ad</span> <span class='ocrx_word' id='word_1_467' title='bbox 1670 1008 1887 1050; x_wconf 89' lang='lat' dir='ltr'>agnitionem</span> <span class='ocrx_word' id='word_1_468' title='bbox 1906 1014 1986 1041; x_wconf 90' lang='lat' dir='ltr'>tuae</span> <span class='ocrx_word' id='word_1_469' title='bbox 2006 1008 2138 1041; x_wconf 88' lang='lat' dir='ltr'>doctri-</span> 
     </span>
     <span class='ocr_line' id='line_1_73' title="bbox 1147 1056 2141 1102; baseline -0.001 -10"><span class='ocrx_word' id='word_1_470' title='bbox 1147 1072 1211 1093; x_wconf 88' lang='lat' dir='ltr'>nae</span> <span class='ocrx_word' id='word_1_471' title='bbox 1230 1060 1425 1100; x_wconf 83' lang='lat' dir='ltr'>vocaveris,</span> <span class='ocrx_word' id='word_1_472' title='bbox 1450 1066 1484 1093; x_wconf 85' lang='lat' dir='ltr'>et</span> <span class='ocrx_word' id='word_1_473' title='bbox 1504 1059 1630 1102; x_wconf 89' lang='lat' dir='ltr'>diligas</span> <span class='ocrx_word' id='word_1_474' title='bbox 1654 1056 1749 1091; x_wconf 89' lang='lat' dir='ltr'>hunc</span> <span class='ocrx_word' id='word_1_475' title='bbox 1773 1065 1932 1099; x_wconf 90' lang='lat' dir='ltr'>coetum,</span> <span class='ocrx_word' id='word_1_476' title='bbox 1959 1065 1992 1092; x_wconf 89' lang='lat' dir='ltr'>et</span> <span class='ocrx_word' id='word_1_477' title='bbox 2014 1059 2051 1091; x_wconf 94' lang='lat' dir='ltr'>in</span> <span class='ocrx_word' id='word_1_478' title='bbox 2076 1058 2141 1092; x_wconf 93' lang='lat' dir='ltr'>hac</span> 
     </span>
     <span class='ocr_line' id='line_1_74' title="bbox 1147 1110 2141 1151; baseline -0.002 -7"><span class='ocrx_word' id='word_1_479' title='bbox 1147 1118 1237 1144; x_wconf 92' lang='lat' dir='ltr'>terra</span> <span class='ocrx_word' id='word_1_480' title='bbox 1255 1123 1320 1145; x_wconf 89' lang='lat' dir='ltr'>nos</span> <span class='ocrx_word' id='word_1_481' title='bbox 1337 1110 1581 1151; x_wconf 86' lang='lat' dir='ltr'>collocaveris,</span> <span class='ocrx_word' id='word_1_482' title='bbox 1609 1117 1648 1143; x_wconf 92' lang='lat' dir='ltr'>ut</span> <span class='ocrx_word' id='word_1_483' title='bbox 1671 1116 1774 1143; x_wconf 90' lang='lat' dir='ltr'>testes</span> <span class='ocrx_word' id='word_1_484' title='bbox 1798 1121 1950 1143; x_wconf 91' lang='lat' dir='ltr'>essemus</span> <span class='ocrx_word' id='word_1_485' title='bbox 1972 1116 2051 1143; x_wconf 92' lang='lat' dir='ltr'>tuae</span> <span class='ocrx_word' id='word_1_486' title='bbox 2077 1110 2141 1142; x_wconf 92' lang='lat' dir='ltr'>do-</span> 
     </span>
     <span class='ocr_line' id='line_1_75' title="bbox 1148 1158 2141 1204; baseline -0.003 -9"><span class='ocrx_word' id='word_1_487' title='bbox 1148 1163 1300 1203; x_wconf 89' lang='lat' dir='ltr'>ctrinae,</span> <span class='ocrx_word' id='word_1_488' title='bbox 1326 1162 1475 1195; x_wconf 83' lang='lat' dir='ltr'>defende</span> <span class='ocrx_word' id='word_1_489' title='bbox 1492 1169 1525 1195; x_wconf 92' lang='lat' dir='ltr'>et</span> <span class='ocrx_word' id='word_1_490' title='bbox 1541 1173 1638 1194; x_wconf 83' lang='lat' dir='ltr'>serva</span> <span class='ocrx_word' id='word_1_491' title='bbox 1656 1172 1732 1194; x_wconf 85' lang='lat' dir='ltr'>nos.</span> <span class='ocrx_word' id='word_1_492' title='bbox 1784 1159 1832 1195; x_wconf 88' lang='lat' dir='ltr'>Et</span> <span class='ocrx_word' id='word_1_493' title='bbox 1855 1161 2024 1204; x_wconf 85' lang='lat' dir='ltr'>exemplis</span> <span class='ocrx_word' id='word_1_494' title='bbox 2049 1158 2141 1193; x_wconf 90' lang='lat' dir='ltr'>hanc</span> 
     </span>
     <span class='ocr_line' id='line_1_76' title="bbox 1149 1211 2137 1255; baseline -0.002 -9"><span class='ocrx_word' id='word_1_495' title='bbox 1149 1219 1244 1246; x_wconf 89' lang='lat' dir='ltr'>tuam</span> <span class='ocrx_word' id='word_1_496' title='bbox 1265 1214 1483 1247; x_wconf 86' lang='lat' dir='ltr'>voluntatem</span> <span class='ocrx_word' id='word_1_497' title='bbox 1503 1213 1698 1252; x_wconf 83' lang='lat' dir='ltr'>declarasti,</span> <span class='ocrx_word' id='word_1_498' title='bbox 1728 1223 1829 1255; x_wconf 89' lang='lat' dir='ltr'>saepe</span> <span class='ocrx_word' id='word_1_499' title='bbox 1850 1223 1913 1244; x_wconf 91' lang='lat' dir='ltr'>nos</span> <span class='ocrx_word' id='word_1_500' title='bbox 1932 1211 2137 1244; x_wconf 85' lang='lat' dir='ltr'>defendisti:</span> 
     </span>
     <span class='ocr_line' id='line_1_77' title="bbox 1148 1262 2140 1305; baseline -0.001 -10"><span class='ocrx_word' id='word_1_501' title='bbox 1148 1276 1212 1296; x_wconf 90' lang='lat' dir='ltr'>nec</span> <span class='ocrx_word' id='word_1_502' title='bbox 1229 1276 1293 1297; x_wconf 93' lang='lat' dir='ltr'>nos</span> <span class='ocrx_word' id='word_1_503' title='bbox 1310 1276 1392 1297; x_wconf 88' lang='lat' dir='ltr'>arcu</span> <span class='ocrx_word' id='word_1_504' title='bbox 1411 1270 1531 1297; x_wconf 89' lang='lat' dir='ltr'>nostro</span> <span class='ocrx_word' id='word_1_505' title='bbox 1549 1271 1581 1296; x_wconf 90' lang='lat' dir='ltr'>et</span> <span class='ocrx_word' id='word_1_506' title='bbox 1597 1263 1728 1296; x_wconf 90' lang='lat' dir='ltr'>nostris</span> <span class='ocrx_word' id='word_1_507' title='bbox 1753 1262 1860 1295; x_wconf 89' lang='lat' dir='ltr'>armis</span> <span class='ocrx_word' id='word_1_508' title='bbox 1883 1269 1933 1296; x_wconf 89' lang='lat' dir='ltr'>tot</span> <span class='ocrx_word' id='word_1_509' title='bbox 1951 1269 2070 1305; x_wconf 81' lang='lat' dir='ltr'>gentes</span> <span class='ocrx_word' id='word_1_510' title='bbox 2086 1263 2140 1294; x_wconf 93' lang='lat' dir='ltr'>vi-</span> 
     </span>
     <span class='ocr_line' id='line_1_78' title="bbox 1148 1313 2143 1359; baseline -0.002 -12"><span class='ocrx_word' id='word_1_511' title='bbox 1148 1315 1244 1347; x_wconf 85' lang='lat' dir='ltr'>cinas</span> <span class='ocrx_word' id='word_1_512' title='bbox 1266 1315 1382 1348; x_wconf 81' lang='lat' dir='ltr'>delere</span> <span class='ocrx_word' id='word_1_513' title='bbox 1415 1315 1671 1359; x_wconf 86' lang='lat' dir='ltr'>potuissemus,</span> <span class='ocrx_word' id='word_1_514' title='bbox 1705 1314 1762 1346; x_wconf 89' lang='lat' dir='ltr'>sed</span> <span class='ocrx_word' id='word_1_515' title='bbox 1789 1326 1806 1346; x_wconf 88' lang='lat' dir='ltr'>a</span> <span class='ocrx_word' id='word_1_516' title='bbox 1832 1320 1863 1347; x_wconf 88' lang='lat' dir='ltr'>te</span> <span class='ocrx_word' id='word_1_517' title='bbox 1889 1313 2004 1357; x_wconf 88' lang='lat' dir='ltr'>palam</span> <span class='ocrx_word' id='word_1_518' title='bbox 2030 1313 2143 1346; x_wconf 89' lang='lat' dir='ltr'>adiuti</span> 
     </span>
     <span class='ocr_line' id='line_1_79' title="bbox 1149 1375 1882 1409; baseline -0.003 -11"><span class='ocrx_word' id='word_1_519' title='bbox 1149 1377 1287 1399; x_wconf 83' lang='lat' dir='ltr'>sumus:</span> <span class='ocrx_word' id='word_1_520' title='bbox 1315 1378 1396 1409; x_wconf 87' lang='lat' dir='ltr'>ergo</span> <span class='ocrx_word' id='word_1_521' title='bbox 1416 1378 1510 1398; x_wconf 88' lang='lat' dir='ltr'>nunc</span> <span class='ocrx_word' id='word_1_522' title='bbox 1529 1377 1670 1409; x_wconf 86' lang='lat' dir='ltr'>quoque</span> <span class='ocrx_word' id='word_1_523' title='bbox 1687 1375 1786 1396; x_wconf 92' lang='lat' dir='ltr'>serva</span> <span class='ocrx_word' id='word_1_524' title='bbox 1807 1375 1882 1396; x_wconf 92' lang='lat' dir='ltr'>nos.</span> 
     </span>
    </p>

    <p class='ocr_par' dir='ltr' id='par_1_24' title="bbox 1150 1413 2145 1654">
     <span class='ocr_line' id='line_1_80' title="bbox 1252 1413 2145 1458; baseline -0.004 -9"><span class='ocrx_word' id='word_1_525' title='bbox 1252 1416 1320 1449; x_wconf 92' lang='lat' dir='ltr'>Hic</span> <span class='ocrx_word' id='word_1_526' title='bbox 1338 1428 1458 1449; x_wconf 89' lang='lat' dir='ltr'>causas</span> <span class='ocrx_word' id='word_1_527' title='bbox 1478 1415 1659 1458; x_wconf 82' lang='lat' dir='ltr'>petitionis</span> <span class='ocrx_word' id='word_1_528' title='bbox 1681 1415 1821 1447; x_wconf 82' lang='lat' dir='ltr'>recitari</span> <span class='ocrx_word' id='word_1_529' title='bbox 1839 1413 2063 1446; x_wconf 87' lang='lat' dir='ltr'>manifestum</span> <span class='ocrx_word' id='word_1_530' title='bbox 2084 1419 2145 1453; x_wconf 88' lang='lat' dir='ltr'>est,</span> 
     </span>
     <span class='ocr_line' id='line_1_81' title="bbox 1150 1464 2144 1512; baseline -0.004 -12"><span class='ocrx_word' id='word_1_531' title='bbox 1150 1467 1279 1512; x_wconf 88' lang='lat' dir='ltr'>quibus</span> <span class='ocrx_word' id='word_1_532' title='bbox 1317 1469 1433 1501; x_wconf 82' lang='lat' dir='ltr'>verbis</span> <span class='ocrx_word' id='word_1_533' title='bbox 1469 1467 1574 1500; x_wconf 85' lang='lat' dir='ltr'>simul</span> <span class='ocrx_word' id='word_1_534' title='bbox 1611 1466 1742 1509; x_wconf 86' lang='lat' dir='ltr'>gratiae</span> <span class='ocrx_word' id='word_1_535' title='bbox 1781 1472 1935 1508; x_wconf 89' lang='lat' dir='ltr'>aguntur</span> <span class='ocrx_word' id='word_1_536' title='bbox 1971 1476 2035 1508; x_wconf 90' lang='lat' dir='ltr'>pro</span> <span class='ocrx_word' id='word_1_537' title='bbox 2073 1464 2144 1496; x_wconf 89' lang='lat' dir='ltr'>illis</span> 
     </span>
     <span class='ocr_line' id='line_1_82' title="bbox 1150 1515 2143 1561; baseline -0.004 -10"><span class='ocrx_word' id='word_1_538' title='bbox 1150 1518 1346 1557; x_wconf 87' lang='lat' dir='ltr'>beneficiis,</span> <span class='ocrx_word' id='word_1_539' title='bbox 1382 1526 1415 1552; x_wconf 86' lang='lat' dir='ltr'>et</span> <span class='ocrx_word' id='word_1_540' title='bbox 1445 1518 1662 1561; x_wconf 80' lang='lat' dir='ltr'>significatur</span> <span class='ocrx_word' id='word_1_541' title='bbox 1693 1517 1857 1561; x_wconf 90' lang='lat' dir='ltr'>deinceps</span> <span class='ocrx_word' id='word_1_542' title='bbox 1886 1516 1989 1549; x_wconf 91' lang='lat' dir='ltr'>etiam</span> <span class='ocrx_word' id='word_1_543' title='bbox 2024 1515 2143 1548; x_wconf 89' lang='lat' dir='ltr'>Deum</span> 
     </span>
     <span class='ocr_line' id='line_1_83' title="bbox 1150 1566 2144 1611; baseline -0.002 -9"><span class='ocrx_word' id='word_1_544' title='bbox 1150 1567 1328 1602; x_wconf 86' lang='lat' dir='ltr'>Ecclesiae</span> <span class='ocrx_word' id='word_1_545' title='bbox 1351 1582 1433 1603; x_wconf 87' lang='lat' dir='ltr'>snae</span> <span class='ocrx_word' id='word_1_546' title='bbox 1459 1576 1693 1611; x_wconf 89' lang='lat' dir='ltr'>protectorem</span> <span class='ocrx_word' id='word_1_547' title='bbox 1724 1569 1812 1601; x_wconf 84' lang='lat' dir='ltr'>fore.</span> <span class='ocrx_word' id='word_1_548' title='bbox 1866 1566 1961 1599; x_wconf 85' lang='lat' dir='ltr'>Haec</span> <span class='ocrx_word' id='word_1_549' title='bbox 1988 1567 2144 1610; x_wconf 88' lang='lat' dir='ltr'>primum</span> 
     </span>
     <span class='ocr_line' id='line_1_84' title="bbox 1151 1618 2041 1654; baseline -0.003 0"><span class='ocrx_word' id='word_1_550' title='bbox 1151 1621 1194 1653; x_wconf 78' lang='lat' dir='ltr'>de</span> <span class='ocrx_word' id='word_1_551' title='bbox 1212 1619 1390 1654; x_wconf 88' lang='lat' dir='ltr'>Ecclesiae</span> <span class='ocrx_word' id='word_1_552' title='bbox 1409 1621 1614 1654; x_wconf 87' lang='lat' dir='ltr'>defensione</span> <span class='ocrx_word' id='word_1_553' title='bbox 1629 1626 1662 1652; x_wconf 88' lang='lat' dir='ltr'>et</span> <span class='ocrx_word' id='word_1_554' title='bbox 1679 1620 1722 1652; x_wconf 89' lang='lat' dir='ltr'>de</span> <span class='ocrx_word' id='word_1_555' title='bbox 1739 1630 1841 1651; x_wconf 85' lang='lat' dir='ltr'>cruce</span> <span class='ocrx_word' id='word_1_556' title='bbox 1861 1618 2041 1651; x_wconf 87' lang='lat' dir='ltr'>dicuntur.</span> 
     </span>
    </p>

    <p class='ocr_par' dir='ltr' id='par_1_25' title="bbox 1152 1667 2150 2230">
     <span class='ocr_line' id='line_1_85' title="bbox 1253 1667 2142 1706; baseline -0.006 -1"><span class='ocrx_word' id='word_1_557' title='bbox 1253 1671 1377 1705; x_wconf 90' lang='lat' dir='ltr'>Postea</span> <span class='ocrx_word' id='word_1_558' title='bbox 1395 1672 1493 1704; x_wconf 90' lang='lat' dir='ltr'>addit</span> <span class='ocrx_word' id='word_1_559' title='bbox 1511 1671 1708 1704; x_wconf 85' lang='lat' dir='ltr'>doctrinam</span> <span class='ocrx_word' id='word_1_560' title='bbox 1728 1670 1770 1702; x_wconf 92' lang='lat' dir='ltr'>de</span> <span class='ocrx_word' id='word_1_561' title='bbox 1788 1669 2022 1706; x_wconf 80' lang='lat' dir='ltr'>confessione.</span> <span class='ocrx_word' id='word_1_562' title='bbox 2059 1667 2142 1700; x_wconf 90' lang='lat' dir='ltr'>Non</span> 
     </span>
     <span class='ocr_line' id='line_1_86' title="bbox 1152 1719 2143 1766; baseline -0.004 -11"><span class='ocrx_word' id='word_1_563' title='bbox 1152 1722 1332 1766; x_wconf 85' lang='lat' dir='ltr'>adfligitur</span> <span class='ocrx_word' id='word_1_564' title='bbox 1359 1721 1535 1762; x_wconf 89' lang='lat' dir='ltr'>Ecclesia,</span> <span class='ocrx_word' id='word_1_565' title='bbox 1571 1728 1610 1755; x_wconf 88' lang='lat' dir='ltr'>ut</span> <span class='ocrx_word' id='word_1_566' title='bbox 1642 1720 1790 1765; x_wconf 86' lang='lat' dir='ltr'>imperia</span> <span class='ocrx_word' id='word_1_567' title='bbox 1821 1719 1966 1759; x_wconf 88' lang='lat' dir='ltr'>mundi,</span> <span class='ocrx_word' id='word_1_568' title='bbox 1998 1726 2143 1763; x_wconf 87' lang='lat' dir='ltr'>propter</span> 
     </span>
     <span class='ocr_line' id='line_1_87' title="bbox 1153 1768 2145 1820; baseline -0.004 -14"><span class='ocrx_word' id='word_1_569' title='bbox 1153 1774 1264 1813; x_wconf 87' lang='lat' dir='ltr'>idola,</span> <span class='ocrx_word' id='word_1_570' title='bbox 1291 1774 1508 1820; x_wconf 85' lang='lat' dir='ltr'>tyrannides,</span> <span class='ocrx_word' id='word_1_571' title='bbox 1536 1772 1716 1806; x_wconf 81' lang='lat' dir='ltr'>libidines,</span> <span class='ocrx_word' id='word_1_572' title='bbox 1755 1771 1845 1804; x_wconf 89' lang='lat' dir='ltr'>Nam</span> <span class='ocrx_word' id='word_1_573' title='bbox 1862 1768 1926 1803; x_wconf 87' lang='lat' dir='ltr'>hae</span> <span class='ocrx_word' id='word_1_574' title='bbox 1943 1777 2024 1803; x_wconf 90' lang='lat' dir='ltr'>sunt</span> <span class='ocrx_word' id='word_1_575' title='bbox 2045 1781 2145 1813; x_wconf 85' lang='lat' dir='ltr'>prae-</span> 
     </span>
     <span class='ocr_line' id='line_1_88' title="bbox 1153 1821 2145 1868; baseline -0.004 -11"><span class='ocrx_word' id='word_1_576' title='bbox 1153 1825 1276 1868; x_wconf 78' lang='lat' dir='ltr'>cipuae</span> <span class='ocrx_word' id='word_1_577' title='bbox 1306 1836 1427 1858; x_wconf 88' lang='lat' dir='ltr'>causae</span> <span class='ocrx_word' id='word_1_578' title='bbox 1460 1836 1523 1858; x_wconf 91' lang='lat' dir='ltr'>cur</span> <span class='ocrx_word' id='word_1_579' title='bbox 1553 1830 1754 1860; x_wconf 87' lang='lat' dir='ltr'>mutantur,</span> <span class='ocrx_word' id='word_1_580' title='bbox 1789 1823 1847 1854; x_wconf 90' lang='lat' dir='ltr'>sed</span> <span class='ocrx_word' id='word_1_581' title='bbox 1874 1822 1954 1866; x_wconf 90' lang='lat' dir='ltr'>quia</span> <span class='ocrx_word' id='word_1_582' title='bbox 1982 1821 2145 1853; x_wconf 85' lang='lat' dir='ltr'>diabolus</span> 
     </span>
     <span class='ocr_line' id='line_1_89' title="bbox 1153 1872 2146 1918; baseline -0.003 -10"><span class='ocrx_word' id='word_1_583' title='bbox 1153 1877 1228 1909; x_wconf 82' lang='lat' dir='ltr'>odit</span> <span class='ocrx_word' id='word_1_584' title='bbox 1247 1875 1377 1916; x_wconf 89' lang='lat' dir='ltr'>Deum,</span> <span class='ocrx_word' id='word_1_585' title='bbox 1404 1876 1519 1909; x_wconf 88' lang='lat' dir='ltr'>irritat</span> <span class='ocrx_word' id='word_1_586' title='bbox 1545 1874 1674 1918; x_wconf 91' lang='lat' dir='ltr'>impios</span> <span class='ocrx_word' id='word_1_587' title='bbox 1700 1873 1896 1917; x_wconf 82' lang='lat' dir='ltr'>principeS,</span> <span class='ocrx_word' id='word_1_588' title='bbox 1924 1879 1962 1905; x_wconf 90' lang='lat' dir='ltr'>ut</span> <span class='ocrx_word' id='word_1_589' title='bbox 1988 1872 2146 1905; x_wconf 88' lang='lat' dir='ltr'>saeviant</span> 
     </span>
     <span class='ocr_line' id='line_1_90' title="bbox 1155 1923 2146 1968; baseline -0.005 -9"><span class='ocrx_word' id='word_1_590' title='bbox 1155 1928 1191 1959; x_wconf 94' lang='lat' dir='ltr'>in</span> <span class='ocrx_word' id='word_1_591' title='bbox 1218 1925 1421 1961; x_wconf 83' lang='lat' dir='ltr'>Ecclesiam.</span> <span class='ocrx_word' id='word_1_592' title='bbox 1474 1925 1564 1960; x_wconf 89' lang='lat' dir='ltr'>Cum</span> <span class='ocrx_word' id='word_1_593' title='bbox 1588 1926 1697 1968; x_wconf 85' lang='lat' dir='ltr'>igitur</span> <span class='ocrx_word' id='word_1_594' title='bbox 1721 1924 1885 1956; x_wconf 81' lang='lat' dir='ltr'>diabolus</span> <span class='ocrx_word' id='word_1_595' title='bbox 1911 1931 2059 1956; x_wconf 83' lang='lat' dir='ltr'>conatur</span> <span class='ocrx_word' id='word_1_596' title='bbox 2084 1923 2146 1955; x_wconf 89' lang='lat' dir='ltr'>de-</span> 
     </span>
     <span class='ocr_line' id='line_1_91' title="bbox 1155 1973 2147 2020; baseline -0.005 -9"><span class='ocrx_word' id='word_1_597' title='bbox 1155 1979 1227 2011; x_wconf 86' lang='lat' dir='ltr'>lere</span> <span class='ocrx_word' id='word_1_598' title='bbox 1246 1990 1363 2010; x_wconf 86' lang='lat' dir='ltr'>veram</span> <span class='ocrx_word' id='word_1_599' title='bbox 1376 1977 1441 2011; x_wconf 92' lang='lat' dir='ltr'>Dei</span> <span class='ocrx_word' id='word_1_600' title='bbox 1459 1977 1638 2017; x_wconf 88' lang='lat' dir='ltr'>noticiam,</span> <span class='ocrx_word' id='word_1_601' title='bbox 1653 1973 1810 2009; x_wconf 86' lang='lat' dir='ltr'>Ecclesia</span> <span class='ocrx_word' id='word_1_602' title='bbox 1831 1975 1867 2006; x_wconf 88' lang='lat' dir='ltr'>in</span> <span class='ocrx_word' id='word_1_603' title='bbox 1882 1974 2066 2018; x_wconf 88' lang='lat' dir='ltr'>suppliciis</span> <span class='ocrx_word' id='word_1_604' title='bbox 2083 1985 2147 2020; x_wconf 84' lang='lat' dir='ltr'>op—</span> 
     </span>
     <span class='ocr_line' id='line_1_92' title="bbox 1156 2025 2148 2074; baseline -0.006 -12"><span class='ocrx_word' id='word_1_605' title='bbox 1156 2035 1262 2074; x_wconf 85' lang='lat' dir='ltr'>ponat</span> <span class='ocrx_word' id='word_1_606' title='bbox 1281 2041 1399 2062; x_wconf 85' lang='lat' dir='ltr'>veram</span> <span class='ocrx_word' id='word_1_607' title='bbox 1426 2029 1699 2062; x_wconf 82' lang='lat' dir='ltr'>confessionem:</span> <span class='ocrx_word' id='word_1_608' title='bbox 1735 2026 1781 2059; x_wconf 85' lang='lat' dir='ltr'>ita</span> <span class='ocrx_word' id='word_1_609' title='bbox 1811 2032 1950 2058; x_wconf 86' lang='lat' dir='ltr'>nostrae</span> <span class='ocrx_word' id='word_1_610' title='bbox 1973 2025 2148 2057; x_wconf 84' lang='lat' dir='ltr'>adflictio-</span> 
     </span>
     <span class='ocr_line' id='line_1_93' title="bbox 1157 2074 2147 2113; baseline -0.006 0"><span class='ocrx_word' id='word_1_611' title='bbox 1157 2092 1218 2113; x_wconf 91' lang='lat' dir='ltr'>nes</span> <span class='ocrx_word' id='word_1_612' title='bbox 1251 2080 1340 2113; x_wconf 81' lang='lat' dir='ltr'>fiunt</span> <span class='ocrx_word' id='word_1_613' title='bbox 1372 2080 1573 2113; x_wconf 84' lang='lat' dir='ltr'>testimonia</span> <span class='ocrx_word' id='word_1_614' title='bbox 1597 2077 1779 2112; x_wconf 81' lang='lat' dir='ltr'>doctrinae</span> <span class='ocrx_word' id='word_1_615' title='bbox 1810 2083 1842 2109; x_wconf 84' lang='lat' dir='ltr'>et</span> <span class='ocrx_word' id='word_1_616' title='bbox 1877 2076 2043 2109; x_wconf 88' lang='lat' dir='ltr'>sacrificia</span> <span class='ocrx_word' id='word_1_617' title='bbox 2071 2074 2147 2108; x_wconf 91' lang='lat' dir='ltr'>Deo</span> 
     </span>
     <span class='ocr_line' id='line_1_94' title="bbox 1156 2126 2150 2175; baseline -0.007 -11"><span class='ocrx_word' id='word_1_618' title='bbox 1156 2138 1267 2175; x_wconf 83' lang='lat' dir='ltr'>grata.</span> <span class='ocrx_word' id='word_1_619' title='bbox 1322 2130 1404 2164; x_wconf 90' lang='lat' dir='ltr'>Ideo</span> <span class='ocrx_word' id='word_1_620' title='bbox 1424 2129 1480 2164; x_wconf 91' lang='lat' dir='ltr'>hic</span> <span class='ocrx_word' id='word_1_621' title='bbox 1497 2131 1599 2164; x_wconf 88' lang='lat' dir='ltr'>dicit:</span> <span class='ocrx_word' id='word_1_622' title='bbox 1628 2126 1718 2164; x_wconf 86' lang='lat' dir='ltr'>Non</span> <span class='ocrx_word' id='word_1_623' title='bbox 1736 2126 1845 2161; x_wconf 81' lang='lat' dir='ltr'>obliti</span> <span class='ocrx_word' id='word_1_624' title='bbox 1859 2138 1987 2159; x_wconf 71' lang='lat' dir='ltr'>sanius</span> <span class='ocrx_word' id='word_1_625' title='bbox 2006 2130 2047 2167; x_wconf 81' lang='lat' dir='ltr'>ie,</span> <span class='ocrx_word' id='word_1_626' title='bbox 2063 2137 2150 2172; x_wconf 83' lang='lat' dir='ltr'>pro-</span> 
     </span>
     <span class='ocr_line' id='line_1_95' title="bbox 1155 2178 1675 2230; baseline -0.002 -14"><span class='ocrx_word' id='word_1_627' title='bbox 1155 2187 1233 2230; x_wconf 77' lang='lat' dir='ltr'>pter</span> <span class='ocrx_word' id='word_1_628' title='bbox 1251 2186 1282 2215; x_wconf 81' lang='lat' dir='ltr'>te</span> <span class='ocrx_word' id='word_1_629' title='bbox 1300 2180 1498 2216; x_wconf 84' lang='lat' dir='ltr'>occidimur</span> <span class='ocrx_word' id='word_1_630' title='bbox 1515 2185 1589 2214; x_wconf 82' lang='lat' dir='ltr'>tota</span> <span class='ocrx_word' id='word_1_631' title='bbox 1605 2178 1675 2215; x_wconf 77' lang='lat' dir='ltr'>die.</span> 
     </span>
    </p>

    <p class='ocr_par' dir='ltr' id='par_1_26' title="bbox 1159 2227 2154 2585">
     <span class='ocr_line' id='line_1_96' title="bbox 1258 2227 2150 2277; baseline -0.009 -10"><span class='ocrx_word' id='word_1_632' title='bbox 1258 2233 1369 2267; x_wconf 88' lang='lat' dir='ltr'>Docet</span> <span class='ocrx_word' id='word_1_633' title='bbox 1401 2234 1508 2277; x_wconf 84' lang='lat' dir='ltr'>igitur</span> <span class='ocrx_word' id='word_1_634' title='bbox 1534 2232 1692 2265; x_wconf 82' lang='lat' dir='ltr'>Psalmus</span> <span class='ocrx_word' id='word_1_635' title='bbox 1715 2232 1887 2264; x_wconf 89' lang='lat' dir='ltr'>edendam</span> <span class='ocrx_word' id='word_1_636' title='bbox 1913 2241 1984 2262; x_wconf 91' lang='lat' dir='ltr'>esse</span> <span class='ocrx_word' id='word_1_637' title='bbox 2012 2227 2150 2260; x_wconf 84' lang='lat' dir='ltr'>confes-</span> 
     </span>
     <span class='ocr_line' id='line_1_97' title="bbox 1159 2279 2150 2329; baseline -0.008 -11"><span class='ocrx_word' id='word_1_638' title='bbox 1159 2285 1292 2319; x_wconf 90' lang='lat' dir='ltr'>sionem</span> <span class='ocrx_word' id='word_1_639' title='bbox 1331 2285 1368 2318; x_wconf 88' lang='lat' dir='ltr'>in</span> <span class='ocrx_word' id='word_1_640' title='bbox 1404 2283 1604 2329; x_wconf 73' lang='lat' dir='ltr'>suppliciis,</span> <span class='ocrx_word' id='word_1_641' title='bbox 1641 2289 1673 2315; x_wconf 87' lang='lat' dir='ltr'>et</span> <span class='ocrx_word' id='word_1_642' title='bbox 1710 2282 1816 2315; x_wconf 85' lang='lat' dir='ltr'>simul</span> <span class='ocrx_word' id='word_1_643' title='bbox 1852 2279 2006 2313; x_wconf 89' lang='lat' dir='ltr'>ostendit</span> <span class='ocrx_word' id='word_1_644' title='bbox 2043 2290 2150 2322; x_wconf 89' lang='lat' dir='ltr'>quare</span> 
     </span>
     <span class='ocr_line' id='line_1_98' title="bbox 1160 2327 2151 2380; baseline -0.009 -10"><span class='ocrx_word' id='word_1_645' title='bbox 1160 2338 1313 2370; x_wconf 90' lang='lat' dir='ltr'>mundus</span> <span class='ocrx_word' id='word_1_646' title='bbox 1333 2344 1508 2380; x_wconf 87' lang='lat' dir='ltr'>grassetur</span> <span class='ocrx_word' id='word_1_647' title='bbox 1526 2335 1560 2366; x_wconf 92' lang='lat' dir='ltr'>in</span> <span class='ocrx_word' id='word_1_648' title='bbox 1582 2332 1795 2373; x_wconf 86' lang='lat' dir='ltr'>Ecclesiam,</span> <span class='ocrx_word' id='word_1_649' title='bbox 1825 2331 1956 2365; x_wconf 87' lang='lat' dir='ltr'>scilicet</span> <span class='ocrx_word' id='word_1_650' title='bbox 1975 2329 2058 2363; x_wconf 85' lang='lat' dir='ltr'>odio</span> <span class='ocrx_word' id='word_1_651' title='bbox 2084 2327 2151 2362; x_wconf 84' lang='lat' dir='ltr'>Dei</span> 
     </span>
     <span class='ocr_line' id='line_1_99' title="bbox 1161 2379 2151 2421; baseline -0.009 0"><span class='ocrx_word' id='word_1_652' title='bbox 1161 2395 1193 2421; x_wconf 88' lang='lat' dir='ltr'>et</span> <span class='ocrx_word' id='word_1_653' title='bbox 1217 2400 1319 2421; x_wconf 85' lang='lat' dir='ltr'>verae</span> <span class='ocrx_word' id='word_1_654' title='bbox 1344 2388 1538 2421; x_wconf 83' lang='lat' dir='ltr'>doctrinae.</span> <span class='ocrx_word' id='word_1_655' title='bbox 1606 2383 1695 2417; x_wconf 88' lang='lat' dir='ltr'>Cum</span> <span class='ocrx_word' id='word_1_656' title='bbox 1721 2390 1838 2417; x_wconf 90' lang='lat' dir='ltr'>autem</span> <span class='ocrx_word' id='word_1_657' title='bbox 1865 2383 2014 2415; x_wconf 89' lang='lat' dir='ltr'>sciamus</span> <span class='ocrx_word' id='word_1_658' title='bbox 2036 2379 2151 2413; x_wconf 87' lang='lat' dir='ltr'>Deum</span> 
     </span>
     <span class='ocr_line' id='line_1_100' title="bbox 1160 2431 2151 2482; baseline -0.011 -9"><span class='ocrx_word' id='word_1_659' title='bbox 1160 2451 1233 2472; x_wconf 85' lang='lat' dir='ltr'>non</span> <span class='ocrx_word' id='word_1_660' title='bbox 1259 2439 1512 2482; x_wconf 86' lang='lat' dir='ltr'>permissurum</span> <span class='ocrx_word' id='word_1_661' title='bbox 1532 2447 1620 2475; x_wconf 85' lang='lat' dir='ltr'>esse,</span> <span class='ocrx_word' id='word_1_662' title='bbox 1643 2442 1681 2468; x_wconf 92' lang='lat' dir='ltr'>ut</span> <span class='ocrx_word' id='word_1_663' title='bbox 1705 2446 1786 2467; x_wconf 84' lang='lat' dir='ltr'>vera</span> <span class='ocrx_word' id='word_1_664' title='bbox 1803 2433 1964 2467; x_wconf 88' lang='lat' dir='ltr'>doctrina</span> <span class='ocrx_word' id='word_1_665' title='bbox 1980 2431 2151 2473; x_wconf 85' lang='lat' dir='ltr'>deleatur,</span> 
     </span>
     <span class='ocr_line' id='line_1_101' title="bbox 1161 2479 2154 2525; baseline -0.011 0"><span class='ocrx_word' id='word_1_666' title='bbox 1161 2491 1266 2525; x_wconf 91' lang='lat' dir='ltr'>simul</span> <span class='ocrx_word' id='word_1_667' title='bbox 1284 2488 1347 2522; x_wconf 79' lang='lat' dir='ltr'>hac</span> <span class='ocrx_word' id='word_1_668' title='bbox 1367 2488 1608 2522; x_wconf 85' lang='lat' dir='ltr'>consolatione</span> <span class='ocrx_word' id='word_1_669' title='bbox 1623 2492 1879 2525; x_wconf 88' lang='lat' dir='ltr'>sustentamur,</span> <span class='ocrx_word' id='word_1_670' title='bbox 1900 2483 2016 2518; x_wconf 91' lang='lat' dir='ltr'>Deum</span> <span class='ocrx_word' id='word_1_671' title='bbox 2033 2481 2071 2514; x_wconf 90' lang='lat' dir='ltr'>in</span> <span class='ocrx_word' id='word_1_672' title='bbox 2087 2479 2154 2514; x_wconf 87' lang='lat' dir='ltr'>hoc</span> 
     </span>
     <span class='ocr_line' id='line_1_102' title="bbox 1163 2540 1718 2585; baseline -0.009 -10"><span class='ocrx_word' id='word_1_673' title='bbox 1163 2553 1273 2585; x_wconf 83' lang='lat' dir='ltr'>agone</span> <span class='ocrx_word' id='word_1_674' title='bbox 1291 2541 1395 2573; x_wconf 86' lang='lat' dir='ltr'>nobis</span> <span class='ocrx_word' id='word_1_675' title='bbox 1410 2540 1614 2573; x_wconf 84' lang='lat' dir='ltr'>adfuturum</span> <span class='ocrx_word' id='word_1_676' title='bbox 1634 2549 1718 2571; x_wconf 89' lang='lat' dir='ltr'>esse.</span> 
     </span>
    </p>

    <p class='ocr_par' dir='ltr' id='par_1_27' title="bbox 1164 2586 2155 2738">
     <span class='ocr_line' id='line_1_103' title="bbox 1267 2586 2154 2632; baseline -0.009 -8"><span class='ocrx_word' id='word_1_677' title='bbox 1267 2591 1306 2624; x_wconf 92' lang='lat' dir='ltr'>In</span> <span class='ocrx_word' id='word_1_678' title='bbox 1327 2591 1395 2623; x_wconf 85' lang='lat' dir='ltr'>fine</span> <span class='ocrx_word' id='word_1_679' title='bbox 1421 2591 1565 2623; x_wconf 86' lang='lat' dir='ltr'>additur</span> <span class='ocrx_word' id='word_1_680' title='bbox 1590 2588 1732 2632; x_wconf 77' lang='lat' dir='ltr'>petitio,</span> <span class='ocrx_word' id='word_1_681' title='bbox 1762 2594 1800 2620; x_wconf 90' lang='lat' dir='ltr'>ut</span> <span class='ocrx_word' id='word_1_682' title='bbox 1822 2586 2015 2619; x_wconf 84' lang='lat' dir='ltr'>liberemur</span> <span class='ocrx_word' id='word_1_683' title='bbox 2037 2597 2054 2617; x_wconf 92' lang='lat' dir='ltr'>a</span> <span class='ocrx_word' id='word_1_684' title='bbox 2079 2596 2154 2617; x_wconf 73' lang='lat' dir='ltr'>sae-</span> 
     </span>
     <span class='ocr_line' id='line_1_104' title="bbox 1164 2635 2155 2687; baseline -0.01 -11"><span class='ocrx_word' id='word_1_685' title='bbox 1164 2644 1248 2677; x_wconf 84' lang='lat' dir='ltr'>vitia</span> <span class='ocrx_word' id='word_1_686' title='bbox 1273 2642 1405 2675; x_wconf 81' lang='lat' dir='ltr'>diaboli</span> <span class='ocrx_word' id='word_1_687' title='bbox 1436 2649 1466 2674; x_wconf 89' lang='lat' dir='ltr'>et</span> <span class='ocrx_word' id='word_1_688' title='bbox 1493 2649 1739 2687; x_wconf 79' lang='lat' dir='ltr'>tyrannorum.</span> <span class='ocrx_word' id='word_1_689' title='bbox 1803 2637 1881 2671; x_wconf 85' lang='lat' dir='ltr'>Erit</span> <span class='ocrx_word' id='word_1_690' title='bbox 1907 2643 2022 2670; x_wconf 90' lang='lat' dir='ltr'>autem</span> <span class='ocrx_word' id='word_1_691' title='bbox 2045 2635 2155 2677; x_wconf 80' lang='lat' dir='ltr'>magis</span> 
     </span>
     <span class='ocr_line' id='line_1_105' title="bbox 1165 2690 2154 2738; baseline -0.009 -12"><span class='ocrx_word' id='word_1_692' title='bbox 1165 2695 1370 2738; x_wconf 80' lang='lat' dir='ltr'>perspicuus</span> <span class='ocrx_word' id='word_1_693' title='bbox 1393 2692 1575 2731; x_wconf 73' lang='lat' dir='ltr'>psalmus,</span> <span class='ocrx_word' id='word_1_694' title='bbox 1605 2692 1633 2723; x_wconf 88' lang='lat' dir='ltr'>si</span> <span class='ocrx_word' id='word_1_695' title='bbox 1658 2703 1739 2725; x_wconf 84' lang='lat' dir='ltr'>curn</span> <span class='ocrx_word' id='word_1_696' title='bbox 1767 2690 1919 2724; x_wconf 87' lang='lat' dir='ltr'>aliorum</span> <span class='ocrx_word' id='word_1_697' title='bbox 1943 2696 2154 2731; x_wconf 87' lang='lat' dir='ltr'>temporum,</span> 
     </span>
    </p>
   </div>
   <div class='ocr_carea' id='block_1_20' title="bbox 1592 2742 1640 2776">
    <p class='ocr_par' dir='ltr' id='par_1_28' title="bbox 1592 2742 1640 2776">
     <span class='ocr_line' id='line_1_106' title="bbox 1592 2742 1640 2776; baseline -0.021 0"><span class='ocrx_word' id='word_1_698' title='bbox 1592 2742 1640 2776; x_wconf 81' lang='lat'>69</span> 
     </span>
    </p>
   </div>
  </div>
 </body>
</html>
