2379 2948
140 109 215 144 349
705 106 771 142 111.

138 201 207 233 ωε,
234 189 325 224 hanc
350 192 392 224 de
417 190 493 225 Deo
514 192 629 225 lucem
650 191 689 223 in
711 190 816 224 nobis
836 189 956 233 augeri
982 189 1086 223 etiam
1105 200 1125 222 a

136 242 210 276 Deo
228 249 400 286 petamus,

236 300 332 334 Haec
356 301 420 334 etsi
437 309 531 334 extra
549 297 849 342 Philosophorum
868 298 1125 342 disputationes

134 352 225 385 dicta
242 359 335 393 sunt,
362 358 479 385 tamen
498 349 564 383 hoc
580 351 658 382 loco
676 361 749 382 non
767 355 850 382 sunt
867 349 1125 394 intempestiva,

134 402 195 435 ubi
213 403 429 445 disputatur,
452 413 497 433 an
514 407 639 433 natura
656 411 674 432 a
691 400 769 433 Deo
787 400 950 433 ordinata
967 400 1023 434 sit.

236 460 291 494 Sit
312 461 420 504 igitur
444 457 529 492 haec
553 459 732 491 conclusio
754 456 861 491 huius
889 459 1122 503 quaestionis:

132 511 303 544 Naturam
323 521 422 553 agere
444 516 589 553 propter
610 508 737 553 finem,
763 510 856 553 quod
877 511 997 543 dextre
1017 510 1122 543 intel-

133 562 263 604 ligatur
285 559 351 594 hoc
374 561 499 593 modo:
545 560 694 593 consilio
723 558 902 593 architecti
928 561 1060 604 species
1084 561 1121 593 in

131 612 294 645 universa
314 617 458 650 natura,
489 616 522 643 et
545 611 727 644 ordinatas
743 622 834 651 esse,
862 618 894 643 et
914 612 1061 652 servari,
1090 618 1122 644 et

132 669 240 696 certas
257 660 385 694 habere
410 662 540 694 formas
569 668 602 694 et
626 661 844 701 effectiones,
872 668 903 694 et
921 662 957 694 in
975 662 1121 705 singulis

131 713 321 746 mixtorum
342 712 524 755 speciebus
539 719 670 745 certum
689 712 833 745 modum
859 724 932 745 esse
949 724 1121 756 propaga-

131 763 237 796 tionis
255 774 314 795 seu
332 762 568 805 generationis
580 787 588 800 ‚
616 774 655 795 ac
673 763 817 796 tendere
833 774 890 795 eas
907 765 948 795 ad
976 775 1120 805 genera-

130 814 261 851 tiones,
296 813 427 845 sormas
450 819 484 845 et
505 813 726 852 effectiones‚
762 813 992 846 inclinatione
1016 814 1119 846 insita

824 104 980 139 INITIA
1007 102 1300 138 DOCTRINAE
1328 103 1582 142 PHYSICAE.

2092 102 2162 137 350

1176 187 1265 221 Nam
1285 187 1486 223 ofdinatum
1502 202 1583 231 esse,
1609 188 1675 223 hoc
1690 190 1805 234 ipsum
1823 196 1871 223 est
1889 189 2036 222 consilio
2053 192 2157 234 primi

1177 239 1358 272 effieientis
1367 240 1409 272 ad
1421 248 1549 274 certam
1569 242 1716 274 formam
1729 247 1761 274 et
1774 248 1885 274 certos
1894 240 1978 273 fines
1988 241 2159 274 directum

1150 301 1151 325 ς
1176 301 1258 322 esse.
1313 288 1363 322 Ita
1380 290 1562 323 manifeste
1579 292 1846 334 conspiciuntur
1860 298 2012 336 quatuor
2028 303 2159 329 causae,

1177 340 1361 373 universae
1378 347 1540 373 naturae:
1567 339 1751 382 Efficiens‚
1778 354 1876 375 mens
1889 341 2028 375 infinita
2045 340 2159 374 archi-

1175 391 1355 431 tectatrix,
1382 391 1528 424 materia
1555 402 1760 434 corporum,
1788 393 1919 425 formae
1943 392 2123 425 ordinatae
2141 406 2159 424 a

1174 447 1290 474 mente
1308 439 1601 480 architectatrice,
1627 448 1666 474 ut
1685 442 1751 473 alia
1769 442 1879 480 Solis,
1904 443 1971 475 alia
1996 440 2160 482 hominis,

1174 493 1242 525 alia
1275 492 1375 525 bovis
1402 493 1531 532 forma,
1571 497 1603 524 et
1631 491 1692 523 alii
1720 492 1935 533 singularum
1967 495 2158 535 specierum

1173 543 1258 575 fines
1275 549 1365 576 suut.
1409 542 1478 575 Sed
1499 542 1679 574 materiam
1695 553 1735 574 ex
1755 539 1870 574 nihilo
1889 543 2063 576 conditam
2087 556 2157 576 esse

1174 594 1330 627 coelestis
1345 593 1505 626 doctriua
1521 592 1696 627 adfirmat.

1318 693 1374 725 sin
1403 696 1544 725 matera
1571 690 1747 725 intendat
1773 690 2007 732 monstrum?

1275 764 1506 799 Conservatio
1524 773 1691 810 perpetua
1711 766 1917 809 specierum,
1934 767 1969 798 id
1988 772 2048 803 est,
2067 767 2158 809 quod

1173 823 1317 848 manent
1335 818 1475 849 eaedem
1495 817 1635 861 specics,
1652 824 1684 849 et
1701 818 1794 861 quod
1814 818 1850 848 in
1869 816 2016 859 singulis>
2032 816 2159 847 similia

129 864 200 897 suis
218 864 425 907 corporibus
450 875 467 896 a
491 871 608 897 mente
634 861 928 903 architectatrice‚
954 871 990 897 ut
1012 876 1120 907 grano

128 914 236 947 tritici
252 914 356 947 insita
376 921 422 946 est
437 914 487 946 vis
503 914 670 957 gignendi
687 915 854 955 triticum,
874 915 956 948 bovi
974 915 1121 958 gignen-

129 965 165 996 di
182 966 323 1005 hovem,
351 962 530 997 absinthio
549 965 705 1009 pellendi
723 965 842 999 bilem.

232 1022 331 1055 Talis
364 1024 453 1056 ordo
488 1023 525 1055 iu
566 1023 715 1066 singulis
748 1023 928 1066 speciebus
965 1022 1120 1065 conspici

128 1079 262 1116 potest,
290 1074 347 1105 scd
371 1080 489 1106 tamen
516 1073 552 1105 in
579 1072 722 1107 homine
745 1074 918 1106 illustrior
941 1079 1011 1112 est,
1038 1073 1120 1116 quia

128 1124 229 1156 multi
251 1125 379 1167 gradus
397 1131 479 1158 sunt
498 1124 533 1156 in
560 1122 716 1157 hominis
735 1124 881 1158 viribus.
927 1122 1045 1155 Homo
1062 1134 1119 1165 ge—

128 1181 227 1207 nerat
249 1173 451 1215 hominem,
478 1172 584 1206 homo
610 1175 777 1217 intelligit
797 1174 986 1206 discrimen
1011 1174 1119 1206 actio-
1144 1204 1146 1209 ,

130 1236 214 1257 num
248 1225 536 1258 convenientium
569 1231 600 1257 et
635 1237 707 1257 non
741 1225 1050 1263 convenientium,
1087 1231 1119 1256 et

127 1275 294 1318 prospicit
312 1275 428 1313 finem,
456 1276 498 1307 ad
517 1287 621 1319 quem
638 1283 741 1308 natus
758 1282 820 1314 est,
848 1282 881 1308 et
897 1275 1056 1307 consulto
1075 1275 1119 1306 ad

129 1337 207 1358 eum
225 1325 368 1359 accedit.
423 1323 469 1358 Ut
489 1325 680 1364 Aristides,
707 1325 856 1366 Fabius,
884 1325 1022 1368 Scipio,
1051 1323 1119 1356 Le-

128 1376 216 1415 lius‚
243 1375 404 1408 consulto
421 1376 592 1408 accedunt
610 1376 652 1407 ad
670 1375 787 1415 finem,
813 1376 855 1407 ad
875 1387 979 1419 quem
997 1375 1119 1407 vident

129 1438 162 1459 se
180 1432 282 1459 natos
299 1437 389 1466 esse,
415 1431 609 1469 agnoscunt
628 1423 724 1458 hunc
741 1426 915 1458 mundum
941 1437 1013 1457 non
1031 1425 1118 1457 exti-

126 1477 208 1510 tisse
226 1488 317 1514 casu,
339 1477 397 1509 sed
415 1477 459 1509 ab
474 1476 592 1520 aliqua
608 1483 725 1509 mente
740 1474 1018 1509 architectatrice
1033 1488 1117 1508 con-
1142 1495 1144 1507 ι

129 1527 241 1560 ditum
270 1537 359 1566 esse,
395 1533 429 1560 et
453 1526 601 1559 noticias
628 1527 665 1559 iu
691 1534 807 1560 mente
840 1525 997 1559 hominis
1032 1538 1116 1559 con-

127 1590 250 1622 gruere
271 1578 313 1610 ad
340 1577 436 1610 illam
462 1575 644 1611 architecti
674 1578 901 1621 sapientiam,
936 1584 969 1610 et
996 1577 1118 1610 vident

128 1629 375 1662 universaliter
390 1628 521 1661 atrocia
537 1628 662 1662 delicta
675 1629 848 1661 divinitus
864 1628 996 1672 puniri.
1033 1627 1117 1660 Ideo

130 1680 286 1713 sentiunt
304 1677 401 1712 hunc
419 1690 491 1711 esse
509 1679 613 1711 finem
631 1676 786 1711 hominis
798 1706 806 1719 ‚
833 1686 872 1712 ut
888 1677 962 1711 Deo
980 1679 1116 1711 obtem-

128 1737 251 1775 perent
279 1736 311 1763 et
341 1742 421 1762 eum
453 1729 630 1762 celebrent
657 1729 748 1762 iuter
776 1727 959 1772 homiues,
988 1729 1117 1761 deinde
1142 1769 1144 1773 .

128 1789 166 1815 ut
184 1781 484 1814 conservationem
504 1791 585 1812 suae
610 1780 734 1823 speciei
753 1780 941 1821 adiuvent,
968 1779 1118 1823 ideoque

129 1839 162 1866 et
193 1831 347 1866 naturali
375 1831 606 1863 inclinatione
642 1837 674 1863 et
703 1830 857 1870 iudicio,
890 1829 990 1872 diligi
1018 1837 1118 1863 natos

128 1883 296 1923 sentiunt,
316 1888 354 1915 ut
368 1882 624 1914 admoneamur
639 1888 671 1914 et
686 1881 947 1920 extimulemur‚
967 1886 1005 1913 ut
1022 1892 1118 1912 com-

127 1946 271 1967 munem
287 1932 674 1971 societatemtueamur,
699 1932 770 1964 imo
788 1933 830 1964 ad
849 1929 954 1963 huius
971 1931 1116 1963 societa-

128 1985 172 2018 tis
198 1983 500 2017 conservationem
526 1983 648 2015 vident
670 1989 703 2015 et
731 1982 822 2025 leges
850 1982 982 2014 inditas
1015 1981 1119 2014 nobis

129 2046 222 2073 esse,
249 2034 434 2067 Neminem
452 2033 580 2073 lectito,
606 2045 678 2065 non
702 2039 931 2077 provocatus,
959 2032 1028 2066 sint
1051 2032 1118 2064 im-

128 2085 246 2130 peria,
269 2092 308 2118 ut
325 2085 522 2119 turbatores
540 2084 677 2117 ordinis
699 2081 966 2118 coherceantur.

229 2141 306 2175 Hae
329 2143 424 2187 ipsae
450 2142 601 2176 noticiae
632 2143 669 2175 in
699 2149 826 2176 natura
858 2147 1049 2180 testantur,
1086 2148 1120 2175 et

130 2194 292 2228 conditos
310 2205 381 2227 esse
395 2191 558 2227 homines
573 2194 616 2227 ad
636 2200 750 2227 certos
765 2193 870 2235 fines,
898 2200 931 2227 et
946 2191 1011 2226 hos
1032 2193 1119 2226 fines

129 2244 293 2287 intelligi.

232 2302 430 2336 Fatendum
450 2308 500 2335 est
513 2301 639 2344 igitur,
666 2308 830 2336 naturam
850 2313 950 2345 agere
974 2306 1119 2345 propter

131 2356 255 2394 finem,
282 2365 361 2386 cum
379 2350 486 2385 homo
502 2364 607 2386 sanus
625 2359 657 2386 et
673 2360 752 2397 agat
772 2360 918 2398 propter
934 2352 1060 2393 finem,
1086 2357 1120 2384 et

131 2404 304 2448 intelligat
322 2404 440 2437 finem.

230 2463 394 2508 Denique
412 2463 455 2495 de
470 2461 634 2495 universa
650 2469 775 2496 natura
797 2469 959 2496 teneatur
976 2459 1043 2495 hoc
1061 2472 1118 2494 ar-

132 2521 358 2560 gumentum,
385 2513 481 2558 quod
505 2523 610 2555 supra
635 2513 796 2554 recitavi,
830 2513 1018 2558 praecipua
1041 2524 1119 2545 cor-

131 2578 219 2612 pora
237 2566 274 2598 in
293 2564 457 2597 universa
475 2569 599 2596 natura
617 2562 778 2597 ordinata
802 2571 895 2598 sunt.
948 2563 1120 2596 Tendunt

132 2618 240 2661 igitur
253 2616 297 2650 ad
317 2621 448 2648 certum
464 2614 583 2654 finem,
598 2613 634 2645 id
651 2619 712 2653 est,
729 2611 858 2647 habent
869 2621 980 2648 certos
994 2614 1119 2647 modos

131 2665 395 2712 propagationis
410 2676 470 2699 seu
480 2663 728 2708 generationis,
745 2670 776 2697 et
787 2670 897 2698 certas
905 2665 1117 2698 effectiones.

1142 1515 1144 1522 .
1169 1494 1423 1523 monstrorum.

1142 1561 1144 1578 fl
1170 1546 1245 1579 tur,
1272 1551 1318 1571 an
1335 1550 1419 1572 vero
1442 1539 1559 1583 aliqua
1577 1539 1696 1582 gignat
1715 1546 1839 1572 natura
1857 1545 2002 1583 propter
2026 1538 2159 1580 signifi-

1173 873 1419 909 procreantur,
1455 869 1518 900 bos
1543 879 1561 900 a
1594 868 1703 907 bove,
1745 868 1800 900 leo
1825 880 1843 900 a
1869 868 1988 907 leone,
2024 867 2159 899 illustre

1145 923 1147 956 ξ
1172 917 1414 950 testimonium
1433 926 1500 957 est,
1528 916 1623 950 huuc
1649 919 1823 951 mundum
1845 930 1917 950 non
1935 917 2087 950 extitisse
2103 929 2158 950 ca-

1146 982 1147 999 :
1172 978 1230 1007 su,
1265 968 1346 1012 quia
1375 968 1403 1000 si
1429 969 1613 1001 temerario
1637 980 1810 1001 concursu
1834 975 2032 1001 atomorum
2058 975 2158 1000 natae

1146 1016 1147 1021 ¹
1172 1029 1226 1050 res
1245 1025 1374 1057 esseut,
1403 1031 1475 1051 non
1496 1019 1558 1051 diu
1579 1026 1761 1052 manerent
1788 1019 1926 1051 eaedem
1953 1018 2100 1062 species,
2128 1025 2158 1049 ct

1172 1080 1211 1100 ex
1227 1069 1315 1101 bove
1342 1066 1505 1101 homines
1532 1077 1591 1103 aut
1617 1070 1778 1102 volucres
1800 1075 2037 1104 nascerentur.
2090 1068 2158 1100 Ne-

1172 1130 1264 1151 cesse
1282 1125 1331 1152 est
1350 1126 1465 1152 autem
1481 1120 1635 1164 aliquam
1654 1120 1860 1163 sapientem,
1887 1126 1946 1152 aut
1963 1120 2158 1162 regularem

1172 1181 1310 1201 causam
1328 1182 1399 1202 esse
1421 1167 1525 1202 huius
1545 1171 1705 1214 perpetui
1724 1170 1872 1203 ordinis.

1260 1227 1353 1260 Huic
1369 1235 1574 1270 argumento
1593 1226 2011 1271 opponuntDemocritus
2028 1225 2158 1268 etEpi-

1171 1289 1276 1310 curus
1294 1285 1461 1318 monstra,
1488 1278 1560 1310 imo
1578 1279 1760 1323 inquiunt:
1788 1277 1869 1310 Non
1885 1285 2021 1311 tautum
2039 1278 2103 1309 bos
2120 1289 2155 1308 ex

1170 1328 1259 1361 bove
1274 1329 1440 1368 nascitur,
1458 1329 1517 1361 sed
1535 1329 1639 1361 etiam
1657 1329 1767 1366 multa
1782 1335 1939 1361 monstra
1955 1334 2158 1360 nascunturw

1272 1385 1365 1419 Huic
1391 1393 1597 1429 argumento
1623 1394 1661 1420 ut
1692 1387 1985 1430 responderetur,
2022 1386 2158 1430 quaesi-

1171 1444 1244 1470 tum
1264 1443 1335 1477 est,
1364 1438 1447 1482 quid
1474 1437 1518 1470 sit
1546 1444 1760 1478 monstrum,
1788 1444 1820 1470 et
1842 1449 1931 1481 quae
1949 1437 2020 1471 sint
2037 1448 2158 1469 causae

1475 1486 1521 1521 Et
1540 1500 1584 1520 an
1601 1488 1719 1521 omnia
1738 1494 1894 1520 monstra
1911 1499 1991 1521 casu
2012 1498 2159 1519 nascau-

1170 1590 1355 1623 cationem.

1271 1639 1410 1672 Harum
1443 1640 1689 1684 quaestionum
1728 1639 1840 1673 facilis
1874 1646 1924 1673 est
1957 1638 2159 1683 explicatio,

1172 1690 1308 1724 etiamsi
1327 1691 1473 1723 obscure
1493 1697 1524 1723 et
1549 1690 1697 1723 ridicule
1714 1703 1731 1722 a
1750 1690 1871 1723 multis
1887 1696 2051 1724 tractatae
2068 1696 2159 1722 sunt.

1273 1750 1325 1782 Ac
1342 1756 1383 1783 ut
1399 1749 1552 1792 primum
1569 1750 1612 1781 de
1630 1749 1835 1781 definitione
1853 1749 1977 1783 dicam.
2032 1747 2159 1780 Prodi-

1172 1801 1226 1843 gia
1250 1812 1433 1839 vocamus,
1462 1811 1523 1832 seu
1549 1799 1699 1842 species,
1729 1810 1789 1831 seu
1813 1810 1866 1830 res
1898 1806 1997 1832 natas
2023 1804 2159 1842 praeter

1171 1858 1318 1884 naturae
1337 1850 1518 1889 ordinem,
1546 1861 1634 1893 quae
1654 1849 1789 1894 aliquid
1806 1849 2014 1892 significant.
2069 1848 2158 1881 Sunt

1172 1908 1288 1935 autem
1306 1912 1433 1943 genera
1451 1906 1612 1944 quatuor.

1274 1960 1434 1993 Primum
1452 1966 1603 2002 spectra,
1628 1965 1667 1991 ut
1685 1957 1835 1999 Triton,
1863 1959 1923 2003 qui
1941 1959 1984 1991 ad
2001 1958 2159 1992 Rubico-

1172 2023 1253 2044 nem
1279 2010 1405 2044 cecinit
1430 2010 1612 2042 classicum
1636 2007 1727 2042 lulio
1748 2008 1909 2050 Caesari,
1937 2010 2019 2042 tuba
2042 2016 2158 2053 erepta

1173 2062 1333 2107 proximo
1358 2060 1517 2095 tubicini.
1561 2059 1647 2092 Item
1675 2060 1806 2103 species
1822 2059 1895 2107 visa
1910 2072 1928 2092 a
1946 2059 2062 2093 Dione
2079 2066 2159 2092 ante

1171 2119 1334 2148 mortem.
1385 2111 1471 2145 Item
1505 2110 1636 2155 species
1665 2123 1753 2155 quae
1776 2110 1970 2143 Pausaniae
1996 2110 2158 2143 minitata

1172 2171 1222 2198 est
1239 2176 1318 2197 cum
1342 2162 1572 2196 interfecisset
1598 2161 1770 2205 virginem
1788 2160 1958 2203 Bizantii,
1985 2172 2063 2193 cum
2088 2166 2157 2193 sta-

1171 2223 1230 2250 tua
1247 2213 1342 2248 hunc
1359 2225 1499 2246 versum
1517 2219 1673 2246 sonaret:

1214 2284 1317 2320 στεῖχε
1337 2280 1423 2316 δίκης
1439 2273 1557 2316 ἆσσον,
1579 2276 1664 2317 μάλα
1680 2289 1728 2307 τοι
1744 2275 1841 2307 κακὸν
1855 2274 2007 2316 ἄνδρασιν
2021 2274 2115 2315 ὕβρις.

1221 2335 1273 2366 Ad
1291 2346 1419 2376 poenam
1436 2346 1596 2374 properas,
1623 2334 1716 2363 adfert
1733 2335 1841 2362 iniuria
1857 2332 2008 2362 damnum.

1274 2399 1376 2433 Talia
1392 2405 1525 2443 spectra
1542 2396 1633 2431 nihil
1650 2398 1693 2430 ad
1711 2394 1878 2441 Physices
1894 2396 2081 2439 pertinent,
2098 2395 2157 2427 sed

1171 2459 1254 2486 sunt
1270 2451 1355 2484 alias
1371 2450 1466 2490 mali,
1482 2450 1567 2482 alias
1585 2447 1668 2482 boni
1679 2447 1819 2489 Angeli,
1842 2446 2027 2480 offerentes
2041 2457 2075 2479 se
2092 2442 2157 2478 ho—

1170 2503 1307 2535 minum
1327 2501 1450 2535 oculis.

1272 2560 1474 2594 Secundum
1492 2568 1602 2600 genus
1621 2562 1702 2589 sunt
1718 2554 1904 2602 μετέωρα,
1929 2561 1967 2589 ut
1981 2553 2158 2596 Cometae,

1169 2610 1366 2650 Chasmata,
1390 2608 1658 2648 Terraemotus,
1685 2606 1937 2641 Traiectiones.
1964 2605 2060 2639 Haec
2077 2618 2156 2650 per-

1170 2663 1286 2697 tinent
1301 2661 1345 2694 ad
1364 2656 1553 2704 Physicos,
1580 2656 1712 2692 habent
1735 2658 1881 2692 enimin
1905 2657 2051 2691 materia
2075 2668 2156 2690 cau-
