2379 2948
235 130 303 164 775

231 215 400 248 vilitatem
426 222 455 248 et
481 213 656 246 miseriam
683 218 857 252 nostram,
886 212 964 245 ideo
983 213 1210 257 quemadino-
1238 220 1240 263 [

231 267 314 298 dum
330 273 426 309 pater
453 265 635 296 miseretur
656 263 809 295 filiorum
828 270 889 296 etc.
940 262 1059 308 ltaque
1081 269 1210 296 morta-

233 316 310 349 litas
341 323 372 348 et
406 315 588 348 infirmitas
621 320 737 346 nostra
773 314 875 347 nobis
899 316 1075 358 proposita
1101 320 1150 347 cst
1175 314 1211 345 in

234 367 392 410 pulvere,
421 365 507 397 sicut
526 364 615 397 infra
640 364 779 408 repetit:
809 364 930 398 Pulvis
948 377 998 406 es,
1029 372 1061 399 ct
1080 366 1115 397 in
1133 365 1211 408 pul-

233 428 346 449 vereni
370 423 565 449 reverteris.

334 473 478 508 Tractat
502 475 694 518 Apostolus
721 475 832 518 prima
855 472 1124 508 Corinthiorum
1153 475 1213 506 de-

234 526 323 558 cimo
341 525 484 569 quinto:
524 525 638 558 Adam
661 525 794 568 primus
811 526 920 559 sactus
936 533 983 558 est
1003 526 1038 557 in
1061 525 1214 558 animam

233 577 425 609 viventem:
460 576 671 609 novissimus
696 575 808 608 Adam
843 577 878 608 in
912 576 1072 619 spiritum
1100 575 1215 607 vivifi-

235 634 389 666 cantem,
417 627 451 659 id
471 634 536 667 est,
568 627 702 669 primus
719 626 834 659 Adam
854 627 963 660 factus
979 634 1047 666 est,
1072 633 1110 659 ut
1128 632 1215 659 esset

233 678 334 710 vivus
351 678 421 710 vita
439 678 603 715 naturali,
630 678 757 716 ederet,
779 677 923 715 biberet,
951 678 1125 721 gigneret,
1153 675 1215 709 ha-

234 729 331 761 beret
356 729 509 761 actiones
535 728 724 762 naturales.
781 726 865 761 Item
894 729 940 761 ita
966 728 1129 761 conditus
1156 735 1218 768 est,

235 786 273 811 ut
291 779 380 811 mori
397 785 512 812 tamen
530 785 656 821 posset.
709 778 927 811 Novissimus
945 778 1074 819 Adam,
1100 779 1135 811 id
1155 785 1215 819 cst,

235 840 354 861 omnes
381 829 441 873 qui
467 829 506 860 in
527 826 668 862 Christo
692 836 878 872 resurgunt
902 829 951 862 sic
976 836 1057 863 sunt
1082 830 1218 863 conditi

237 880 271 911 in
295 880 455 922 spiritum
475 879 729 919 vivificantem,
756 886 794 913 ut
811 887 978 924 perpetuo
997 880 1218 914 vivificentur

236 930 378 973 spiritu,
404 941 476 962 non
493 927 646 963 habeant
663 931 817 964 actiones
832 931 922 964 ullas
936 932 1130 970 naturales,
1159 933 1217 964 sed

234 987 370 1014 tantum
386 980 598 1024 spirituales,
622 993 775 1014 amorem
794 980 871 1022 Dei,
896 982 1131 1025 cognitionem
1141 982 1219 1023 Dei,

237 1031 403 1064 laetitiam
424 1031 660 1075 spiritualem,
687 1033 826 1066 laudem
844 1031 922 1068 Dei.

412 1142 656 1176 Plantaverat
684 1147 813 1176 autem
841 1143 1038 1177 Dominus.

340 1217 410 1260 Qui
437 1225 545 1251 totam
577 1224 704 1250 terram
739 1219 931 1262 opinantur
954 1219 1112 1252 Paradisi
1146 1220 1219 1252 vice

237 1271 390 1302 futuram
409 1269 531 1308 fuisse,
558 1280 615 1301 eos
634 1280 772 1302 necesse
797 1276 847 1302 est
870 1270 969 1303 fateri
993 1277 1110 1304 tamen
1139 1282 1219 1314 prae

239 1319 379 1353 caeteris
397 1327 509 1352 terrae
527 1319 686 1362 partibus
703 1332 809 1352 unam
834 1321 987 1365 aliquam
1012 1321 1220 1355 amoenissi-

241 1382 350 1407 mam,
380 1367 436 1402 hic
452 1368 660 1402 Paradisum
684 1371 819 1410 vocari,
847 1373 989 1414 quando
1014 1379 1045 1404 et
1070 1372 1218 1405 fluvium

241 1422 277 1453 in
293 1433 325 1453 et
351 1431 421 1453 esse
439 1420 486 1452 sic
510 1420 693 1457 scribitur,
721 1433 739 1452 e
758 1433 828 1465 quo
846 1421 1050 1454 deriventur
1071 1421 1221 1464 Ganges,

242 1471 360 1511 ¹Nilus,
395 1470 512 1512 Tigris
534 1477 568 1503 et
593 1467 810 1513 Euphrates,
843 1479 876 1504 et
906 1472 998 1504 infra
1029 1473 1139 1516 capite
1168 1485 1220 1504 se-

241 1528 368 1566 quente
384 1521 531 1561 dicitur,
554 1518 697 1554 Cherub
722 1528 753 1554 et
775 1522 911 1564 gladius
936 1523 1117 1556 ssammeus
1142 1535 1221 1555 eum

241 1572 356 1605 locum
374 1571 561 1605 custodire.
616 1570 726 1604 Porro
746 1573 807 1605 ubi
825 1573 867 1605 sit
885 1573 966 1605 sciri
983 1574 1115 1617 nequit,
1140 1585 1220 1605 nam

241 1630 274 1656 et
290 1629 387 1655 ortus
403 1621 475 1655 Nili
493 1633 531 1654 ac
551 1620 686 1664 Gangis
704 1622 925 1665 ignorantur:
955 1623 1001 1657 ita
1019 1630 1057 1656 ut
1079 1624 1115 1656 in
1134 1623 1222 1656 Pro-

242 1673 401 1706 verbium
433 1672 571 1705 cesserit
594 1673 637 1704 de
660 1684 696 1704 re
720 1673 857 1715 ignota,
888 1672 961 1705 Nili
982 1681 1085 1717 caput
1118 1686 1223 1718 quae-

242 1736 327 1757 rere.
381 1723 492 1756 Nobis
522 1723 604 1756 satis
637 1730 728 1762 esto,
764 1723 878 1757 locum
904 1723 941 1756 in
969 1722 1117 1758 Oriente
1142 1737 1224 1765 esse,

244 1774 446 1819 ubicunque
470 1781 537 1814 est,
572 1785 675 1818 quem
703 1771 846 1807 hortum
869 1771 926 1807 hic
948 1783 1058 1810 vocat.
1112 1774 1223 1808 Porro

243 1826 338 1870 quod
354 1822 460 1858 homo
478 1825 514 1857 in
524 1824 730 1858 Paradisum
746 1825 880 1868 positus
895 1832 955 1863 est,
972 1825 1098 1859 iterum
1115 1826 1224 1869 signi-

243 1877 338 1916 ficat,
370 1887 450 1908 eum
474 1875 691 1919 propositum
718 1876 824 1908 fuisse
849 1876 1015 1909 omnibus
1046 1877 1225 1912 creaturis.

246 1925 427 1959 Iudicatur
452 1926 533 1959 item
558 1937 639 1959 cura
656 1924 769 1959 Patris
792 1927 836 1959 de
859 1928 1032 1960 servando
1047 1935 1082 1969 ‘et
1098 1928 1225 1961 alendo

245 1975 401 2011 homine.
462 1976 615 2019 Lignum
641 1976 752 2017 vitae,
787 1977 885 2010 cuius
910 1978 1042 2011 fructus
1068 1979 1224 2012 vivifica-

247 2029 332 2061 bant
354 2033 534 2072 perpetuo.
586 2026 739 2069 Lignum
769 2028 933 2061 scientiae
968 2029 1054 2061 boni
1084 2036 1117 2063 et
1141 2030 1226 2062 mali

249 2090 288 2111 ea
312 2079 418 2111 arbor
450 2078 598 2118 dieitur,
640 2089 745 2122 quam
779 2078 835 2111 lex
867 2079 1114 2120 interdixerat,
1144 2081 1225 2125 quia

248 2128 343 2162 enim
368 2129 422 2162 lex
443 2129 536 2162 bona
559 2136 595 2163 et
617 2127 707 2160 mala
727 2129 846 2169 docet,
873 2130 951 2162 ideo
969 2130 1074 2163 arbor
1097 2131 1140 2164 de
1158 2142 1227 2175 qua

249 2180 323 2223 lege
348 2186 489 2213 cautum
512 2180 596 2220 fuit,
630 2178 765 2221 lignum
788 2179 951 2212 scientiae
974 2180 1059 2213 boni
1085 2189 1117 2215 et
1144 2182 1227 2214 mali

250 2231 389 2265 dicitur.
445 2229 490 2264 Et
512 2242 551 2263 ex
575 2230 618 2262 iis
640 2229 741 2262 facile
764 2236 815 2263 est
841 2231 1041 2273 allegoriam
1068 2232 1228 2265 invenire

249 2288 289 2315 ut
306 2282 450 2315 verbum
469 2281 663 2320 vivificum,
690 2280 864 2324 intelligas
885 2282 1019 2324 lignum
1038 2283 1130 2316 vitae
1148 2284 1228 2323 dici,

252 2332 526 2366 Proverbiorum
549 2332 668 2365 tertio:
711 2331 866 2374 Lignum
891 2332 981 2365 vitae
1002 2339 1069 2373 est,
1096 2331 1150 2366 his
1166 2335 1227 2379 qui

252 2381 548 2427 apprehenderint
568 2394 664 2422 eam,
692 2389 725 2415 et
743 2383 803 2427 qni
827 2383 1005 2417 tenuerint
1023 2396 1097 2416 eam
1123 2385 1225 2418 beati.

251 2432 322 2466 Lex
338 2442 453 2468 autem
472 2434 606 2477 lignum
623 2433 786 2467 scientiae
803 2434 886 2467 boni
905 2441 938 2467 et
957 2434 1052 2469 mali.

353 2491 458 2534 Quod
476 2492 642 2526 Paradiso
667 2493 835 2536 imposuit
856 2490 1035 2526 hominem
1054 2494 1227 2537 significa-

252 2550 325 2576 tum
359 2550 427 2582 est,
466 2543 647 2577 hominem
685 2555 840 2588 praeesse
879 2544 1024 2589 reliquis
1063 2546 1228 2579 omnibus

252 2593 437 2632 creaturis,
468 2594 557 2627 sicut
579 2607 682 2638 supra
707 2595 811 2635 dicit,
837 2592 1020 2628 hominem
1046 2596 1225 2630 conditum

252 2656 325 2677 non
356 2644 392 2676 in
423 2642 593 2686 Spiritum
626 2644 879 2686 vivificantem,
915 2646 976 2691 qui
1001 2647 1228 2690 spiritualiter

251 2701 386 2729 tantum
410 2701 591 2735 movetur,
617 2697 676 2728 sed
703 2696 738 2728 in
761 2697 914 2730 animam
935 2697 1129 2740 viventem,
1161 2696 1228 2732 hoc

820 126 944 162 PHlL.
973 125 1088 161 MEL.
1113 124 1321 161 SCRlPTA
1350 121 1648 158 EXEGETICA.

2174 125 2247 159 776

1266 217 1332 250 est,
1359 210 1458 243 cuius
1483 221 1587 253 opera
1613 215 1725 242 essent
1751 209 1943 249 naturalia,
1970 211 2088 251 edere,
2117 211 2247 251 bibere,

1266 261 1406 303 gignere
1424 268 1487 295 etc.
1540 259 1591 293 Ea
1616 271 1720 303 opera
1741 257 1798 292 hic
1815 271 1957 304 quoque
1984 260 2135 302 indicat,
2168 274 2247 295 cum

1266 312 1334 351 ait,
1371 309 1509 344 homini
1527 309 1734 344 Paradisum
1760 310 1985 344 commissum
2013 322 2085 344 esse
2107 318 2146 345 ut
2169 324 2247 346 eum

1267 362 1406 395 coleret.

1367 411 1463 446 Haec
1493 413 1547 445 lex
1580 413 1650 446 duo
1684 411 1834 455 insignia
1865 412 1976 445 docet.
2029 411 2187 445 Primum
2212 413 2250 445 in

1268 462 1404 505 legibus
1428 463 1561 497 divinis
1595 475 1667 496 non
1695 475 1766 497 esse
1798 463 2045 507 spectandum,
2078 469 2250 508 quantum

1269 514 1313 547 sit
1334 525 1421 557 opus
1444 514 1537 558 quod
1562 521 1784 558 praeceptum
1808 521 1875 555 est,
1902 514 1962 546 sed
1988 515 2176 557 spectanda
2201 520 2253 546 est

1269 564 1433 598 voluntas
1456 564 1524 598 Dei
1547 565 1813 609 praecipientis,
1848 565 2111 610 qualecunque,
2139 576 2253 609 quan-

1270 615 1516 659 tilluncunque
1537 615 1581 648 sit
1599 627 1702 658 opus:
1731 616 1815 662 quia
1835 616 1924 649 ratio
1947 627 2082 660 semper
2099 615 2253 659 disputat

1271 668 1314 699 de
1330 665 1404 708 lege
1421 665 1560 706 divina,
1586 672 1618 698 et
1642 665 1773 699 iudicat
1790 679 1864 699 eam
1890 666 2049 711 iniquam
2075 677 2163 706 esse,
2190 677 2253 699 cur

1271 715 1337 750 hoc
1362 716 1417 748 vel
1440 716 1529 749 illud
1554 716 1793 754 constituerit,
1821 723 1853 749 et
1880 717 2096 751 voluntatem
2115 717 2185 750 Dei
2209 716 2254 749 ab

1272 767 1387 811 operis
1405 768 1510 800 modo
1529 767 1697 802 aestimat.
1731 766 1781 800 Ita
1798 767 1950 810 primum
1969 775 2148 811 peccatum
2165 779 2256 813 quo-

1273 819 1476 862 tiescunque
1501 818 1555 850 lex
1580 818 1756 858 violatur,'
1784 824 1834 851 est
1858 817 2063 851 infidelitas:
2096 818 2193 852 Sicut
2216 819 2254 850 in

1271 869 1367 902 Luca
1385 869 1560 912 praecepit
1576 868 1762 909 Dominus,
1788 875 1827 901 ut
1842 880 2024 901 caveamus
2042 880 2086 901 ne
2104 880 2255 911 graven-

1273 926 1331 953 tur
1356 920 1461 953 corda
1487 926 1605 952 nostra
1628 920 1790 963 crapula,
1818 931 1897 952 caro
1924 919 2051 962 cogitat
2073 919 2142 952 vile
2168 930 2255 963 opus

1274 982 1363 1009 esse,
1397 977 1429 1004 et
1461 971 1504 1003 ab
1533 970 1648 1014 operis
1681 972 1787 1003 modo
1820 970 2006 1003 aestimans
2037 970 2254 1004 voluntatem

1273 1021 1358 1061 Dei,
1392 1021 1501 1064 legem
1533 1021 1736 1054 contemnit.
1798 1020 1856 1055 Sic
1882 1021 1920 1053 in
1951 1021 2072 1054 multis
2099 1021 2178 1054 aliis
2207 1021 2257 1060 fit,

1275 1084 1362 1117 quae
1386 1072 1423 1104 in
1447 1072 1596 1116 speciem
1624 1084 1696 1105 non
1719 1079 1801 1105 sunt
1820 1072 1954 1115 turpia,
1981 1072 2043 1105 ubi
2063 1071 2112 1105 sic
2129 1071 2258 1114 cogitat

1275 1135 1375 1162 caro,
1402 1134 1463 1166 age
1487 1123 1571 1168 quid
1598 1123 1661 1155 ista
1685 1130 1781 1157 curet
1802 1123 1917 1163 Deus,
1944 1129 1976 1156 et
2000 1120 2067 1155 hoc
2089 1129 2139 1156 est
2161 1122 2257 1167 quod

1274 1173 1406 1206 Paulus
1429 1174 1490 1207 ait:
1529 1172 1647 1206 Omne
1670 1175 1763 1219 quod
1790 1185 1861 1206 non
1887 1180 1937 1207 est
1961 1185 2000 1206 ex
2023 1173 2109 1211 fide,
2137 1184 2257 1217 pecca-

1275 1232 1349 1257 tum
1377 1231 1438 1258 est.

1377 1275 1540 1309 Secundo
1560 1273 1617 1308 hic
1641 1275 1826 1318 spectanda
1845 1281 1895 1307 est
1919 1274 2105 1307 infirmitas
2127 1280 2258 1314 nostra,

1275 1327 1369 1371 quod
1386 1326 1414 1358 si
1431 1333 1555 1359 natura
1574 1326 1707 1368 integra
1726 1324 1824 1358 Adae
1842 1337 1915 1358 non
1935 1325 2049 1368 potuit
2067 1324 2257 1357 consistere

1275 1389 1311 1408 re
1330 1386 1398 1409 tam
1421 1377 1516 1408 sacili
1540 1383 1740 1418 praecepta,
1767 1382 1900 1418 quanto
1920 1375 2039 1407 minus
2061 1386 2157 1406 nunc
2172 1386 2257 1407 con-

1275 1427 1397 1459 sistent
1422 1432 1603 1469 corrupta,
1639 1433 1672 1458 et
1696 1422 1753 1457 hic
1776 1436 1811 1457 se
1830 1425 2114 1469 contemplentur
2140 1421 2257 1458 hostes

1276 1486 1418 1520 guillae.

1605 1561 1726 1593 Morte
1753 1562 1934 1594 morieris.

1380 1627 1536 1670 Quidam
1558 1624 1615 1659 hic
1637 1627 1763 1659 offensi
1782 1634 1883 1667 sunt,
1910 1638 2018 1672 quare
2038 1627 2130 1660 dicat
2146 1633 2260 1660 morte

1279 1678 1459 1716 morieris,
1494 1690 1572 1710 cum
1597 1684 1713 1710 tamen
1732 1678 1847 1710 Adam
1869 1689 1944 1711 non
1966 1678 2010 1712 sit
2027 1677 2143 1711 statim
2162 1688 2259 1710 mor-

1278 1738 1371 1764 tuus,
1422 1728 1654 1772 Respondent
1671 1728 1743 1766 alii,
1769 1727 1885 1761 statim
1904 1736 2083 1762 mortuum
2099 1739 2171 1761 esse
2188 1739 2258 1773 quo

1279 1782 1320 1813 ad
1340 1780 1504 1812 animam.
1540 1778 1614 1812 Alii
1634 1778 1769 1817 dicunt,
1785 1779 1866 1824 quia
1884 1778 2102 1812 inHebraeis
2117 1785 2168 1812 est
2183 1791 2258 1811 rno-

1280 1832 1373 1864 riens
1397 1830 1576 1869 morieris,
1608 1828 1797 1872 significari
1829 1830 2014 1863 mortalem
2044 1830 2132 1863 fieri.
2181 1826 2258 1872 Ego

1279 1882 1327 1915 sic
1351 1881 1484 1919 sentio,
1510 1880 1767 1924 simplicissime
1791 1880 2061 1924 intelligendum
2086 1890 2159 1913 esse
2182 1885 2258 1912 tex-

1279 1940 1375 1975 tum,
1402 1938 1440 1965 ut
1463 1938 1589 1965 sonant
1612 1931 1729 1964 verba.
1781 1930 1870 1964 Nam
1895 1937 1928 1964 et
1953 1943 1993 1964 eo
2017 1930 2075 1964 die
2097 1936 2259 1964 mortuus

1281 1991 1331 2018 est
1345 1981 1460 2016 Adam
1473 2010 1483 2023 ,
1509 1983 1598 2015 sicut
1615 1994 1655 2015 ex
1673 1981 1785 2026 capite
1802 1981 1960 2027 sequenti
1978 1987 2132 2026 apparet.
2167 1979 2258 2014 Nam

1281 2034 1371 2068 mori
1396 2034 1434 2066 in
1466 2033 1648 2077 scripturis
1678 2032 1819 2076 proprie
1847 2031 2017 2074 significat
2047 2031 2219 2066 confundi
2240 2043 2260 2065 a

1281 2091 1469 2129 conspectu
1484 2083 1562 2119 Dei.
1616 2083 1655 2116 ln
1671 2083 1802 2117 Ioanne
1816 2083 1865 2116 ait
1881 2080 2060 2116 Christus:
2095 2081 2168 2125 Qui
2185 2093 2260 2115 cre-

1282 2138 1372 2170 dunt
1406 2136 1442 2168 in
1477 2147 1550 2175 me,
1586 2146 1658 2167 non
1692 2133 1900 2167 morientur.
1960 2133 2066 2177 Apud
2099 2131 2259 2166 Esaiam:

1282 2186 1411 2221 Omnis
1421 2187 1480 2231 qui
1492 2184 1706 2218 invocaverit
1721 2196 1812 2223 eum,
1828 2196 1902 2217 non
1917 2184 2164 2218 confundetur.
2192 2182 2259 2217 Illa

1282 2237 1442 2272 confusio
1467 2235 1640 2281 ipsissima
1663 2247 1757 2267 mors
1779 2242 1840 2270 est.
1892 2233 1941 2268 Et
1965 2235 2139 2269 extinctus
2155 2234 2260 2279 plane

1281 2290 1403 2323 fuisset
1418 2286 1544 2327 Adam,
1571 2286 1640 2319 nisi
1657 2286 1852 2319 vivificatus
1866 2286 1989 2319 fuisset
2004 2286 2130 2319 iterum
2147 2283 2258 2318 verbo

1282 2340 1428 2384 gratiae:
1458 2338 1576 2382 Ipsum
1594 2348 1711 2370 semen
1728 2343 1883 2370 conteret
1898 2342 2002 2380 caput
2017 2343 2129 2371 tuum.
2169 2333 2258 2368 Item

1282 2398 1354 2426 tota
1371 2397 1495 2423 natura
1512 2388 1586 2421 sine
1601 2387 1726 2432 spiritu
1743 2386 1807 2421 Dei
1826 2387 2032 2428 vivificante,
2058 2386 2162 2430 plane
2181 2396 2258 2419 mo—

1282 2443 1382 2481 ritur,
1406 2450 1607 2486 quanquam
1622 2450 1693 2472 non
1711 2450 1847 2482 semper
1863 2439 1989 2472 sentiat
2004 2442 2164 2477 mortem,
2187 2448 2257 2481 quo

1282 2494 1387 2527 modo
1406 2490 1596 2535 Apostolus
1612 2490 1674 2523 ait:
1702 2489 1894 2523 Prudentia
1912 2488 2025 2522 carnis
2041 2498 2136 2520 mors
2153 2493 2214 2520 est.

1368 2579 1451 2612 Non
1477 2580 1532 2610 est
1559 2575 1691 2610 bonum
1717 2572 1902 2610 hominem
1928 2584 2008 2607 esse
2034 2573 2166 2606 solum.

1382 2644 1450 2677 Hic
1469 2654 1627 2687 expressa
1644 2649 1695 2675 est
1719 2642 1772 2675 lex
1788 2640 1959 2678 caritatis,
1987 2646 2061 2673 tum
2084 2638 2258 2682 multipli-

1281 2697 1383 2730 candi
1416 2694 1552 2739 generis
1588 2691 1735 2727 humani
1765 2703 1884 2732 causa,
1918 2691 2074 2735 adeoque
2101 2688 2257 2723 hominis
