2379 2948
125 103 201 138 473

126 198 194 233 que
212 187 302 220 varii
319 187 463 221 affectus
479 199 518 221 ac
535 193 650 230 gestus
668 183 884 219 adhibentur
894 186 937 218 ad
953 184 1117 217 ironiam.

126 237 294 280 Magnam
318 245 435 272 autem
460 238 497 271 in
526 239 603 271 loco
628 236 774 280 gratiam
802 234 926 275 habet,
969 235 1117 268 delectat

125 288 219 321 enim
236 301 382 321 acumen
409 289 444 321 in
471 289 559 322 salse
585 287 703 324 dictis,
732 293 764 319 et
790 292 879 319 tecta
903 285 1115 329 vituperatio

125 340 529 386 sempervenustiorest
549 349 654 382 quam
670 342 831 380 apertum
850 336 1064 370 convicium.

228 407 366 441 Vocant
392 402 611 452 σαρκασμὸν
634 416 713 437 cum
742 401 854 437 hostis
883 404 1114 438 calamitatem

126 459 314 503 exprobrat
340 456 451 497 hosti,
486 462 541 493 ut,
576 452 633 487 En
662 466 782 498 agros,
818 461 852 488 et
884 467 989 499 quam
1020 455 1115 488 hello

127 509 285 543 Troiane
301 507 436 551 petisti,
458 505 665 548 Hesperiam
686 505 812 539 metire
830 505 957 539 iacens.
1012 504 1115 538 Talia

125 566 225 593 sunt:
254 559 329 592 Ave
354 569 414 590 rex
441 555 664 589 Iudaeorum.
718 555 756 590 Si
781 556 874 589 filius
890 554 956 589 Dei
973 568 1025 596 es,
1053 557 1116 589 de-

123 611 251 644 scende
282 610 324 641 de
348 619 460 641 cruce.
524 606 682 639 Verbum
712 603 910 652 σαρκάζειν
943 607 1115 650 significat

123 661 251 694 rictum
269 657 396 692 irritati
424 657 537 697 canis,
567 655 650 690 hinc
678 658 888 691 translatum
914 665 963 691 est
989 659 1031 691 ad
1056 670 1113 691 ex-

122 709 406 755 probrationem,
435 716 473 741 ut
491 708 663 751 significet
680 707 829 741 irridere
855 721 934 741 cum
960 710 1111 754 quadam

122 762 195 794 irae
213 759 481 803 significatione,
506 759 621 804 qualis
639 765 691 792 est
709 759 816 793 rictus
836 759 966 793 irritati
982 760 1089 794 canis.

225 824 352 858 Vicina
372 831 422 858 est
441 825 577 858 ironiae
593 820 757 869 μικήσις,
785 836 863 857 cum
887 825 1032 858 alterius
1055 836 1113 868 ge—

121 884 211 910 stum
229 883 554 920 repraesentamus,
581 882 641 909 aut
657 876 844 909 recitamus
862 876 981 911 verba.
1010 875 1112 908 Talia

122 934 205 961 sunt
221 927 314 971 apud
332 925 482 959 Paulum
502 927 538 959 in
555 925 688 961 Colos.:
712 925 765 959 Ne
782 926 944 969 attingite
956 954 965 967 ,
988 939 1032 959 ne
1049 938 1112 970 gu-

122 985 227 1018 state,
249 989 294 1010 ne
314 984 539 1010 contrectate.

224 1035 288 1070 Est
315 1043 347 1069 et
371 1036 598 1080 proverbium
630 1035 817 1078 allegoriae
846 1035 995 1079 species,
1030 1035 1112 1080 quia

120 1088 291 1121 serenata
318 1094 399 1119 suut
424 1087 612 1130 proverbia
638 1098 678 1119 ex
700 1086 954 1127 similitudine,
978 1093 1016 1120 ut
1044 1085 1112 1119 Ca-

121 1138 216 1172 tulae
241 1138 402 1171 dominas
431 1138 629 1173 imitantur.
692 1136 770 1179 Qua
801 1137 1035 1170 similitudine
1064 1137 1112 1170 si-

120 1183 521 1231 gnificamus'samiliam
547 1189 644 1220 abire
665 1187 702 1220 in
727 1199 842 1221 mores
867 1189 1015 1222 domini.
1070 1187 1111 1220 ln

120 1239 312 1272 Salomone
337 1239 448 1272 multa
482 1246 562 1271 sunt
595 1236 817 1271 huiusmodi:
860 1238 933 1281 Qui
965 1239 1109 1282 dissipat

119 1301 237 1334 sepem
262 1291 445 1322 mordetur
466 1301 483 1321 a
510 1289 675 1328 colubro,
703 1289 737 1320 id
762 1295 830 1329 est,
858 1288 932 1331 Qui
958 1296 1109 1322 veterem

119 1341 269 1373 sormam
295 1340 510 1383 reipublicae
536 1339 697 1372 labefacit
723 1351 761 1371 ac
786 1340 969 1380 dissolvit,
1001 1341 1034 1373 js
1054 1352 1111 1372 ac-

119 1391 223 1424 cersit
246 1390 314 1424 sibi
338 1390 493 1424 exitium.
556 1389 655 1423 Sicut
679 1390 773 1422 enim
799 1397 978 1434 serpentes
1001 1402 1110 1434 pene-

118 1446 215 1474 trant
230 1441 268 1472 in
282 1438 439 1478 hortum,
467 1447 571 1481 rupto
589 1441 732 1483 pariete,
756 1440 802 1472 ita
818 1441 1025 1474 conceditur
1044 1441 1110 1473 im-

119 1491 240 1536 probis
257 1489 397 1523 licentia
414 1489 594 1531 grassandi
620 1488 656 1520 in
682 1489 786 1522 rebus
816 1492 987 1533 publicis,
1016 1497 1111 1533 post-

119 1553 226 1586 quam
257 1541 427 1574 autoritas
460 1540 576 1582 legum
611 1552 704 1573 novo
730 1541 889 1584 exemplo
921 1541 1111 1574 labefacta-

118 1600 152 1626 ta
171 1598 233 1625 est.

220 1649 373 1683 Possunt
399 1649 492 1682 inter
521 1649 708 1692 allegoriae
741 1650 871 1694 species
898 1656 931 1683 et
957 1647 1111 1693 Apologi

120 1701 323 1739 numerari,
345 1700 544 1733 cuiusmodi
560 1708 642 1734 sunt
660 1699 805 1745 Aesopi.
860 1699 948 1734 Item
972 1701 1111 1734 fabulae

119 1754 326 1798 poetarum,
353 1757 393 1784 ut
413 1752 508 1795 apud
532 1749 728 1784 Homerum
754 1750 943 1797 Cyclopes,
978 1751 1040 1796 qui
1064 1751 1112 1783 si-

120 1803 289 1847 gnificant
303 1802 491 1845 allegorice
509 1799 671 1835 homines
689 1802 875 1842 barbaros,
903 1801 962 1846 qui
987 1803 1025 1834 in
1049 1801 1111 1834 illo

119 1855 240 1888 littore
263 1854 470 1886 exercebant
486 1853 714 1886 latrocinium
727 1880 735 1893 ,
762 1852 967 1885 Monstrosa
984 1863 1111 1895 corpo-

119 1905 169 1939 ris
186 1904 296 1938 moles
313 1903 483 1937 convenit
498 1904 659 1935 barbaris
677 1909 710 1936 et
721 1903 803 1935 seris
815 1902 983 1937 moribus.
1013 1900 1112 1935 Ocu—

119 1956 196 1997 luS,
228 1955 376 1999 opinor,
409 1953 629 1997 significabat
657 1954 807 1986 sormam
843 1953 981 1996 galeae,
1023 1964 1112 1997 quae

121 2006 208 2039 olim
226 2007 272 2040 ita
289 2006 412 2046 fiebat,
440 2011 479 2038 ut
496 2016 601 2037 unam
618 2004 654 2036 in
677 2004 794 2037 fronte
817 2012 986 2049 tanquam
1015 2004 1112 2036 sene-

121 2063 229 2090 stram
245 2054 399 2090 liaberet.
441 2055 520 2089 Hoc
536 2067 645 2099 genus
662 2055 967 2099 interpretationis
985 2061 1112 2088 vocant

122 2104 372 2154 μυθολογίαν.
434 2105 557 2151 Neque
582 2117 665 2139 vero
690 2106 819 2140 inutile
842 2106 967 2146 fuerit,
1001 2106 1111 2138 inter-

123 2159 208 2192 dum
238 2169 436 2201 proponere
464 2158 547 2191 talia
579 2164 785 2200 argumenta
818 2156 1111 2197 adolescentibus,

123 2210 166 2243 ad
188 2208 346 2241 acuenda
363 2214 395 2241 et
410 2208 601 2242 exercenda
617 2208 769 2251 ingenia.
824 2206 881 2241 Ad
897 2205 993 2240 hunc
1008 2218 1110 2240 usum

122 2259 278 2294 arbitror
294 2258 417 2298 initio,
444 2256 695 2303 Christophori
712 2259 901 2302 imaginem
926 2258 1110 2291 confictam

124 2322 216 2351 esse,
241 2319 329 2354 quae
351 2308 522 2351 significat
545 2311 724 2343 doctorem
740 2307 946 2353 Evangelii,
971 2308 1000 2342 is
1017 2309 1109 2341 enim

122 2359 306 2395 Christum
332 2359 439 2402 gerit,
472 2361 741 2393 monstrandum
781 2361 860 2393 aliis
891 2357 1110 2394 hominibus¹

125 2409 278 2455 Oportet
301 2417 416 2443 autem
443 2409 479 2442 in
502 2410 563 2443 tali
586 2411 663 2443 viro
680 2422 846 2454 magnum
864 2411 976 2444 animi
1001 2411 1112 2443 robur

127 2473 218 2501 esse,
260 2461 412 2506 ideoque
450 2460 607 2503 pingitur
637 2473 762 2504 magna
797 2461 954 2505 corporis
989 2461 1110 2495 moles.

125 2511 215 2545 Nam
232 2512 370 2545 infinita
386 2511 541 2555 pericula
557 2510 738 2544 subeunda
749 2519 832 2545 sunt
842 2510 1112 2545 docentiEvan-

128 2563 275 2605 gelium,
300 2574 409 2607 quare
434 2568 467 2595 et
490 2562 554 2594 iste
580 2558 684 2593 heros
705 2573 767 2604 per
792 2574 889 2595 mare
914 2574 953 2595 ac
974 2562 1111 2595 medios

126 2612 252 2646 fluctus
275 2613 425 2653 incedit,
460 2619 492 2646 et
526 2612 684 2656 undique
716 2612 846 2645 circum
881 2625 962 2646 eum
988 2619 1112 2646 natant

126 2664 241 2698 variae
257 2664 399 2704 beluae,
425 2663 600 2697 minantes
624 2662 654 2695 ei
678 2661 836 2695 exitium.
890 2662 984 2696 Puer
1007 2675 1110 2707 quem

754 101 816 136 IV.
878 97 1154 135 ELEMENTA
1189 93 1526 135 RHETORICES.

2081 99 2154 134 474

1142 184 1145 189 '
1171 179 1262 222 gerit
1284 180 1429 223 exiguus
1447 189 1516 221 est,
1545 195 1626 217 nam
1644 184 1800 228 potentia
1811 180 1944 217 Christi
1960 183 2151 228 aliquando

1170 230 1356 274 perexigua
1376 232 1533 273 videtur,
1561 235 1725 268 laborant
1744 241 1777 268 et
1794 234 2037 278 periclitantur
2053 233 2153 277 Apo·

1171 280 1272 320 stoli,
1300 292 1364 313 nec
1385 282 1551 316 videntur
1577 285 1737 318 adiuvari
1753 297 1771 318 a
1787 284 1875 320 Deo.
1928 283 1975 318 Et
1993 285 2153 329 queritur

1171 328 1466 374 Christophorus,
1507 333 1713 367 inusitatum
1743 337 1883 379 pondus
1915 347 2000 371 esse.
2060 334 2154 368 Puer

1170 381 1244 425 ipse
1260 381 1431 425 opprimit
1447 382 1616 416 baiulum.
1651 385 1761 429 Saepe
1779 387 1872 418 enim
1891 385 1988 419 Deus
2004 386 2078 429 ipse
2099 385 2154 417 vi-

1169 433 1272 465 detur
1290 433 1468 465 adversari
1488 445 1527 466 ac
1545 435 1665 475 irasci,
1692 442 1724 468 et
1749 443 1854 469 terret
1876 437 1974 480 pios,
2000 447 2038 469 ac
2063 447 2153 480 pene

1168 483 1212 515 ad
1238 483 1519 526 desperationem
1548 485 1670 527 adigit.
1734 484 1878 519 Interim
1907 493 2024 520 tannen
2050 486 2154 530 erigit

1169 544 1204 566 se
1230 531 1471 578 Polyphemus
1495 535 1578 575 iste,
1613 548 1652 568 ac
1679 542 1848 569 sustentat
1873 547 1907 569 se
1928 538 2079 580 quadam
2097 549 2154 570 ar-

1168 584 1273 622 bore,
1300 582 1366 616 hoc
1391 591 1461 625 est,
1489 586 1599 619 sancti
1624 586 1660 618 in
1684 587 1879 619 terroribus
1902 593 2098 620 sustentant
2116 593 2155 623 ,et

1169 634 1308 677 erigunt
1327 646 1362 667 se
1379 636 1487 668 verbo
1505 635 1583 671 Dei.
1638 636 1685 670 Et
1704 637 1763 669 illa
1783 637 1889 669 arbor
1905 637 2059 680 primum
2084 637 2155 672 ari-

1167 686 1233 725 cia,
1269 691 1387 729 postea
1413 686 1539 719 florere
1564 687 1699 731 incipit.
1760 686 1850 719 Nam
1879 686 2039 719 doctrina
2065 687 2156 729 parit

1168 735 1300 768 multos
1317 736 1430 769 bonos
1453 737 1605 778 fructus,
1633 744 1748 770 servat
1773 744 1807 770 et
1831 738 2010 770 doctorem
2037 743 2070 769 et
2086 734 2156 769 Ec-

1168 786 1310 819 clesiam
1324 813 1332 827 ,
1360 799 1563 832 quanquam
1589 789 1689 833 impii
1709 787 1868 821 iudicant
1885 787 2081 820 doctrinam
2100 787 2156 818 in-

1167 848 1270 869 anem
1295 844 1328 870 et
1353 838 1517 871 inutilem
1542 850 1625 875 esse.
1688 838 1806 872 Praeit
1830 846 1947 871 autem
1974 838 2011 869 in
2038 837 2157 870 littore

1167 899 1274 921 senex
1305 900 1384 920 cum
1408 886 1550 934 lychno.
1606 889 1639 923 Is
1660 889 1831 933 significat
1856 886 2069 932 Prophetas,
2096 888 2155 932 qui

1167 945 1247 971 ante
1275 936 1455 973 Christum
1487 947 1610 974 natum
1643 942 1686 973 de
1720 952 1760 973 eo
1786 939 1967 972 vaticinati
1990 945 2091 978 sunt,
2123 945 2156 971 et

1167 989 1369 1022 testimonio
1394 1002 1457 1023 suo
1480 1003 1544 1024 nos
1570 992 1791 1026 confirmant.
1844 990 1966 1035 Neque
1988 1001 2070 1022 vero
2094 989 2156 1021 de-

1167 1046 1217 1072 est
1241 1040 1353 1073 victus
1376 1041 1461 1084 piis,
1489 1043 1625 1075 tametsi
1649 1042 1751 1085 impii
1772 1042 1904 1086 ubique
1928 1040 2072 1084 cupiant
2098 1050 2156 1072 eos

1166 1091 1323 1133 perditos
1338 1103 1424 1133 esse,
1446 1091 1524 1124 ideo
1538 1104 1653 1125 secum
1673 1093 1711 1124 in
1727 1104 1808 1136 pera
1826 1092 1954 1135 piscem
1974 1103 2011 1123 ac
2028 1101 2155 1134 panem

1165 1141 1264 1183 gerit.
1291 1140 1399 1174 Vides
1418 1154 1522 1187 quam
1543 1149 1622 1186 apte
1640 1143 1674 1175 in
1689 1140 1752 1175 hac
1770 1143 1905 1186 pictura
1921 1141 2155 1183 significatum

1165 1191 1228 1232 sit,
1254 1192 1393 1236 qualem
1419 1204 1511 1233 esse,
1543 1200 1575 1225 et
1598 1194 1684 1237 quid
1708 1194 1881 1226 sustinere
1910 1190 2155 1225 Christianum

1165 1253 1204 1274 ac
1220 1243 1408 1286 praecipue
1425 1244 1605 1276 doctorem
1616 1242 1800 1286 Evangelii
1817 1249 1986 1287 oporteat.
2022 1240 2153 1274 Merito

1165 1292 1273 1334 igitur
1289 1293 1429 1326 laudata
1448 1299 1496 1325 est
1517 1294 1645 1337 imago,
1673 1295 1757 1327 etin
1776 1294 1941 1327 omnilius
1959 1293 2049 1336 picta
2068 1299 2157 1324 tem-

1165 1343 1254 1386 plis,
1281 1355 1354 1375 non
1372 1350 1410 1376 ut
1428 1356 1490 1387 per
1507 1345 1793 1388 superstitionem
1815 1344 2008 1383 coleretur,
2037 1342 2094 1375 sed
2117 1348 2156 1374 ut

1164 1405 1228 1426 nos
1247 1395 1453 1428 admoneret
1472 1402 1675 1428 nostrorum
1694 1394 1944 1439 periculorum.

1481 1505 1540 1538 De
1566 1502 1832 1538 schematibus.

1267 1579 1383 1623 Supra
1401 1579 1472 1612 (lixi
1493 1580 1610 1613 vocari
1630 1578 1790 1623 Tropos,
1819 1590 1897 1612 cum
1924 1578 2020 1611 vocis
2044 1576 2155 1620 signi-

1164 1630 1280 1663 ficatio
1306 1631 1350 1663 ad
1376 1631 1532 1663 vicinum
1559 1631 1728 1676 quiddam
1754 1631 1982 1669 transfertur,
2016 1634 2054 1661 ut
2076 1639 2154 1660 cum

1166 1682 1271 1724 vulgo
1290 1681 1442 1714 dicimus
1458 1694 1595 1714 crucem
1615 1694 1679 1725 pro
1698 1681 1906 1714 calamitate.
1939 1679 2006 1713 Sed
2030 1679 2154 1723 σχῆμα

1165 1739 1216 1766 est
1231 1739 1364 1775 gestus,
1389 1733 1427 1764 in
1449 1744 1519 1776 quo
1538 1745 1610 1765 non
1628 1739 1678 1765 est
1697 1743 1834 1764 necesse
1859 1730 1954 1763 vocis
1979 1729 2155 1771 significa-

1165 1782 1298 1816 tionem
1316 1784 1457 1823 mutari,
1473 1789 1511 1816 ut
1528 1795 1605 1816 cum
1626 1783 1837 1825 dicitpoeta:
1862 1780 1955 1813 Tuta
1970 1780 2154 1823 frequens-

1166 1845 1233 1877 que
1261 1835 1318 1866 via
1344 1841 1393 1866 est
1419 1844 1480 1876 per
1504 1833 1606 1865 amici
1632 1832 1753 1864 fallere
1777 1843 1928 1874 nomen,
1965 1829 2058 1863 Tuta
2084 1830 2156 1861 fre-

1165 1894 1348 1927 quensque
1376 1884 1457 1915 licet
1476 1883 1519 1915 sit
1539 1883 1592 1915 via
1612 1882 1746 1915 crimen
1766 1879 1882 1916 habet.
1935 1879 2003 1916 Hic
2020 1879 2154 1923 ubique

1165 1934 1339 1966 retinetur
1367 1934 1510 1977 propria
1534 1934 1724 1965 verborum
1754 1931 1981 1975 significatio,
2015 1937 2045 1963 et
2072 1942 2152 1962 cum

1165 1995 1219 2017 res
1233 1984 1309 2017 sine
1328 1985 1539 2028 repetitione
1558 1984 1626 2016 dici
1646 1983 1825 2027 potuisset,
1845 1990 1961 2015 tamen
1980 1981 2058 2024 plus
2074 1992 2154 2023 gra-

1165 2035 1233 2067 tiae
1249 2032 1355 2068 habet
1372 2035 1484 2068 oratio
1502 2042 1648 2079 propter
1665 2034 1925 2077 repetitionem.
1978 2029 2153 2065 Rhetores

1165 2086 1369 2130 partiuntur
1389 2084 1564 2119 schemata
1590 2086 1627 2117 in
1658 2081 1828 2128 σχήματα
1854 2081 1978 2122 λέξεως
2005 2088 2037 2114 et
2066 2077 2153 2124 σχή-

1163 2149 1265 2181 ματα
1281 2134 1465 2177 διανοίας,
1491 2135 1581 2169 Nam
1598 2135 1684 2168 alias
1699 2135 1735 2167 in
1753 2135 1870 2179 positu
1889 2133 2075 2165 verborum
2095 2143 2152 2174 ge-

1165 2194 1238 2221 stus
1265 2193 1337 2228 est,
1366 2187 1453 2220 alias
1470 2194 1586 2230 gestus
1604 2193 1654 2220 est
1670 2186 1798 2219 mentis
1816 2185 1932 2229 potius
1950 2194 2054 2226 quam
2072 2192 2151 2214 ver—

1164 2238 1305 2273 borum.
1362 2237 1491 2272 Gestus
1510 2244 1558 2271 est
1582 2238 1621 2270 in
1647 2243 1783 2275 mente,
1811 2242 1849 2268 ut
1875 2246 1951 2267 curn
1979 2231 2152 2275 significat

1164 2289 1292 2334 aliquis
1314 2302 1350 2323 se
1372 2289 1554 2327 dubitare,
1589 2300 1624 2321 se
1650 2287 1784 2320 mirari.
1837 2285 1910 2331 Nos
1934 2283 2060 2316 omissa
2086 2280 2151 2315 hac

1164 2340 1286 2373 subtili
1306 2352 1345 2373 ac
1361 2340 1458 2373 tenui
1475 2339 1685 2384 partitione,
1713 2345 1782 2371 tres
1797 2337 1987 2379 figurarum
2006 2333 2151 2366 ordines

1163 2391 1344 2424 faciemus.

1266 2459 1407 2492 Primus
1425 2458 1572 2491 omnino
1588 2456 1630 2489 ad
1651 2455 1895 2498 grammaticos
1916 2452 2081 2497 pertinet,
2107 2452 2151 2484 de

1164 2510 1234 2542 situ
1254 2511 1461 2548 verborum,
1488 2514 1547 2540 aut
1566 2508 1609 2539 de
1627 2503 1785 2549 emphasi
1809 2518 1848 2538 ac
1872 2505 1949 2538 luce
1974 2503 2150 2542 vocabuli,

1163 2559 1210 2594 Et
1228 2562 1270 2594 ad
1289 2559 1384 2593 hunc
1400 2558 1562 2591 ordinem
1581 2557 1685 2600 tropi,
1714 2569 1854 2602 quoque
1872 2554 2058 2600 pertinent,
2087 2552 2150 2597 qui

1165 2610 1346 2654 excogitati
1377 2615 1478 2647 sunt,
1518 2613 1555 2640 ut
1588 2619 1644 2640 res
1675 2608 1773 2653 quasi
1797 2608 1889 2652 picta
1915 2605 2149 2639 similitudine

1164 2663 1315 2706 quadam
1335 2661 1432 2693 fieret
1448 2657 1631 2692 illustrior.
