2379 2948
219 137 317 173 1121

215 221 371 257 subiecta
391 229 463 266 est,
490 224 572 270 quia
588 222 685 259 Deus
710 224 848 270 sapiens
864 232 897 260 et
915 225 1027 260 iustus
1042 228 1118 263 vult
1133 225 1204 262 Ec-

213 273 357 307 clesiam
389 276 652 309 commonefieri
684 276 816 310 talibus
844 277 1135 320 castigationibus
1159 281 1203 313 de

212 335 274 358 sua
300 324 459 365 iusticia,
491 333 526 360 et
551 327 602 360 ira
625 327 792 360 adversus
823 335 1024 372 peccatum,
1058 337 1202 375 propter

210 387 316 420 quam
339 377 429 410 iram
452 383 484 411 et
502 377 615 411 Filius
640 377 677 410 fit
703 377 863 419 victima,
890 379 926 411 id
946 391 1018 412 non
1036 382 1200 415 conside-

209 434 367 472 raretur,
394 428 424 462 si
442 429 517 462 ulla
532 429 631 462 fieret
647 425 826 461 Ecclesiae
844 430 1039 473 castigatio.

310 485 538 521 Concurrunt
554 493 670 521 autem
688 487 819 520 multae
835 500 976 529 causae,
1004 491 1049 524 de
1067 489 1197 536 quibus

206 536 293 570 alibi
313 538 501 572 dicendum
517 545 578 572 est.
631 535 777 571 Interim
795 545 911 572 tamen
938 547 971 574 et
990 540 1026 574 in
1043 539 1108 576 hac
1126 541 1195 576 vita

206 600 334 633 corpus
357 587 534 622 Ecclesiae
559 595 736 629 servatur,
759 596 798 623 ut
823 602 961 635 semper
985 592 1097 638 aliqui
1124 592 1195 627 sint

205 640 410 684 superstites
441 641 602 673 custodes
634 637 839 683 Evangelii,
876 654 958 676 vere
989 643 1194 678 invocantes

203 689 337 734 Deum,
375 690 468 724 iuxta
495 691 602 724 illud:
659 689 739 724 Non
766 693 899 726 mortui
933 694 1133 729 laudabunt
1160 701 1194 729 te

202 739 368 776 Domine.
427 740 473 775 Et
506 742 559 774 illi
592 741 659 786 ipsi
692 742 753 787 qui
778 743 1060 787 interficiuntur,
1094 746 1192 790 prius

201 792 330 826 multas
344 792 570 826 liberationes
588 793 831 838 experiuntur,
856 802 893 828 ut
910 803 1004 829 certo
1023 804 1192 838 statuant,

199 840 314 876 Deum
336 843 374 876 in
402 841 559 877 Ecclesia
585 852 804 888 praesentem
831 858 922 890 esse,
958 854 989 881 et
1013 848 1192 883 celebrent

199 893 370 928 beneficia
385 894 456 928 Dei
473 895 751 929 innumerabilia
769 909 848 931 cum
867 898 947 931 aliis
964 898 1116 935 Sanctis.

440 980 701 1027 Dispositio
730 995 953 1020 versuum.

298 1046 418 1081 Prima
435 1061 515 1092 pars
526 1049 656 1083 Psalmi
675 1051 832 1084 narratio
850 1058 899 1084 est
917 1050 1069 1091 sceleris,
1082 1062 1187 1096 quam

194 1098 240 1133 ab
263 1099 512 1142 obiurgatione
540 1113 684 1135 exorsus
711 1109 777 1135 est:
813 1098 920 1147 Quid
938 1100 1123 1148 gloriaris
1148 1100 1187 1134 ίη

195 1147 351 1183 malicia
374 1150 561 1196 tyranne?
586 1151 624 1185 ld
641 1160 710 1192 est,
738 1153 824 1198 quid
841 1153 896 1185 vel
917 1154 1063 1186 confidis
1080 1153 1188 1185 mini-

193 1202 323 1239 tando,
349 1209 387 1235 ut
406 1200 544 1236 Pharao
563 1203 675 1237 elatus
692 1204 818 1237 fiducia
835 1215 918 1237 suae
936 1204 1111 1248 potentiae
1131 1215 1187 1237 se-

192 1251 377 1286 curissimo
404 1253 523 1287 animo
548 1255 742 1288 contemnit
768 1256 938 1299 populum
970 1255 1094 1288 Isra‘e'l:
1129 1255 1184 1288 vel

192 1302 279 1348 quid
297 1303 436 1337 laetaris
454 1314 486 1338 et
503 1303 702 1349 triumphas
719 1313 796 1350 post
813 1312 1051 1349 perpetratum
1063 1306 1185 1347 scelus,

189 1360 229 1388 ut
244 1354 396 1387 laetatur
410 1353 584 1389 Herodias
602 1356 785 1389 interfecto
802 1355 973 1401 Baptista.

288 1411 382 1446 Huic
398 1420 514 1447 autem
532 1414 803 1457 interrogationi
822 1415 1089 1458 responsionem
1109 1422 1182 1448 tex-

186 1469 243 1498 tus
261 1464 377 1505 addit,
404 1464 503 1510 quasi
519 1465 633 1504 dicat,
659 1466 789 1500 frustra
808 1466 973 1507 confidis,
1000 1474 1034 1501 et
1052 1467 1181 1500 frustra

183 1512 395 1559 triumphas.

285 1573 454 1620 Sequitur
465 1573 686 1623 αἰτιολογίαε
714 1573 817 1623 Quia
828 1574 1082 1610 misericordia
1091 1574 1180 1618 Dei,

189 1626 363 1670 promissa
383 1623 582 1671 Ecclesiae,
609 1627 775 1661 defendat
798 1640 891 1668 eam,
925 1634 959 1661 et
993 1640 1058 1660 nos
1085 1628 1179 1672 ipsos

185 1677 224 1710 in
241 1689 280 1710 ea
298 1676 462 1713 servabit.
513 1677 706 1712 Sciendum
724 1678 818 1711 enim
842 1685 892 1712 est
909 1678 1047 1724 quoties
1074 1679 1178 1713 mise-

184 1728 360 1762 ricordiae
394 1728 528 1762 mentio
562 1729 618 1767 fit,
661 1729 913 1773 promissiones
941 1730 1178 1773 respiciendas

185 1790 274 1813 esse:
305 1779 389 1813 item
405 1780 628 1823 cogitandam
646 1791 719 1813 esse
734 1780 931 1813 doctrinam
949 1782 992 1813 de
1008 1781 1087 1820 fide,
1116 1792 1176 1825 spe

186 1836 219 1864 et
233 1830 459 1865 invocatione
476 1830 661 1876 aliquoties
679 1843 785 1876 supra
804 1831 997 1875 repetitam.

288 1890 378 1923 Tres
396 1898 580 1936 sequentes
597 1902 718 1924 versus
736 1897 884 1924 narrant
910 1897 944 1924 et
968 1897 1176 1934 exaggerant

184 1941 315 1980 scelus,
344 1947 376 1974 et
400 1941 436 1974 in
464 1941 587 1986 primis
612 1940 679 1975 hoc
704 1942 966 1975 observandum
985 1949 1053 1981 est,
1080 1943 1176 1987 quod

184 1992 285 2027 dolos
302 2000 335 2026 et
352 1992 548 2026 calumnias
566 2000 715 2031 accusat,
739 1993 821 2037 quia
843 1993 916 2037 ipse
934 2005 1017 2026 nece
1038 1993 1175 2027 tristius

183 2050 254 2084 est,
282 2044 377 2088 quod
400 2043 500 2088 impii
523 2044 661 2087 fingunt
686 2050 885 2088 praetextus
913 2041 1078 2078 honestos
1103 2044 1176 2078 suis

183 2097 276 2128 ⁰d¹¹⁵
308 2101 341 2128 et
375 2094 574 2136 fur⁰¹⁸¹b¹¹⁵³
612 2102 645 2128 et
679 2093 868 2139 5ΟΡῙῙΜΜΞ
900 2102 1030 2128 ornant
1064 2096 1174 2129 muna
1201 2115 1203 2144 ἒ
1230 2114 2022 2159 erudiamusnoscogitationeexemplorumet
2035 2117 2223 2159 dictorum,

816 2145 905 2181 Item
928 2146 1066 2190 fingunt
1090 2147 1176 2181 salsa
1201 2148 1203 2165 ²

182 2152 270 2180 tetra
298 2152 330 2179 et
347 2146 544 2189 perniciosa
568 2146 762 2181 mendacia.

182 2197 365 2240 dogmata,
394 2203 433 2230 ut
451 2209 545 2230 nunc
566 2198 701 2231 faciunt
717 2198 1000 2242 praestigiatores
1018 2198 1176 2243 quidam,

182 2248 244 2294 qui
261 2248 389 2281 abusus
398 2246 528 2281 Missae
545 2255 578 2282 et
597 2249 859 2283 invocationem
878 2255 1100 2283 mortuorum
1119 2261 1174 2282 re-

182 2299 345 2334 stituunt.

285 2357 455 2404 Sequitur
476 2359 703 2394 comminatio
727 2371 922 2405 poenarum
949 2366 1174 2394 aeternarum

181 2417 216 2444 et
232 2410 489 2454 praesentium,
517 2417 550 2443 et
574 2411 743 2445 inseritur
764 2411 926 2445 doctrina
941 2412 984 2445 de
1002 2412 1173 2456 exemplo,

181 2460 292 2496 Cuius
311 2473 444 2506 poenae
463 2462 634 2506 exemplo,
661 2462 795 2507 inquit,
822 2463 1062 2497 firmabuntur
1078 2463 1176 2505 iusti,
1201 2476 1203 2480 ’

181 2519 215 2547 et
245 2512 474 2546 celebrabunt
505 2510 567 2546 has
601 2513 846 2555 liberationes,
881 2521 914 2549 et
938 2513 1014 2548 Deo
1047 2514 1175 2558 gratias
1201 2531 1203 2547 ;

180 2571 296 2608 agent.

285 2622 456 2669 Sequitur
472 2621 664 2662 ἀντίθεσις
675 2635 765 2669 quae
781 2630 830 2658 est
846 2625 1041 2660 consolatio
1059 2632 1174 2660 sumta

180 2687 222 2709 ex
239 2676 552 2719 promissionibus:
588 2673 675 2720 Ego
693 2686 766 2708 non
786 2672 948 2716 delebor,
974 2678 1031 2710 sed
1056 2690 1175 2711 serva-

180 2726 247 2760 bor
273 2726 312 2759 in
336 2727 441 2760 domo
467 2727 551 2767 Dei,
580 2734 613 2761 et
637 2738 695 2760 ero
723 2738 785 2759 ceu
809 2726 885 2760 olea
912 2726 1029 2761 virens
1052 2740 1090 2762 ac
1107 2728 1174 2762 flo-

235 2780 411 2810 Mamm.
443 2781 545 2812 Oeen.
571 2780 654 2810 Von.
685 2778 777 2810 XllI.

850 139 915 176 ΙΧ.
966 137 1331 178 COMMENTARII
1358 141 1409 179 IN
1432 142 1674 184 PSALMOS.

2166 154 2263 191 1122

1260 240 1359 267 rens,
1388 241 1459 263 non
1477 239 1581 266 erunt
1598 231 1690 267 irriti
1705 232 1774 266 mei
1790 232 1941 274 labores,
1968 236 2026 269 sed
2043 236 2081 270 in
2098 234 2163 272 hac
2179 240 2250 275 vita

1256 281 1453 324 proderunt
1470 279 1668 325 Ecclesiae,
1694 296 1767 317 non
1781 285 1983 320 abolebitur
1998 299 2074 322 mea
2088 289 2248 325 doctrina

1255 343 1330 364 non
1349 332 1527 365 delebitur
1545 345 1621 368 mea
1639 335 1842 378 posteritas:
1869 348 1931 381 ego
1950 344 1984 372 et
2003 351 2099 372 nunc
2114 340 2246 375 libera-

1254 383 1336 426 bor,
1373 389 1404 416 et
1420 383 1549 416 deinde
1566 385 1603 417 in
1625 392 1696 420 tota
1713 387 1919 421 aeternitate
1943 401 2015 422 una
2034 390 2135 424 fruar
2159 404 2246 426 con-

1252 433 1439 467 suetudine
1471 441 1504 468 et
1537 435 1650 477 gloria
1675 434 1854 471 Ecclesiae
1878 437 1956 475 Dei.
2019 439 2115 475 Haec
2149 443 2243 477 bona

1251 484 1371 517 omnia
1410 496 1500 530 quae
1537 494 1619 521 sunt
1654 488 1862 531 praecipua,
1896 491 2143 534 complectitur
2176 491 2243 528 hoc

1250 535 1349 568 brevi
1364 536 1476 570 dicto:
1505 533 1592 581 Ego
1608 549 1668 571 ero
1686 542 1724 571 ut
1742 537 1822 572 olea
1842 538 1881 572 in
1899 537 2006 574 domo
2021 540 2110 578 Dei.

1349 602 1520 649 Sequitur
1544 603 1765 652 αἷτιολογίαε
1800 603 1903 652 Quia
1925 619 2029 654 spero
2054 609 2093 642 in
2116 608 2241 645 Deum

1248 650 1286 685 in
1305 653 1407 687 omni
1420 653 1650 695 aeternitate,
1679 657 1806 690 invoco
1824 657 1958 698 Deum,
1987 667 2020 694 et
2044 661 2088 693 ab
2113 673 2152 695 eo
2181 674 2240 696 ex-

1219 704 1222 748 Ξ
1247 711 1347 747 pecto
1370 706 1541 740 auxilium
1566 707 1603 739 in
1628 704 1693 740 hac
1715 719 1818 741 causa
1850 715 1883 742 et
1915 710 2154 753 confessione,
2189 714 2233 747 ad

1218 753 1221 813 Ξ
1246 767 1351 800 quam
1369 769 1424 789 me
1441 757 1593 799 vocavit,
1623 765 1656 792 et
1674 758 1711 791 in
1730 770 1798 804 qua
1817 770 1878 802 ego
1896 760 1928 792 ei
1946 762 2075 797 servio.

1347 822 1388 856 ln
1407 824 1533 857 ultimo
1550 836 1653 858 versu
1670 823 1906 869 epiphonema
1925 828 2028 862 estde
2043 829 2235 872 gratiarum

1244 873 1381 907 actione
1403 881 1436 908 et
1460 875 1695 910 celebratione
1719 877 1833 910 divini
1865 878 2042 920 beneficii,
2075 881 2237 916 adfirmat

1215 913 1219 980 Ξ
1243 936 1277 957 se
1301 923 1376 958 Deo
1402 926 1529 969 gratias
1558 934 1720 962 acturum
1746 940 1818 961 esse
1846 940 1909 972 pro
1930 926 1994 963 hac
2012 930 2236 975 liberatione,

1243 987 1390 1021 eamque
1406 977 1664 1011 celebraturum
1684 990 1756 1012 esse
1772 979 1809 1012 in
1828 987 1928 1014 coetu
1946 980 2168 1023 Sanctorum,
2197 991 2236 1019 ut

1243 1024 1309 1060 hoc
1334 1028 1492 1072 exemplo
1513 1029 1710 1063 confirmati
1736 1043 1809 1063 non
1834 1031 2044 1074 frangantur
2068 1032 2104 1065 in
2129 1046 2234 1067 aeru-

1214 1069 1217 1122 Ξ
1243 1078 1352 1119 mnis,
1378 1080 1436 1112 sed
1464 1080 1632 1114 obediant
1656 1082 1753 1121 Deo,
1780 1089 1813 1115 et
1843 1089 1964 1125 petant
1988 1095 2026 1116 ac
2052 1092 2233 1128 expectent

1214 1145 1215 1148 ¹
1242 1129 1488 1163 liberationem
1506 1131 1601 1164 iuxta
1618 1129 1684 1164 Dei
1704 1132 1903 1168 consilium.
1952 1131 2120 1168 Ostendit
2137 1137 2232 1170 enim

1239 1179 1335 1213 Deus
1353 1193 1450 1214 suam
1470 1182 1700 1225 praesentiam
1719 1184 1756 1216 in
1774 1181 1929 1217 Ecclesia
1953 1185 2075 1219 multis
2098 1186 2230 1221 libera-

1240 1231 1419 1272 tionibus,
1445 1239 1477 1266 et
1505 1239 1651 1266 testatur
1676 1245 1713 1267 se
1734 1235 1901 1268 exaudire
1926 1235 2076 1278 gemitus
2099 1244 2131 1270 et
2148 1245 2229 1272 vota

1239 1289 1380 1323 nostra,
1405 1290 1444 1316 ut
1462 1283 1660 1317 invitentur
1685 1285 1747 1318 alii
1772 1287 1815 1319 ad
1842 1285 1966 1326 fidem,
1992 1298 2088 1330 spem
2114 1295 2148 1322 et
2172 1289 2228 1322 in-

1240 1334 1480 1374 vocationem,
1507 1342 1539 1368 et
1567 1336 1613 1368 ob
1632 1333 1693 1367 has
1710 1337 1801 1379 ipsas
1820 1347 1938 1369 causas
1956 1337 2127 1371 celebrari
2142 1337 2228 1374 haec

1238 1383 1407 1418 beneficia
1426 1385 1539 1426 iussit,
1566 1393 1605 1419 ut
1624 1385 1713 1421 Psal.
1727 1386 1761 1419 9.
1776 1387 1923 1420 dicitur:
1951 1386 2094 1421 Exaltas
2112 1402 2167 1423 me
2184 1392 2228 1424 de

1237 1436 1347 1478 portis
1367 1436 1508 1476 mortis,
1531 1443 1569 1470 ut
1585 1438 1797 1470 annunciem
1814 1437 1936 1470 laudes
1952 1444 2029 1471 tuas
2054 1439 2091 1471 in
2117 1442 2227 1483 portis

1236 1486 1327 1518 filiae
1345 1485 1444 1522 Sion.
1473 1485 1523 1520 Ita
1541 1484 1598 1520 hic
1616 1487 1750 1532 inquit:
1778 1487 1919 1521 Bonum
1937 1494 1986 1522 est
2003 1501 2119 1523 coram
2135 1490 2227 1525 San-

1235 1537 1297 1570 ctis
1315 1537 1384 1571 tuis
1398 1545 1432 1572 et
1446 1538 1522 1571 fieri
1537 1538 1621 1571 tales
1645 1538 1893 1578 liberationes,
1920 1546 1954 1574 et
1968 1540 2139 1575 celebrari
2155 1555 2225 1586 eas,

1233 1595 1267 1622 et
1283 1588 1344 1621 alii
1362 1589 1627 1622 confirmentur.

1334 1654 1436 1689 Hanc
1452 1668 1591 1690 causam
1609 1656 1750 1689 finalem
1775 1667 1912 1701 semper
1938 1658 1977 1691 in
2002 1658 2226 1694 liberationi-

1233 1706 1298 1739 bus
1324 1707 1533 1749 cogitemus,
1569 1718 1607 1739 ac
1636 1713 1753 1750 postea
1782 1708 2034 1750 gratitudinem
2066 1711 2224 1745 declare-

1233 1769 1330 1798 mus,
1357 1757 1510 1801 primum
1528 1764 1600 1791 tota
1620 1758 1839 1799 obedientia,
1866 1760 1995 1793 deinde
2011 1767 2043 1794 et
2062 1773 2142 1794 vera
2166 1774 2222 1796 as—

1230 1808 1469 1849 severatione,
1487 1810 1582 1854 quod
1598 1807 1666 1841 Dei
1683 1810 1815 1842 auxilio
1836 1811 1964 1844 servati
1981 1812 2102 1846 simus.
2128 1812 2219 1846 Nam

1231 1859 1334 1893 multi
1358 1859 1463 1893 etiam
1488 1872 1566 1892 cum
1595 1859 1780 1894 manifesta
1805 1860 1871 1893 Dei
1899 1863 2098 1895 testimonia
2122 1863 2222 1897 vide-

1231 1917 1332 1950 runt,
1364 1917 1402 1943 ut
1425 1909 1601 1944 Israelitae
1626 1910 1663 1943 in
1688 1911 1777 1944 mari
1802 1912 1930 1952 rubro,
1962 1920 2079 1947 tamen
2102 1922 2221 1958 postea

1229 1961 1490 1994 obliviscuntur
1506 1960 1590 2002 Dei,
1621 1968 1653 1994 et
1677 1961 1713 1993 in
1734 1962 1838 1995 rebus
1862 1964 2027 1997 secundis
2050 1963 2142 1998 fiunt
2167 1978 2222 1999 se-

1230 2012 1324 2051 curi,
1354 2019 1386 2046 et
1404 2013 1522 2045 frenos
1541 2013 1659 2046 laxant
1678 2012 1953 2056 cupiditatibus,
1981 2021 2015 2048 et
2028 2013 2169 2062 fingunt
2185 2029 2221 2050 se

1230 2075 1310 2096 casu
1341 2070 1496 2097 servatos
1527 2075 1611 2099 esse.
1664 2062 1846 2097 Adversus
1875 2065 1981 2098 talem
2017 2067 2219 2100 coecitatem

1229 2177 1317 2210 quae
1342 2165 1515 2200 divinitus
1541 2166 1666 2199 tradita
1696 2173 1798 2206 sunt,
1833 2179 1872 2200 ac
1904 2174 2079 2201 testantur
2102 2166 2219 2201 Deum

1201 2230 1203 2237 ¹
1229 2223 1387 2250 autorem
1420 2229 1492 2250 esse
1524 2217 1798 2256 liberationum,
1835 2224 1868 2250 et
1898 2217 2022 2251 iubent
2047 2219 2219 2252 declarari

1228 2267 1482 2311 gratitudinem
1517 2267 1554 2301 in
1589 2267 1826 2301 celebratione
1858 2268 2020 2302 beneficii
2057 2275 2089 2303 et
2132 2270 2218 2303 obe-

1200 2336 1203 2380 ,
1228 2319 1394 2355 dientiae.

1330 2385 1425 2419 Haec
1443 2393 1492 2419 est
1515 2397 1651 2419 summa
1669 2386 1861 2419 sententiae
1879 2385 2029 2424 Psalmi,
2055 2386 2117 2431 qui
2144 2399 2219 2421 non

1201 2447 1202 2470 ἢ
1230 2444 1279 2471 est
1297 2439 1469 2471 obscurus
1486 2437 1547 2478 iis,
1577 2437 1637 2482 qui
1655 2449 1750 2470 nunc
1775 2437 1813 2468 in
1838 2437 1929 2470 veris
1955 2437 2141 2470 doloribus
2163 2438 2220 2471 in-

1229 2495 1356 2523 vocant
1371 2487 1485 2521 Deum
1498 2513 1506 2526 ,
1527 2495 1649 2532 petunt
1670 2495 1703 2521 et
1720 2494 1901 2531 expectant
1919 2488 1962 2520 ab
1981 2499 2021 2520 eo
2037 2488 2222 2530 auxilium,

1202 2578 1203 2582 Ἰ
1230 2551 1382 2586 quorum
1414 2539 1607 2583 expectatio
1641 2550 1867 2583 nequaquam
1901 2539 1999 2572 irrita
2031 2539 2117 2579 erit,
2160 2541 2220 2573 sed

1201 2585 1203 2619 ⁴,
1230 2594 1338 2625 erunt'
1352 2590 1418 2634 ipsi
1438 2602 1579 2635 quoque
1600 2589 1696 2623 oleae
1713 2590 1866 2623 virentes
1884 2596 1916 2623 et
1935 2590 2064 2623 feraces
2094 2590 2130 2623 in
2154 2591 2221 2625 do-

1201 2659 1204 2692 Ξ
1231 2655 1287 2676 uio
1306 2641 1465 2675 Domini.

1664 2776 1708 2811 71
