2379 2948
85 87 134 122 97
826 82 870 116 11.

185 169 258 204 Iam
284 177 445 204 revocato
472 170 585 203 calore
612 169 724 208 intro,
752 179 831 200 cum
857 167 970 210 coepit
993 167 1070 200 fieri

83 222 218 262 coctio,
254 221 360 255 simul
386 218 549 254 exhalant
572 230 718 262 vapores
744 217 781 250 in
803 218 1005 259 cerebrum,
1037 224 1070 251 et

82 274 312 319 liquescentes
329 272 517 305 obstruunt
540 275 672 301 meatus
694 279 878 306 sensuum,
907 275 940 302 et
958 268 1069 311 impe—

85 324 190 357 diunt
213 323 375 368 spiritus,
402 333 445 354 ne
470 319 679 353 delabantur
703 318 740 351 in
773 329 917 360 nerv‚os
945 331 1013 364 qua
1033 331 1070 351 re

83 374 218 408 sistitur
237 379 352 406 motus
372 369 504 404 localis.

187 431 239 466 Ita
255 438 338 465 tunc
353 428 458 462 simul
475 427 644 461 iuvantur
662 427 778 472 quiete
796 434 956 469 externa,
983 440 1069 460 ven-

85 483 252 521 triculus,
279 490 382 523 epar,
415 490 493 519 cor,
526 484 559 511 et
583 478 779 513 cerebrum.
841 479 893 511 Ac
918 478 1070 512 iustissi-

85 545 184 567 mum
208 537 258 564 est
281 541 352 562 esse
377 528 494 573 aliqua
518 535 610 562 certa
642 528 846 570 intervalla,
879 529 916 562 in
942 529 1071 575 quibus

86 582 171 617 haec
189 580 374 625 praecipua
395 579 554 612 membra
572 576 727 612 hominis
748 579 962 615 reficiantur.
999 579 1071 613 Nec

85 634 188 668 aliam
206 641 343 664 causam
360 629 480 675 quaeri
498 640 586 673 opus
603 635 671 669 est,
698 642 761 663 cur
781 630 876 664 intro
898 631 994 664 calor
1015 639 1071 663 re-

87 689 247 722 vocetur,
273 680 341 713 nisi
360 680 441 725 quia
459 691 597 713 necesse
613 680 681 713 fuit
697 677 791 714 hunc
812 681 975 714 ordinem
1001 692 1070 713 nu·

87 731 224 767 tritioni
243 731 392 769 servire,
420 737 453 764 et
481 730 518 763 in
542 728 608 763 hoc
636 730 711 774 ipso
743 731 930 765 intervallo
955 743 1015 764 cor
1038 738 1071 765 et

84 783 266 817 cerebrum
284 781 389 816 refici.
442 780 562 824 Quare
580 788 613 814 et
636 780 730 814 intro
754 782 849 815 calor
868 788 1067 821 revocatur,

83 842 117 867 et
132 833 216 867 foris
234 831 348 865 ocium
371 837 432 867 est.

185 890 341 923 Adiuvat
359 895 475 923 autem
492 887 752 922 revocationem
775 889 920 931 caloris,
949 896 980 924 et
996 890 1071 933 ipse

83 941 243 975 defluxus
268 951 440 984 vaporum
461 939 730 984 liquescentium
757 951 796 972 ex
820 941 983 981 cerebro,
1010 940 1070 985 qui

86 1004 166 1026 cum
185 990 350 1025 ambiunt
364 990 514 1023 calorem
532 990 659 1030 cordis,
686 990 885 1024 densiorem
905 991 1070 1024 efficiunt.

87 1044 141 1076 Ac
170 1041 327 1075 revocari
361 1041 511 1074 calorem
541 1041 766 1074 manifestum
798 1048 859 1075 est.
919 1040 1009 1074 Nam
1034 1042 1071 1073 in

85 1105 211 1126 somno
233 1103 379 1135 corpora
396 1091 560 1136 pluribus
584 1091 794 1133 tegumentis
817 1091 988 1134 indigent.
1023 1091 1069 1127 Et

83 1142 316 1187 Hippocrates
334 1142 466 1187 inquit:
506 1138 555 1175 Τὸ
574 1138 667 1186 αἷμα
695 1140 735 1176 ἐν
752 1140 860 1188 ὕπνῳ
877 1142 962 1176 εἵσω
977 1144 1070 1186 μᾶλ-

85 1196 150 1227 λον
166 1189 305 1239 φεύγει.

188 1250 241 1283 De
259 1249 370 1282 causis
389 1249 555 1282 finalibus
573 1261 646 1282 non
664 1256 715 1284 est
732 1251 879 1284 obscura
898 1250 1072 1286 doctrina.

87 1300 250 1336 Sentium
271 1299 375 1332 etiam
399 1299 534 1330 indocti
560 1300 742 1334 manifesta
766 1307 800 1334 et
824 1301 987 1344 ingentis
1011 1302 1072 1334 be-

88 1350 213 1384 neficia
229 1348 355 1382 somni.
408 1346 619 1391 Praecipuae
636 1351 813 1392 potentiae
829 1349 977 1383 humani
995 1363 1073 1384 cor-

85 1400 199 1445 poris,
225 1405 258 1433 et
273 1409 392 1431 earum
411 1409 542 1440 organa
568 1409 692 1432 somno
715 1399 894 1435 iuvantur.
950 1399 1074 1434 Virtus

91 1446 263 1485 nutritiva
287 1449 362 1484 sine
378 1448 509 1481 auxilio
526 1449 640 1481 somni
659 1449 852 1484 coctionem
869 1462 942 1483 non
962 1458 1075 1495 potest

87 1501 265 1547 perficere.
315 1497 368 1533 Ac
384 1498 603 1532 insomnium
622 1506 709 1534 tetra
726 1508 759 1535 et
786 1502 929 1536 exitiosa
953 1502 1073 1535 crudi—

88 1559 142 1587 tas
164 1549 334 1596 sequitur.

191 1608 329 1643 Deinde
347 1619 407 1641 cor
425 1607 501 1641 fieri
519 1607 721 1651 languidius
738 1620 875 1643 necesse
899 1617 968 1651 est,
993 1622 1073 1644 cum

90 1672 206 1706 neque
221 1666 312 1693 recte
331 1658 527 1699 nutriatur,
553 1670 668 1704 neque
686 1659 827 1702 gignere
842 1661 977 1705 copiam
1003 1662 1075 1706 spi-

92 1712 224 1745 rituum
243 1709 511 1743 convenientem
530 1710 655 1752 possit,
683 1710 852 1754 dissipato
875 1712 1000 1745 calore.

192 1768 338 1803 Cerebri
353 1780 433 1801 vero
451 1775 484 1802 et
503 1780 693 1802 nervorum
711 1770 823 1803 virtus
841 1771 999 1804 celeriter
1016 1783 1076 1815 pe-

90 1821 188 1854 nitus
209 1818 445 1861 extinguitur,
471 1819 540 1851 nisi
565 1830 688 1852 somno
711 1820 879 1853 foveatur.
933 1821 1023 1854 Nam
1043 1828 1076 1855 et

93 1871 311 1904 nutrimento
332 1876 364 1903 et
382 1868 572 1911 rigatione,
596 1875 628 1902 et
644 1869 760 1914 quiete
782 1871 964 1904 cerebrum
981 1871 1076 1904 indi-

90 1928 157 1965 get.
191 1918 239 1954 Et
256 1919 475 1962 languefacto
494 1920 648 1958 cerebro,
677 1927 710 1954 et
731 1921 976 1955 deficientibus
1002 1922 1076 1967 spi-

93 1972 239 2008 ritibus,
266 1981 457 2003 nervorum
483 1970 702 2004 debilitatem
729 1971 828 2017 sequi
851 1983 990 2006 necesse
1015 1980 1076 2007 est.

94 2022 194 2056 Sicut
221 2019 453 2065 Hippocrates
483 2020 620 2066 inquit,
661 2021 800 2065 vigilias
829 2022 1079 2057 immoderatas

95 2073 231 2106 adferre
256 2082 411 2115 spasmos
430 2078 462 2105 et
485 2071 747 2116 desipientiam:
796 2070 873 2107 'Eril
891 2071 1078 2121 ἃγρυπνίη

96 2120 263 2167 σπασιιὸς
278 2120 340 2156 καὶ
366 2119 652 2169 παραφροσύνη.

195 2182 268 2216 Nec
283 2181 425 2216 difficile
450 2189 501 2216 est
524 2183 586 2224 iis,
614 2181 676 2228 qui
700 2193 773 2215 non
797 2194 942 2226 prorsus
966 2182 1080 2227 ignari

99 2239 181 2268 sunt
198 2230 374 2278 physices,
401 2245 543 2267 cernere
567 2244 705 2274 causas,
732 2244 794 2266 cur
818 2233 1081 2278 intempestivas

98 2291 132 2318 et
155 2283 403 2317 immoderatas
424 2284 562 2327 vigilias
589 2284 709 2327 magni
736 2289 770 2317 et
789 2285 862 2317 sevi
887 2285 1004 2319 morbi
1030 2297 1083 2318 se-

97 2341 264 2381 quantur.
318 2332 437 2376 Quare
462 2335 705 2380 unusquisque
728 2345 763 2368 se
786 2335 1016 2377 adsuefaciat,
1045 2343 1084 2370 ut

101 2384 222 2419 ordini
263 2391 408 2417 naturae
444 2386 678 2430 obtemperet,
721 2392 814 2419 amet
840 2386 1082 2431 tempestivam

103 2436 276 2481 quietem,
304 2441 337 2467 et
361 2445 436 2467 eam
452 2436 543 2468 tueri
565 2437 714 2470 studeat.
766 2435 859 2469 Nam
882 2438 925 2470 ad
950 2443 1085 2470 coetera

101 2486 193 2519 mala
212 2482 279 2518 hoc
305 2496 446 2529 quoque
466 2486 597 2520 accedit
612 2492 755 2530 propter
770 2486 1015 2521 immoderatas
1032 2487 1087 2520 vi-

104 2536 216 2579 gilias,
240 2542 280 2569 ut
298 2535 467 2579 paulatim
485 2545 627 2570 somnus
644 2548 788 2581 prorsus
801 2538 999 2580 amittatur,
1025 2539 1088 2571 de-

105 2587 243 2620 bilitate
261 2585 450 2619 ventriculi
469 2592 502 2619 et
517 2586 660 2619 cerebri.
700 2586 858 2621 Sciamus
876 2589 984 2632 igitur
1008 2589 1089 2622 dul-

108 2637 264 2670 cissimos
280 2636 488 2678 versiculos,
514 2636 576 2680 qui
593 2648 631 2669 ex
651 2635 851 2671 Menandro
867 2639 1030 2681 citantur,
1057 2645 1090 2673 et

159 2686 343 2720 lunum-11.
371 2689 475 2720 orn.
501 2688 586 2720 Vox..
613 2687 707 2720 XIII.

922 80 1072 117 LIBER
1097 79 1167 116 DE
1194 81 1320 118 ANIM
1322 83 1365 120 A

2061 89 2108 124 98

1125 177 1309 200 causarum
1330 168 1551 212 cogitatione,
1576 176 1616 203 ut
1633 166 1796 216 physicos
1811 172 1921 211 decet,
1948 185 2012 206 nos
2022 185 2107 206 con-

1123 215 1321 257 firmemus,
1348 226 1387 252 ut
1402 226 1549 252 naturae
1565 220 1726 253 ordinem
1743 221 1894 256 libenter
1910 229 2091 257 tueamur:

1122 315 1137 351 I
1291 286 1386 310 υπνος
1408 274 1521 315 πίφικε
1545 274 1690 315 σώματος
1713 278 1859 319 σωτηρίως

1140 323 1228 350 tem:

1291 363 1387 401 ὕπνος
1404 365 1438 396 δὲ
1461 366 1553 398 πᾶσιν
1576 367 1656 398 ἐστὶν
1679 368 1763 409 {yda
1786 371 1867 408 βίου.

1276 469 1352 503 Dic
1376 470 1656 504 Aristotelicum
1682 470 1945 517 definitionem.

1225 541 1379 576 Somnus
1398 550 1447 576 est
1463 544 1561 589 quies
1586 544 1754 589 principii
1781 557 1964 589 sensuum,
1991 560 2050 583 seu
2067 556 2106 584 ut

1124 592 1329 627 Aristoteles
1345 591 1700 652 loquitur,719wtov
1718 595 1951 640 αἰσθητικοῦ.
1981 598 2021 632 ln
2040 597 2105 634 hac

1124 643 1360 687 descriptione
1377 645 1405 677 si
1421 646 1603 678 cerebrum
1628 645 1885 689 intelligeretur
1910 658 1982 681 esse
2005 652 2104 694 πρῶ-

1123 706 1189 728 τοι
1212 693 1451 740 αἶσθντικὸν,
1477 708 1550 729 non
1577 696 1762 730 dissideret
1785 703 1887 730 autor
1909 709 1928 731 a
1951 700 2107 735 coeteris.

1124 745 1191 779 Sed
1209 745 1415 780 tristoteles
1433 747 1531 780 addit
1550 747 1653 780 aliam
1675 747 1945 784 enarrationem.
1999 747 2108 783 Intel-

1124 795 1202 838 ligit
1218 798 1368 841 πρῶτον
1386 795 1625 842 αἰσθητικὸν,
1656 796 1727 831 Cor
1743 809 1827 832 esse.
1880 797 1962 832 Non
1983 799 2021 833 fit
2044 811 2108 833 au-

1124 853 1193 879 tem
1210 858 1356 880 somnus
1374 848 1516 892 proprie
1532 848 1702 892 impedito
1720 849 1835 890 corde,
1859 855 1920 883 aut
1940 857 2106 884 cessante.

1124 896 1272 931 Constat
1290 898 1438 931 enimin
1455 910 1579 931 somno
1599 899 1827 942 spirationem
1846 900 1976 941 cordis,
1994 901 2106 934 multo

1124 947 1305 980 fortiorem
1332 960 1421 990 esse,
1457 956 1599 993 propter
1628 950 1782 983 revocati
1808 950 1935 983 caloris
1959 951 2108 994 copiam,

1125 1010 1230 1043 quam
1248 998 1286 1030 in
1304 999 1544 1042 vigilantibus.
1597 1000 1680 1033 Non
1697 1000 1807 1043 igitur
1830 1000 2040 1044 impeditum
2059 1008 2109 1035 est

1125 1061 1202 1089 cor,
1229 1060 1294 1081 nec
1311 1057 1418 1084 cessat
1437 1050 1472 1082 in
1489 1062 1613 1083 somno
1631 1050 1749 1084 nativa
1764 1051 1874 1095 ipsius
1891 1051 1992 1086 actio.

1234 1104 1346 1140 Causa
1364 1114 1479 1141 autem
1496 1107 1625 1141 erroris
1640 1107 1825 1141 Aristoteli
1841 1109 1918 1149 fuit,
1946 1110 2028 1155 quia
2044 1122 2110 1154 pu-

1126 1157 1229 1196 tavit,
1258 1169 1318 1190 cor
1333 1169 1405 1192 esse
1427 1158 1670 1192 immediatum
1696 1158 1912 1203 principium
1936 1167 2051 1194 motus
2075 1168 2110 1195 et

1126 1219 1305 1241 sensuum.
1359 1209 1443 1241 Ideo
1462 1221 1540 1242 cum
1560 1208 1598 1241 in
1623 1220 1747 1242 somno
1765 1217 1897 1244 cessent
1922 1217 2040 1244 motus
2054 1212 2109 1245 lo-

1126 1258 1210 1290 calis
1226 1264 1259 1291 et
1274 1269 1415 1301 sensus,
1443 1259 1591 1302 adfingit
1617 1270 1678 1292 cor
1693 1260 1902 1303 impeditum
1928 1272 2019 1302 esse,
2045 1274 2110 1295 nec

1127 1308 1377 1342 animadvertit
1394 1309 1675 1353 repugnantiam.
1725 1309 1797 1343 Cor
1820 1311 1914 1343 enim
1937 1323 2010 1345 non
2036 1324 2110 1346 ces-

1127 1369 1202 1390 sare
1219 1358 1363 1401 spiratio
1381 1360 1507 1392 sortior
1523 1365 1683 1392 testatur.

1229 1415 1413 1451 Praeterea
1447 1417 1549 1451 nervi
1579 1424 1662 1452 sunt
1698 1419 1840 1463 propria
1874 1419 2109 1456 instrumenta

1127 1478 1294 1500 sensuum
1314 1474 1348 1502 et
1364 1474 1481 1502 motus
1504 1468 1639 1504 localis.
1690 1467 1826 1502 Nervos
1849 1477 1966 1504 autem
1987 1472 2075 1505 oriri
2090 1485 2110 1507 a

1128 1517 1290 1559 cerebro,
1323 1525 1472 1553 testatur
1501 1519 1682 1563 inspectiO.
1744 1519 1829 1553 Ideo
1862 1533 1941 1555 cum
1975 1530 2111 1558 cessant

1128 1579 1293 1601 sensuum
1316 1570 1488 1611 actiones,
1521 1570 1722 1615 quaerenda
1750 1577 1800 1604 est
1825 1583 1926 1606 causa
1952 1574 2110 1617 proxima

1128 1619 1165 1651 in
1182 1620 1339 1654 cerebro.
1391 1619 1486 1654 Hinc
1501 1622 1666 1665 adparet,
1694 1633 1757 1654 cur
1772 1622 1816 1655 ab
1830 1620 2021 1657 Aristotele
2039 1625 2113 1657 dis-

1129 1669 1256 1703 sentiat
1283 1669 1455 1707 Galenus.
1507 1670 1580 1705 Nec
1603 1672 1646 1704 de
1668 1683 1706 1704 re
1731 1672 1914 1707 manifesta
1939 1674 2111 1717 prolixius

1129 1720 1337 1764 disputabo,
1373 1733 1575 1767 quanquam
1601 1734 1619 1754 a
1642 1723 1827 1755 nonnullis
1856 1725 2111 1758 recentioribus

1129 1770 1307 1815 quaesitae
1322 1779 1404 1806 sunt
1418 1772 1624 1816 praestigiae
1641 1773 1685 1805 ad
1711 1774 1947 1807 excusandum
1970 1772 2110 1809 Aristo-

1128 1821 1245 1856 telem.

1233 1878 1298 1913 Illa
1316 1880 1474 1924 quaestio
1492 1881 1653 1914 addenda
1671 1888 1738 1923 est,
1764 1894 1872 1927 quare
1897 1895 1975 1916 cum
1996 1890 2111 1918 motus

1130 1930 1251 1964 localis
1265 1937 1383 1970 cesset,
1411 1938 1621 1965 moveantur
1634 1938 1752 1965 tamen
1768 1933 1806 1965 in
1822 1945 1946 1967 somno
1964 1936 2115 1968 musculi

1130 1979 1285 2016 thoracis
1315 1981 1354 2014 in
1379 1982 1597 2026 spiratione?
1640 1981 1733 2025 Quia
1759 1984 1822 2017 etsi
1851 1985 1937 2018 alibi
1963 1986 2115 2018 musculi

1131 2031 1289 2066 serviunt
1305 2032 1517 2066 voluntariis
1535 2033 1706 2075 motibus,
1733 2040 1852 2067 tamen
1866 2036 2017 2069 musculi
2033 2033 2114 2069 tho-

1133 2082 1222 2116 racis
1241 2089 1431 2116 moventur
1450 2083 1559 2117 mixto
1578 2090 1686 2117 motu.
1741 2083 1874 2118 Partim
1900 2086 1993 2118 enim
2017 2085 2114 2118 cien-

1133 2141 1192 2168 tur
1206 2133 1408 2167 voluntario
1424 2140 1541 2175 motu,
1567 2134 1695 2178 partim
1718 2135 1952 2179 impelluntur
1969 2148 1987 2168 a
2002 2136 2114 2179 spira-

1133 2185 1229 2219 tione
1247 2184 1336 2218 sicut
1350 2184 1474 2218 urinae
1499 2192 1634 2219 meatus
1650 2185 1858 2229 aperiuntur
1880 2197 1953 2219 non
1976 2193 2115 2220 tanturn

1135 2235 1338 2268 voluntario
1353 2242 1471 2277 motu,
1498 2236 1557 2269 sed
1575 2236 1677 2269 etiam
1703 2235 1880 2269 interdum
1899 2236 1936 2269 in
1959 2237 2116 2271 nolenti-

1135 2287 1201 2319 bus
1218 2286 1347 2320 cedunt
1368 2287 1566 2330 erumpenti
1590 2286 1726 2321 urinae.
1785 2284 1826 2318 In
1849 2287 2032 2331 apoplexia
2054 2289 2116 2321 de-

1136 2336 1223 2370 sinit
1248 2336 1413 2380 spiratio,
1451 2338 1533 2382 quia
1563 2337 1655 2369 laeso
1687 2342 1717 2368 et
1740 2343 1905 2380 corrupto
1942 2338 2116 2382 principio

1140 2399 1351 2429 nervorum,
1384 2388 1545 2420 videlicet
1570 2385 1732 2424 cerebro,
1766 2386 1872 2420 simul
1900 2389 2117 2432 extinguitur

1140 2438 1192 2471 vis
1210 2449 1421 2477 nervorum,
1449 2438 1508 2482 qui
1530 2436 1653 2469 directi
1670 2443 1752 2470 sunt
1770 2437 1807 2469 in
1832 2439 2008 2472 musculos
2037 2437 2118 2472 tho-

1141 2488 1241 2523 racis,
1282 2488 1431 2521 Prorsus
1449 2488 1556 2530 igitur
1570 2486 1697 2521 desinit
1715 2494 1842 2524 motus.
1876 2490 1925 2522 At
1944 2490 1981 2522 in
1997 2501 2119 2523 somno

1142 2539 1356 2584 principium
1385 2549 1574 2570 nervorum
1609 2537 1762 2571 suaviter
1787 2547 1981 2581 recreatur,
2016 2552 2122 2585 quare

1143 2601 1222 2623 cum
1239 2589 1340 2621 nervi
1364 2588 1434 2622 sint
1457 2588 1668 2630 incolumes,
1694 2597 1840 2633 possunt
1863 2590 2014 2624 musculi
2040 2591 2122 2623 cieri

1143 2653 1162 2674 a
1182 2639 1383 2684 spiratione·
