2379 2948
79 91 153 127 949
476 87 519 123 V.

77 182 224 210 mortem
244 174 437 209 Alexandri
463 172 544 209 145.
563 174 620 208 die
640 172 697 208 15.
719 173 942 209 Novembris,
995 171 1068 206 De·-

76 228 160 260 inde
184 238 267 259 vero
283 233 360 271 post
379 227 572 259 triennium
590 226 721 269 templo
739 231 942 269 recuperato
954 251 962 265 ,
989 224 1068 258 ido-

76 278 150 311 lum
183 289 305 310 rursus
338 284 494 310 amotum
521 283 552 310 et
579 283 770 309 crematum
794 282 843 308 est
868 287 962 308 anno
989 282 1069 319 post

75 328 270 363 Alexandri
298 336 445 361 mortem
476 326 557 360 148.
585 327 641 359 die
664 339 746 359 vero
772 326 982 359 Novembris
1004 326 1065 360 25.

76 391 147 424 qno
166 386 283 422 postea
299 380 469 412 celebrata
488 384 570 411 sunt
583 376 772 415 Encaenia,
799 389 951 422 quorum
969 390 1067 409 meii-

75 431 126 463 tio
145 431 183 464 fit
199 432 290 475 apud
314 428 519 464 Iohannem.

128 526 175 558 Et
195 525 355 569 populus
377 524 502 567 sciens
518 523 643 555 Deum
659 532 771 556 suum
788 519 1068 567 confortabitur

129 580 167 610 et
188 573 325 621 faciet.
380 575 493 608 Docti
517 577 648 607 autem
672 575 712 607 in
736 574 867 618 populo
888 572 1068 608 docebunt

128 628 282 669 inultos,
310 630 345 659 et
363 624 503 659 cadent
518 627 558 659 in
571 624 695 671 yladio
715 629 752 659 et
766 624 924 672 flamma
943 629 1014 661 etc.

182 700 275 734 Haec
299 705 347 732 est
371 699 559 743 promissio
580 699 818 741 liberationis,
847 700 884 732 in
902 712 968 745 qua
991 700 1067 732 An·
1087 719 1090 725 ι

77 753 173 797 gelus
204 757 349 784 testatur
378 750 452 783 fore
479 751 616 795 aliquos
642 751 787 784 scientes
812 750 925 784 Deum
952 763 1068 789 suum,

78 803 139 850 qui
157 802 224 836 sint
243 802 459 834 adversaturi
478 801 587 834 furori
599 799 787 834 Antiochi:
816 809 847 835 et
864 813 1067 847 quanquam

76 853 179 887 multi
202 852 239 885 in
265 849 332 885 hoc
357 852 434 896 ipso
459 864 607 885 numero
631 852 907 894 interficientur,
935 859 966 886 et
988 865 1069 886 cru-

76 955 122 988 sis
146 952 308 988 hostibus
339 954 581 999 recuperaturi
613 955 683 988 sint
716 955 864 999 patriam
897 961 930 988 et
959 954 1069 988 liber-

75 1012 191 1040 tatem.

179 1064 371 1108 Praecipue
395 1072 511 1098 autem
536 1064 796 1098 observandum
821 1071 870 1099 est
894 1062 1068 1103 hocloco,

75 1116 162 1161 quid
186 1116 227 1149 de
247 1123 395 1161 utraque
414 1122 510 1159 parte
528 1115 659 1149 iudicet
674 1115 788 1158 Deus,
817 1129 922 1161 quam
939 1128 1067 1160 appro-

75 1168 154 1207 bet,
181 1179 285 1212 quam
310 1168 464 1202 damnet.
519 1166 707 1200 Pontifices
731 1174 764 1201 et
790 1167 965 1211 principes
989 1179 1068 1200 cum

77 1218 211 1251 maiore
238 1224 334 1261 parte
358 1218 479 1261 populi
504 1218 762 1261 amplectentur
784 1216 942 1251 ethnicos
968 1218 1069 1258 ritus,

76 1269 210 1303 abiecta
235 1269 309 1311 lege
327 1267 447 1304 Moisi.
501 1269 597 1302 Haec
623 1280 702 1313 pars
724 1269 787 1303 etsi
812 1276 861 1302 est
877 1269 1008 1310 maior,
1036 1275 1068 1301 et

76 1332 194 1354 secum
225 1317 330 1353 habet
361 1320 579 1353 ordinariam
607 1326 831 1363 potestatem,
865 1326 905 1353 ut
931 1326 1070 1360 vocant,

77 1371 113 1404 id
139 1377 207 1411 est,
242 1368 441 1414 pontifices:
478 1377 596 1404 tamen
624 1371 812 1404 damnatur
837 1381 962 1415 supra,
988 1382 1068 1404 cum

76 1421 237 1455 nominat
254 1421 559 1465 praevaricatores,

181 1479 306 1513 Minor
333 1492 412 1524 pars
438 1487 529 1519 erat,
562 1492 650 1525 quae
674 1492 692 1513 a
716 1480 794 1514 Deo
818 1492 882 1514 suo
908 1492 981 1514 non
1007 1481 1071 1514 de-

78 1533 228 1572 fecerat,
262 1531 314 1564 Ac
338 1531 549 1564 nominatim
573 1543 654 1572 suo,
689 1531 824 1576 inquit,
854 1531 890 1565 id
913 1539 979 1572 est,
1008 1532 1070 1577 qui

79 1595 114 1616 se
138 1582 305 1616 revelavit
327 1582 364 1614 in
390 1579 455 1615 lioc
481 1582 557 1626 ipso
575 1583 702 1620 verbo,
730 1584 824 1628 quod
843 1583 991 1616 tradidit
1006 1595 1069 1616 suo

78 1634 229 1678 populo:
268 1630 358 1665 lianc
387 1632 561 1665 minorem
585 1640 719 1677 partem
746 1634 927 1678 approbat.
989 1633 1071 1667 Non

77 1685 187 1728 igitur
210 1685 454 1717 deterreantur
479 1684 527 1728 pii
547 1697 565 1717 a
585 1684 800 1727 professione
819 1697 921 1718 verae
938 1685 1071 1718 doctri-

79 1748 163 1776 nae,
192 1748 270 1768 cum
293 1735 487 1768 adversarii
512 1742 701 1778 opponunt
717 1735 848 1768 iudicia
866 1736 1070 1779 pontificum

79 1795 113 1821 et
138 1786 279 1819 maioris
305 1786 434 1830 partis,
466 1794 504 1820 ut
528 1798 622 1819 nunc
647 1783 713 1819 hoc
737 1793 945 1829 argumento
971 1798 1071 1831 prae-

79 1838 179 1882 cipue
198 1848 454 1881 oppugnamur.

182 1897 390 1932 Memineris
407 1904 438 1930 et
458 1894 541 1937 hoc,
570 1897 664 1942 quod
681 1898 744 1932 ait:
772 1895 876 1931 Docti
895 1898 1073 1932 docebunt

79 1950 222 1984 multos.
276 1948 457 1991 Significat
478 1948 515 1980 iu
534 1948 596 1981 illo
613 1948 688 1993 ipso
707 1949 898 1982 certamine
914 1950 1007 1990 fore,
1034 1955 1073 1983 ut

82 2001 241 2034 doctrina
259 2006 468 2043 repurgetur
486 2006 517 2032 et
534 1999 643 2042 inagis
661 1999 869 2035 illustretur.
916 1999 963 2034 Ut
977 2012 1073 2033 nunc

82 2054 121 2084 in
154 2051 332 2083 acerrimis
364 2048 491 2083 horum
526 2057 724 2094 temporum
757 2051 1071 2094 disputationibus,

81 2102 149 2137 Dei
183 2101 368 2140 beneficio,
420 2101 571 2134 inultum
601 2101 690 2134 lucis
719 2102 860 2135 accessit
891 2102 1073 2136 doctrinae

82 2151 288 2194 Evangelii,
316 2154 410 2196 quod
435 2158 537 2185 antea
563 2153 727 2186 sordibus
746 2150 982 2187 humanarum
1002 2160 1074 2187 tra-

84 2204 263 2238 ditionum
281 2209 312 2235 ct
329 2203 450 2236 multis
465 2203 603 2236 frivolis
619 2216 657 2237 ac
673 2204 792 2247 impiis
807 2204 1075 2249 quaestionibus

84 2251 341 2288 monachorum
359 2254 524 2286 obrutum
542 2261 627 2290 erat.
680 2253 843 2300 Denique
860 2268 937 2288 cum
952 2253 1074 2288 Eccle-

86 2307 136 2340 sia
163 2311 344 2349 putaretur
366 2316 437 2336 esse
462 2316 611 2346 regnum
633 2307 873 2349 pontificium,
901 2318 981 2338 vera
1004 2305 1074 2339 Ec-

85 2357 188 2390 clesia
207 2368 279 2388 non
297 2355 580 2404 agnoscebatur&
601 2356 703 2390 Nunc
721 2357 851 2401 praelia
870 2357 1074 2390 discrimina

85 2408 328 2442 ostenderunt.

189 2466 258 2501 Sed
277 2465 379 2499 multi
398 2465 541 2505 cadent,
571 2465 706 2510 inquit,
734 2467 770 2500 in
789 2467 906 2511 gladio
925 2475 957 2501 et
974 2468 1076 2500 flam-

87 2530 154 2552 ma.
202 2517 273 2550 Nec
290 2523 430 2549 nostrae.
447 2515 549 2549 aetati
566 2516 693 2551 desunt
709 2519 879 2562 exempla.
924 2518 1076 2552 Memini

87 2569 202 2602 virum
229 2568 403 2612 optimum
429 2574 460 2600 et
485 2566 667 2600 excellenti
693 2567 835 2611 ingenio
861 2576 891 2603 et
916 2570 1077 2603 doctrina

87 2620 285 2665 praeditum
298 2646 305 2657 ,
333 2617 527 2651 Henricum
539 2614 848 2661 Sutplianiensem,
876 2633 979 2665 quem
989 2620 1078 2654 Bre-

72 2671 218 2704 ‹mensis
236 2668 402 2714 Episcopi
421 2669 574 2702 ministri
592 2669 833 2703 crudelissime
849 2670 999 2706 interfici
1018 2684 1078 2705 cu·

583 87 633 123 IN
660 86 920 123 DANlELEM
947 85 1263 122 PROPHETAM
1289 86 1705 125 COMMENTARIUS.

2033 90 2110 126 950

1119 179 1306 213 taverunt,
1333 175 1426 218 qnod
1446 175 1481 208 in
1500 173 1655 209 Ecclesia
1674 174 1857 210 Bremensi
1875 174 2108 221 Evangelinm

1119 236 1207 268 pure
1226 225 1412 265 docuerat,
1439 238 1516 259 cum
1537 227 1680 271 quidem
1699 228 1953 262 modestissime
1968 230 2109 263 functus

1120 281 1208 308 esset
1237 286 1300 308 suo
1332 287 1490 312 munere.
1557 276 1603 311 Et
1627 290 1763 322 possem
1787 279 1933 313 recitare
1957 281 2109 314 aliorum

1122 326 1314 359 muliorum
1332 323 1508 360 historias.

1172 429 1216 462 Et
1235 439 1317 462 cum
1330 427 1557 472 ceciderint,
1583 429 1814 466 iuvabuniur
1825 433 1969 467 atcoeilae'o
1978 443 2106 478 parvo.

1172 481 1219 514 Et
1232 480 1345 514 multi
1360 491 1402 513 se
1419 479 1625 527 adiungent
1642 483 1698 515 eis
1714 480 1927 526 fallaciter.

1204 544 1365 579 Declarat
1391 546 1536 580 modum
1560 546 1798 588 liberationis,
1826 555 1857 582 et
1874 550 1972 594 qnasi
1991 551 2111 583 classi-

1121 609 1199 630 cum
1217 597 1311 630 canit
1329 594 1395 638 his,
1423 597 1482 642 qni
1499 596 1979 640 represseruntAntiochum.
2019 600 2109 634 Nam

1122 645 1206 681 liaec
1223 648 1329 681 verba
1345 648 1421 691 pios
1436 654 1626 681 moverunt
1643 649 1685 681 ad
1702 661 1796 682 arma
1813 650 1995 694 capienda.
2025 651 2111 685 Par-

1121 711 1165 732 vo
1193 698 1325 732 auxilio
1350 699 1589 739 invabuntur,
1617 698 1651 731 id
1679 706 1746 740 est,
1773 712 1852 744 pars
1876 701 1930 744 pia
1952 702 2019 735 erit
2035 703 2111 736 sine

1121 749 1314 783 ordinariis
1331 750 1497 790 ducibus,
1526 762 1587 783 nec
1607 747 1750 784 babebit
1769 763 1913 794 magnos
1931 753 2112 793 exercitus,

1121 801 1181 833 sed
1206 807 1309 834 erunt
1335 801 1476 843 exiguae
1498 801 1619 844 copiae
1643 800 1782 844 piorum
1802 808 1835 835 et
1852 802 1997 836 fortium
2017 804 2112 837 viro-

1094 879 1095 886 ,
1121 863 1220 891 rum,
1249 851 1309 897 qui
1332 851 1408 884 sine
1433 851 1615 885 ordinario
1642 852 1789 895 imperio
1810 860 1933 897 sponte
1949 865 2009 886 sua
2027 866 2112 887 con-

76 904 215 938 delibus
240 903 422 948 suppliciis
449 903 664 943 afficientur,
692 910 809 936 tamen
829 905 971 937 tandem
990 903 1068 947 pul·
1094 922 1095 931 κ

1122 909 1263 935 current
1281 903 1323 934 ad
1340 914 1561 936 communem
1582 902 1832 938 defensionem.
1876 904 1972 937 Sicut
1990 912 2021 938 et
2038 912 2112 938 tex-

1122 959 1177 987 tus
1194 953 1309 998 inquit
1328 953 1363 985 in
1383 954 1474 986 libro
1492 952 1783 994 Macfflmeornm,
1809 955 1998 988 nominans
2017 953 2112 990 hunc

1122 1011 1278 1045 coetum,
1307 1004 1545 1042 voluntarios,
1574 1005 1609 1037 id
1627 1011 1693 1043 est,
1722 1005 1783 1049 qui
1799 1016 1859 1039 sua
1876 1013 2009 1050 sponte,
2037 1007 2111 1040 sine

1121 1055 1314 1088 ordinariis
1330 1055 1480 1089 ducibus
1498 1063 1768 1090 concurrerunt·

1224 1116 1309 1151 Post
1332 1117 1485 1150 reditum
1505 1129 1545 1150 ex
1562 1116 1746 1162 Babylone
1766 1129 1875 1162 usque
1893 1120 1936 1151 ad
1954 1117 2020 1152 boc
2036 1120 2113 1153 bel-

1121 1167 1196 1200 lum
1227 1169 1332 1201 duces
1361 1180 1400 1200 cx
1433 1168 1540 1212 stirpe
1568 1167 1682 1201 David
1719 1169 1945 1212 praefuerunt
1981 1171 2112 1214 populo

1122 1218 1197 1251 sine
1221 1219 1325 1252 titulo
1351 1218 1467 1261 regio,
1495 1220 1554 1251 sed
1580 1226 1696 1252 tamen
1722 1220 1908 1253 autoritate
1933 1222 2114 1261 mediocri,

1122 1270 1185 1302 etsi
1211 1271 1252 1302 ad
1272 1276 1466 1303 extremum
1485 1269 1666 1313 pontifices
1684 1271 1890 1303 antecellere
1909 1273 2062 1314 potentia
2081 1279 2115 1306 et

1122 1332 1250 1364 pompa
1283 1327 1485 1363 coeperunt.
1549 1321 1601 1353 Ac
1632 1321 1777 1353 nomina
1809 1322 1938 1354 ducum
1969 1322 2115 1356 illorum

1122 1377 1241 1404 extant
1266 1370 1303 1404 in
1327 1370 1530 1414 genealogia
1554 1368 1708 1409 Christi,
1744 1371 1879 1415 fuitque
1904 1373 2008 1415 paulo
2033 1381 2114 1406 ante

1122 1419 1189 1455 hoc
1216 1421 1349 1455 bellum
1377 1420 1504 1455 Iannes
1531 1422 1621 1461 dux,
1665 1421 1726 1466 qui
1751 1422 1795 1454 ab
1820 1420 1999 1456 Antiocho
2025 1421 2115 1468 Epi-

1124 1470 1239 1517 phane
1265 1473 1302 1505 in
1324 1472 1467 1507 castello
1484 1469 1697 1506 Iericliuntis
1722 1473 1901 1514 obsessus,
1929 1473 1979 1507 ibi
2004 1474 2116 1508 inter-

1123 1524 1232 1557 fectus
1264 1530 1326 1558 est.
1394 1522 1518 1557 Postea
1552 1523 1704 1568 populus
1736 1523 1812 1557 sine
1843 1524 1931 1557 duce
1957 1532 2048 1564 erat,
2083 1534 2116 1560 et

1123 1575 1305 1619 pontifices
1329 1574 1422 1608 inter
1444 1586 1479 1607 se
1501 1574 1693 1608 ambitione
1719 1581 1752 1608 et
1774 1575 1873 1608 omni
1898 1586 2023 1618 genere
2041 1589 2116 1610 sce-

1123 1626 1236 1659 lerum
1256 1626 1447 1661 certabant.

1226 1685 1400 1720 Destituta
1417 1696 1498 1727 ergo
1515 1697 1595 1718 vera
1608 1682 1763 1718 Ecclesia
1779 1685 1969 1719 ordinariis
1986 1687 2116 1730 guber—

1124 1737 1328 1775 natoribus,
1373 1736 1553 1769 concurrit
1584 1734 1764 1769 hortatore
1795 1734 1968 1770 Mathatia
2002 1750 2117 1771 sacer-

1125 1790 1228 1829 dote,
1264 1800 1368 1833 quem
1398 1794 1541 1830 propter
1570 1786 1752 1830 pietatem,
1787 1799 1860 1819 non
1884 1794 2028 1832 propter
2054 1803 2117 1832 po-

1124 1839 1269 1874 tentiani
1295 1845 1355 1872 aut
1380 1850 1482 1881 opes,
1518 1837 1566 1881 pii
1590 1838 1843 1871 reverebantur
1865 1845 1897 1872 et
1921 1841 2118 1883 sequeban-

1125 1898 1193 1926 tur.
1248 1888 1296 1923 Ut
1324 1901 1419 1922 nunc
1451 1900 1531 1921 vera
1555 1886 1711 1921 Ecclesia
1738 1888 1884 1932 privatis
1909 1890 2035 1923 studiis
2063 1892 2118 1924 in-

1125 1948 1243 1974 vatur:
1285 1939 1419 1983 Reges,
1457 1938 1658 1983 Principes,
1693 1937 1861 1983 Episcopi
1895 1949 2118 1984 oppugnant.

1126 1990 1402 2025 Observandum
1427 1996 1476 2023 est
1497 1997 1613 2023 autem
1637 1991 1854 2034 exemplum,
1889 1998 1927 2025 ut
1954 1992 2119 2025 clamori-

1126 2044 1192 2076 bus
1216 2044 1258 2076 de
1281 2041 1461 2076 ordinaria
1489 2047 1655 2084 potestate
1679 2047 1711 2074 et
1730 2041 1773 2074 de
1792 2041 1918 2074 maiori
1938 2049 2035 2085 parte
2053 2056 2118 2087 op-

1126 2101 1289 2139 ponatur.

1228 2151 1335 2187 Utilis
1350 2150 1546 2185 admonitio
1563 2157 1611 2184 est
1625 2150 1663 2183 in
1675 2150 1782 2183 altera
1795 2150 1983 2194 particula:
2008 2151 2119 2185 Multi

1127 2217 1162 2238 se
1186 2204 1355 2247 adiunget
1381 2203 1430 2235 eis
1454 2202 1639 2235 fallaciter.
1700 2200 1860 2234 Alcimus
1884 2202 2039 2244 pontifex
2069 2204 2119 2236 si-

1126 2256 1285 2289 mulabat
1307 2265 1342 2287 se
1367 2266 1440 2287 esse
1462 2252 1613 2286 amicum
1634 2252 1800 2285 exercitui
1822 2253 1979 2296 piorum,
2008 2265 2118 2298 eaque

1128 2306 1356 2340 simulatione
1373 2305 1557 2348 perfidiose
1576 2303 1750 2346 oppressit
1765 2303 1928 2347 deceptos
1945 2303 2036 2336 cives
2048 2331 2056 2341 ,
2085 2312 2119 2339 et

1127 2358 1258 2391 multos
1282 2356 1466 2390 interfecit.
1521 2353 1592 2387 Nec
1618 2353 1766 2386 dubium
1786 2360 1835 2386 est
1854 2354 1993 2388 crebras
2011 2355 2119 2389 fuisse

1128 2408 1342 2442 mutationes
1373 2407 1596 2440 voluntatum
1628 2410 1661 2437 et
1692 2404 1922 2444 defectiones,
1957 2412 1995 2439 ut
2017 2406 2053 2439 fii
2078 2406 2118 2440 in

1128 2459 1294 2492 civilibus
1319 2457 1523 2497 discordiis,
1558 2455 1595 2487 in
1621 2454 1750 2499 quibus
1774 2451 1938 2487 homines
1961 2456 2053 2490 leves
2079 2469 2119 2490 ac

1129 2510 1212 2543 mali
1241 2510 1297 2542 vel
1326 2510 1505 2543 fortunam
1531 2512 1745 2551 sequuntur,
1779 2505 1834 2538 vel
1858 2506 2003 2550 privatis
2025 2508 2119 2542 odiis

1129 2573 1262 2595 morem
1280 2567 1418 2603 gerunt.

1232 2619 1307 2653 Hac
1335 2625 1454 2652 nostra
1479 2623 1588 2651 aetate
1611 2615 1766 2649 vidimus
1790 2615 2002 2649 defectiones
2026 2617 2119 2649 mul-

1131 2679 1248 2706 torum
1282 2676 1483 2715 potentum,
1518 2668 1600 2701 item
1626 2667 1796 2706 aliorum,
1832 2667 1893 2712 qui
1917 2667 2058 2711 publice
2081 2668 2117 2700 in

1550 2714 1632 2753 60*
