2379 2948
1088 585 1140 624 W

527 675 1087 718 EROTEMATUM

1144 672 1698 717 DIALECTICES

891 788 1064 819 LIBER
1114 789 1337 820 PRIMUS.

370 885 466 927 Quid
493 890 549 919 est
580 885 793 920 Dialectica
803 884 821 919 ?

98 955 297 996 Dialectiea
321 967 371 993 est
390 972 445 994 ars
462 972 523 994 seu
542 961 618 999 via,
644 967 757 1002 recte,
782 961 927 1001 ordine,
956 969 988 995 et
1008 974 1086 1005 per-

98 1013 217 1056 spicue
240 1012 408 1052 docendi,
443 1012 538 1056 quod
563 1012 601 1045 fit
625 1019 717 1044 recte
742 1013 962 1053 deliniendo,
996 1012 1087 1044 divi-

98 1063 234 1102 dendo,
274 1069 479 1105 argumenta
513 1074 592 1095 vera
629 1064 890 1102 connectendo,
933 1070 966 1096 et
997 1063 1087 1095 male

98 1110 322 1146 cohaerentia
340 1124 400 1146 seu
417 1113 502 1146 falsa
520 1113 709 1146 retexendo
729 1120 761 1147 et
776 1114 977 1148 refutando.

157 1205 259 1247 Quod
287 1210 344 1241 est
365 1209 563 1303 proprius?
586 1206 820 1281 Dialqectices
844 1219 936 1251 opus
963 1219 1028 1241 seu

494 1269 513 1291 ο
552 1268 685 1292 ictum.

198 1320 327 1357 Recte.
364 1323 507 1360 ordine,
542 1330 574 1356 et
607 1323 791 1367 perspicue
821 1323 957 1356 docere.
1018 1322 1085 1355 Hic

98 1377 229 1416 quanta
247 1371 292 1404 sit
308 1369 415 1404 huius
430 1371 545 1414 operis
564 1371 699 1404 utilitas
715 1379 748 1404 et
771 1374 941 1414 dignitas,
969 1374 1084 1404 consi-

97 1423 250 1456 deretur.
303 1420 394 1455 Cum
418 1419 582 1454 homines
598 1421 786 1465 praecipue
802 1422 937 1455 conditi
953 1422 1024 1455 sint
1043 1423 1085 1454 ad

98 1472 317 1516 agnitionem
343 1470 430 1513 Dei,
458 1473 501 1504 ad
527 1472 746 1506 intellectum
775 1478 807 1505 et
831 1473 944 1505 officia
973 1474 1086 1506 virtu-

99 1531 186 1563 tum,
214 1529 247 1555 et
263 1524 304 1555 ad
322 1522 642 1556 considerationem
662 1529 820 1563 naturae,
848 1524 890 1555 de
908 1520 962 1555 his
981 1524 1087 1557 tantis

98 1573 204 1607 rebus
235 1573 360 1606 docere
388 1571 568 1614 homines,
602 1573 828 1617 praecipuum
860 1574 997 1617 generis
1020 1572 1088 1609 hu-

97 1624 195 1657 mani
214 1635 302 1668 opus
321 1635 392 1657 esse
407 1624 633 1657 manifestum
651 1631 713 1657 est.

202 1681 324 1716 Partes
354 1688 470 1715 autem
500 1680 606 1716 huius
637 1682 754 1726 operis
783 1694 842 1715 seu
869 1682 977 1715 officii
1007 1689 1088 1715 sunt

100 1740 268 1779 quatuor:
296 1732 464 1771 Definire,
490 1733 659 1772 dividere,
683 1739 887 1775 argumenta
906 1744 986 1765 vere
1003 1745 1088 1765 con-

100 1790 257 1823 nectere,
286 1790 318 1816 et
338 1783 428 1816 male
446 1781 670 1816 cohaerentia
689 1794 750 1815 seu
771 1782 858 1815 falsa
883 1783 1088 1824 dissolvere,

101 1841 134 1868 et
154 1834 317 1867 falsitatis
347 1846 448 1867 causa
472 1840 687 1873 monstrata,
716 1839 891 1866 errantem
916 1834 1087 1867 deducere

101 1886 144 1918 ad
171 1896 314 1917 normas
339 1885 580 1925 certitudinis,
612 1896 701 1929 quae
724 1890 897 1916 vocantur
920 1881 1089 1930 κριτήρια

101 1936 143 1968 de
166 1935 295 1980 quibus
321 1935 412 1968 infra
438 1935 612 1976 dicemus,
639 1935 701 1968 uhi
725 1935 906 1968 convictus
932 1935 1031 1968 audit
1054 1947 1089 1968 se

101 1986 221 2019 divina
240 1998 323 2019 voce
338 1986 581 2019 condemnari.

281 2078 384 2115 Unde
408 2091 545 2114 nomen
572 2082 629 2113 est
656 2076 917 2112 Dialectices?

204 2143 340 2180 Latinis
357 2147 482 2180 usitata
500 2145 671 2179 vocabula
688 2151 770 2177 sunt
791 2145 932 2188 disputo
957 2150 989 2177 et
1013 2144 1085 2176 dis—

103 2206 199 2235 sero,
226 2198 319 2239 quod
335 2203 385 2229 est
401 2198 437 2229 in
456 2197 633 2241 colloquio
652 2208 730 2228 cum
748 2195 859 2229 altero
877 2195 1014 2228 collatis
1029 2206 1084 2226 ar-

103 2246 278 2288 gumentis
293 2246 426 2289 placide
441 2247 574 2292 aliquid
595 2258 782 2291 quaerere,
809 2257 870 2279 seu
886 2245 1011 2278 ordine
1028 2257 1084 2277 ex-

103 2295 242 2339 plicare.
297 2296 456 2342 Suntque
472 2295 736 2330 honestissimae
759 2297 810 2329 rei
834 2296 1084 2340 appellationes

103 2344 270 2380 honestae
286 2354 318 2380 et
334 2347 462 2380 dulces.
515 2348 567 2381 Ac
582 2348 685 2390 longe
703 2347 800 2380 aliud
818 2347 1016 2390 significant
1032 2346 1082 2378 al-

104 2397 228 2430 tercari
252 2404 285 2431 et
309 2397 435 2437 rixari,
462 2409 565 2441 quam
590 2399 778 2441 disputare.
829 2397 966 2440 Lingua
993 2395 1082 2429 Ger-

105 2448 241 2482 manica
257 2448 500 2482 altercationes
517 2453 576 2480 aut
589 2448 679 2480 rixas
700 2460 768 2481 una
792 2460 875 2481 voce
899 2447 1082 2480 nominare

105 2505 237 2541 potest,
263 2499 401 2544 ganffien.
456 2497 525 2532 Sed
549 2498 739 2541 disputatio
765 2499 831 2531 alia
856 2509 909 2530 res
927 2504 993 2535 est,
1019 2508 1082 2528 nec

105 2549 252 2592 exprimi
272 2563 344 2584 uno
364 2549 533 2582 vocabulo
550 2546 761 2580 Germanice
779 2556 908 2591 potest,
935 2548 993 2580 sed
1020 2560 1081 2591 po-

107 2605 171 2631 test
188 2601 288 2634 reddi
307 2599 371 2634 hac
388 2596 602 2644 periphrasi,
625 2597 681 2641 sid>
701 2599 761 2632 mit
778 2599 875 2633 tinem
891 2599 1011 2632 auberti
1026 2608 1081 2632 un:

107 2651 256 2686 tetrebcn.

157 2702 332 2734 MELAuru.
363 2704 464 2734 Ormi.
494 2701 575 2731 VoL.
597 2700 691 2732 XIII.

1137 896 1233 923 sero,
1262 883 1298 916 id
1323 882 1469 917 Graecis
1495 890 1545 917 est
1571 882 1809 932 διαλέγομαι,
1837 884 2022 929 colloquor
2046 896 2125 918 cum

1136 935 1205 967 alio
1225 935 1406 968 collocatis
1421 935 1666 979 opinionibus.
1721 934 1808 968 lnde
1827 942 1877 968 est
1898 946 2029 968 nomen
2045 932 2125 969 δια-

1136 983 1296 1030 λεκτικὴ,
1323 985 1422 1018 cuius
1439 986 1467 1019 si
1484 985 1685 1030 quaerimus
1701 983 1949 1019 Germanicam
1967 985 2125 1030 appella-

1136 1036 1288 1075 tionem,
1318 1035 1361 1068 sit
1377 1047 1460 1070 sane
1483 1035 1747 1079 untertcbfunst,
1776 1037 1831 1069 vel
1850 1035 2125 1081 untettidflfunstl

1135 1087 1216 1130 quia
1233 1092 1283 1118 cst
1298 1097 1354 1118 ars
1378 1095 1469 1120 recte
1487 1087 1637 1120 docendi
1655 1087 1764 1120 alium
1777 1114 1785 1126 ,
1811 1093 1976 1132 tanquam
1996 1088 2033 1120 in
2052 1088 2126 1120 col-

1136 1136 1275 1181 loquio,
1311 1136 1348 1168 in
1373 1149 1441 1182 qua
1462 1138 1652 1171 collatione
1676 1145 1966 1180 argumentorum
1989 1138 2124 1183 aliquid

1136 1187 1377 1230 investigatur.

1260 1273 1366 1306 Circa
1384 1283 1475 1317 quas
1490 1283 1552 1306 res
1566 1277 1741 1307 versatur
1757 1273 1997 1309 Dialectica?

1237 1337 1338 1370 Circa
1364 1350 1486 1370 omnes
1517 1340 1679 1370 materias
1713 1351 1772 1371 seu
1806 1340 2046 1383 quaestiones,
2080 1341 2122 1372 de

1136 1387 1265 1432 quibus
1283 1388 1433 1419 docendi
1459 1394 1541 1421 sunt
1566 1386 1753 1428 homines,
1783 1390 1871 1422 sicut
1890 1388 2123 1423 Arithmetica

1136 1444 1297 1470 versatur
1320 1439 1409 1470 circa
1428 1449 1550 1470 omues
1567 1450 1621 1471 res
1639 1441 1885 1473 numerandas.
1936 1438 1984 1473 Et
1999 1452 2122 1483 magna

1136 1488 1298 1530 cognatio
1331 1495 1380 1521 est
1411 1487 1616 1522 Dialectices
1648 1496 1681 1523 et
1712 1488 1975 1525 Arithmetices.
2027 1489 2122 1523 Deus

1137 1539 1269 1572 indidit
1294 1546 1440 1572 naturae
1470 1540 1682 1582 intelligenti
1707 1540 1855 1573 noticias
1879 1551 2119 1579 numerorum,

1137 1596 1176 1624 ut
1193 1602 1248 1622 res
1265 1590 1454 1623 discernat.
1498 1589 1643 1623 Necesse
1660 1597 1710 1624 est
1728 1591 1822 1623 enim
1843 1592 2044 1624 discrimina
2065 1601 2119 1621 re-

1138 1653 1216 1673 rum
1234 1641 1351 1685 aliqua
1376 1641 1538 1682 agnosci,
1565 1653 1629 1674 nec
1652 1641 1771 1674 omnia
1794 1640 2060 1678 confundenda,
2088 1647 2120 1673 et

1137 1692 1175 1723 in
1194 1703 1305 1724 unum
1322 1688 1427 1724 chaos
1445 1691 1622 1724 miscenda
1640 1699 1733 1726 sunt.
1787 1691 1932 1725 Necesse
1951 1695 2001 1721 est
2017 1689 2116 1730 scire,

1136 1742 1232 1775 aliud
1251 1753 1324 1774 esse
1340 1740 1473 1779 Deum,
1499 1741 1594 1774 aliud
1621 1749 1814 1782 creaturas,
1839 1739 1929 1774 aliud
1953 1739 2116 1772 substan-

1137 1793 1219 1832 tias,
1253 1792 1349 1824 aliud
1376 1792 1589 1833 accidentia,
1623 1793 1721 1825 aliud
1752 1804 1824 1825 esse
1850 1788 1983 1827 Deum,
2020 1789 2113 1823 aliud

1137 1840 1273 1876 hostem
1298 1842 1363 1875 Dei
1384 1842 1579 1875 diabolum.
1639 1842 1827 1887 Postquam
1852 1845 1965 1870 autem
1991 1838 2115 1871 Arith-

1137 1893 1260 1925 metica
1286 1892 1486 1925 numeravit
1509 1904 1580 1932 res,
1615 1894 1747 1926 accedit
1771 1888 1976 1928 Dialectica‚
2002 1895 2035 1921 et
2060 1889 2116 1920 di-

1136 1943 1272 1976 stinctis
1288 1943 1393 1974 rebus
1411 1943 1552 1975 nomina
1571 1944 1705 1975 diversa
1723 1947 1753 1973 et
1770 1938 1991 1971 definitiones
2014 1939 2115 1971 attri-

1137 1994 1236 2033 buit,
1263 1993 1400 2037 quaerit
1425 1993 1604 2032 membra,
1634 1996 1761 2034 partes,
1797 2000 1932 2028 causas,
1960 1988 2112 2027 effectus,

1137 2051 1170 2077 et
1192 2044 1258 2075 alia
1286 2055 1374 2087 quae
1396 2044 1574 2075 accedunt.
1636 2039 1770 2072 Deinde
1804 2038 1839 2070 in
1871 2039 2112 2072 ratiocinanda

1137 2095 1317 2138 componit
1339 2091 1576 2130 cohaerentia,
1604 2096 1634 2122 et
1655 2086 1817 2122 distrahit
1833 2089 1981 2122 diversa,
2018 2087 2113 2122 Haec

1136 2157 1154 2178 a
1179 2144 1331 2177 naturali
1357 2145 1433 2176 lnce
1462 2141 1599 2173 initium
1631 2146 1792 2182 sumunt,
1827 2139 1885 2171 sed
1912 2145 2029 2181 postea
2057 2151 2111 2171 ars

1135 2200 1306 2228 monstrat
1334 2202 1458 2232 metas,
1492 2203 1536 2223 ne
1560 2192 1695 2223 aberret
1722 2196 1846 2222 natura
1874 2189 1950 2221 siue
1975 2196 2048 2221 arte
2074 2191 2109 2222 in

1135 2245 1396 2282 ratiocinando,
1421 2249 1459 2275 ut
1473 2242 1575 2274 etiam
1592 2239 1763 2281 ingeniosi
1778 2237 1938 2271 homines
1954 2247 2110 2272 contem-

1134 2302 1225 2328 tores
1241 2294 1336 2332 artis,
1362 2304 1462 2335 saepe
1480 2293 1515 2324 in
1533 2290 1733 2323 definiendo
1753 2289 1864 2321 autin
1882 2291 2108 2322 contexendis

1132 2344 1346 2388 argumentis
1380 2342 1660 2379 hallucinantur,
1696 2347 1733 2372 ut
1769 2339 1859 2371 infra
1893 2339 1928 2370 in
1961 2339 2107 2373 fallaciis

1132 2396 1241 2428 multa
1267 2394 1421 2435 exempla
1449 2393 1649 2425 ostendunt.
1711 2388 1758 2423 Ut
1780 2389 1887 2431 igitur
1909 2401 2029 2422 omnes
2055 2403 2108 2424 res

1133 2451 1291 2479 numerat
1308 2442 1558 2478 Arithmetica,
1586 2448 1617 2473 et
1637 2451 1716 2472 suas
1741 2437 1846 2473 habet
1866 2440 2107 2474 ratiocinatio-

1132 2508 1212 2536 nes,
1239 2502 1277 2528 nt
1296 2495 1331 2527 in
1350 2494 1537 2526 collatione
1555 2490 1843 2533 proportionum,
1871 2502 1948 2523 cum
1971 2503 2038 2523 una
2063 2492 2106 2524 li-

1132 2548 1191 2580 bra
1210 2557 1307 2578 cerae
1324 2545 1434 2576 valeat
1452 2555 1520 2575 una
1540 2539 1722 2581 drachma,
1749 2547 1901 2585 quatuor
1921 2541 2032 2574 librae
2048 2555 2106 2574 va-

1134 2599 1255 2630 lebunt
1275 2603 1426 2639 quatuor
1442 2590 1635 2625 drachmis:
1671 2592 1716 2624 ita
1740 2592 1783 2624 de
1806 2604 2017 2636 quocunque
2045 2605 2104 2624 ne—

310 2650 414 2694 Quod
433 2658 549 2683 autem
565 2648 702 2681 Latinis
716 2655 765 2681 est
781 2649 922 2692 disputo
940 2649 992 2681 vel
1011 2649 1083 2681 dis—
1134 2648 1229 2690 gocia
1255 2645 1359 2677 fuerit
1383 2644 1541 2676 instituta
1572 2643 1775 2685 explicatio,
1811 2643 1961 2675 sumitur
1983 2656 2000 2676 a
2025 2643 2106 2675 Dn-

1559 2693 1607 2725 33
