2379 2948
97 84 169 121 125
830 82 874 119 ΙΙ.

100 171 277 215 pientem,
310 169 457 210 iustum,
492 170 643 203 iudicem
672 174 705 202 et
729 167 906 201 vindicem
930 177 1019 206 esse,
1053 173 1085 200 et

100 228 141 255 ut
160 221 328 262 sciamus,
355 231 420 254 nos
442 220 630 263 imaginem
647 218 718 252 Dei
736 229 827 260 esse,
854 223 889 251 et
907 228 986 250 eum
1003 216 1085 249 imi-

100 272 168 307 tari
186 271 324 304 debere.

202 320 260 354 Ad
295 319 387 354 hanc
419 319 735 353 considerationem
760 316 825 351 Dei
857 324 889 351 et
921 317 1085 362 politicae

98 371 364 416 gubernationis
404 369 602 403 deducendi
642 375 723 402 sunt
769 366 950 407 homines,
1001 379 1081 401 cum

99 433 220 456 causas
247 429 425 465 utcunque
450 420 672 452 considerare
695 420 855 461 student,
889 430 996 464 quare
1020 419 1084 451 ad-

98 474 208 507 fectus
227 472 263 504 in
280 471 382 504 nobis
398 469 531 503 conditi
548 470 630 504 sint.
678 469 760 503 Non
776 470 976 513 agnoscitur
986 469 1083 502 Deus

99 536 119 557 a
142 523 259 560 coelo,
286 533 305 554 a
329 527 440 561 terra,
466 533 484 553 a
504 520 635 564 plantis
657 527 689 554 et
708 520 920 564 pecudibus,
947 519 1083 553 etiamsi

99 574 133 607 ei
155 571 335 607 obediunt.
389 569 458 604 Sed
483 571 625 615 angelos
649 577 683 605 et
707 568 868 604 homines
892 571 940 604 ita
959 570 1082 603 condi-

98 624 169 664 dit,
194 628 234 656 ut
258 620 341 655 velit
367 632 401 654 se
424 622 468 655 ab
496 621 544 654 eis
569 621 722 664 agnosci.
776 621 872 655 Fecit
896 621 1003 664 igitur
1025 632 1083 653 eos

97 680 240 707 naturas
269 671 523 714 intelligentes,
557 679 590 706 et
612 672 773 712 attribuit
797 683 937 705 normas
960 671 1082 704 iudicii

98 730 207 758 certas
238 722 397 757 noticias.
464 721 562 756 Sicut
593 723 811 766 magistratui
842 723 933 765 leges
965 721 1082 755 tradit.

96 772 169 807 Nec
201 784 282 806 vero
318 773 434 815 legum
466 773 598 806 utilitas
627 780 730 813 esset,
766 773 835 805 nisi
860 772 1081 815 magistratus

95 829 294 869 protegeret
325 830 415 856 recta
443 823 628 862 facientes,
662 830 695 857 et
720 823 894 857 contraria
918 822 1082 856 facientes

94 874 245 908 tolleret.
305 872 356 907 Ita
379 873 455 906 vult
476 872 571 908 Deus
596 874 634 906 in
658 874 732 917 ipso
757 872 901 907 homine
925 885 996 906 esse
1019 874 1081 905 ad—

94 925 204 957 fectus
218 931 385 969 tanquam
401 931 599 958 executores
613 925 841 964 noticiarum,
869 924 942 957 vult
959 922 1080 956 laetari

96 975 218 1013 corda,
246 986 325 1007 cum
351 974 493 1008 noticiis
516 982 606 1009 recta
630 975 926 1019 praecipientibus
945 975 1078 1007 obtem—

94 1036 269 1069 peramus,
340 1024 464 1058 Voluit
489 1025 535 1058 ita
562 1025 680 1058 vivere
705 1032 739 1059 et
761 1025 960 1058 conservari
990 1022 1079 1056 hanc

93 1082 257 1109 naturam
283 1076 471 1109 laetantem
495 1075 675 1119 agnitione
692 1075 778 1115 Dei,
805 1082 838 1109 et
856 1074 1080 1120 acquiescen-

93 1132 165 1159 tem
187 1126 224 1158 in
239 1124 324 1161 Deo.
377 1124 516 1159 Rursus
538 1126 641 1160 etiam
666 1126 741 1160 vult
765 1126 802 1159 iu
827 1126 991 1159 cordibus
1015 1137 1079 1157 no-

94 1176 175 1210 stris
197 1176 354 1209 vindices
373 1187 445 1209 esse
461 1177 618 1219 ingentes
636 1183 771 1217 motus,
798 1177 857 1221 qui
872 1173 1080 1209 coherceant

94 1238 178 1266 nos,
214 1233 247 1259 et
275 1226 424 1269 puniant
447 1226 536 1259 facta
563 1234 683 1260 contra
707 1227 829 1270 legem.
897 1225 983 1259 Vult
1008 1236 1080 1258 esse

93 1277 250 1309 flammas
272 1276 343 1308 irae
367 1282 398 1308 et
421 1276 574 1317 doloris,
601 1288 690 1321 quae
705 1278 887 1310 destruant
906 1282 1079 1313 naturam,

92 1333 279 1370 postquam
302 1336 375 1357 non
400 1325 561 1367 congruit
583 1328 624 1357 ad
643 1327 849 1368 sapientiam
868 1334 902 1360 et
917 1337 1077 1358 normam

93 1376 262 1410 divinam.
325 1374 376 1408 lta
398 1373 506 1415 Cain,
539 1374 642 1415 Saul,
679 1374 781 1408 ludas
807 1382 838 1408 et
862 1376 993 1408 similes
1019 1376 1079 1407 de-

93 1433 280 1460 struuntur
296 1424 346 1458 ira
362 1431 394 1458 et
411 1425 533 1458 dolore
550 1431 627 1469 post
643 1426 780 1460 scelera.
829 1424 878 1459 Ut
893 1425 999 1468 igitur
1014 1437 1079 1458 no-

91 1477 255 1510 ticiarum
270 1487 330 1509 seu
347 1476 457 1518 legem
471 1483 670 1510 executores
686 1476 722 1509 in
737 1476 841 1510 nobis
857 1483 990 1517 essent,
1016 1476 1079 1509 ad—

92 1527 246 1561 fectuum
268 1526 364 1569 ignes
382 1526 485 1559 nobis
500 1526 596 1561 insiti
616 1534 708 1561 sunt.

193 1576 310 1610 Huius
332 1588 452 1610 causae
476 1577 709 1611 consideratio
735 1576 834 1610 utilis
857 1582 928 1616 est,
961 1582 994 1609 et
1017 1576 1080 1608 de-

92 1627 190 1660 ducit
211 1638 276 1660 nos
290 1628 332 1660 ad
350 1624 599 1672 archetypum,
625 1634 658 1662 et
675 1634 794 1672 postea
819 1626 929 1660 multa
948 1633 1079 1667 monet,

91 1679 137 1711 de
162 1678 287 1710 ordine
305 1678 524 1718 adfectuum,
551 1690 654 1723 quem
672 1679 832 1712 conditor
848 1677 1019 1717 instituit,
1046 1683 1079 1710 et

91 1729 135 1760 de
165 1728 372 1760 confusione
402 1727 557 1768 ordinis,
592 1740 680 1773 quae
706 1734 824 1772 postea
849 1734 994 1772 sequuta
1019 1734 1078 1761 est.

94 1778 147 1811 Ac
171 1778 318 1811 studiosi
344 1777 533 1821 diligenter
555 1776 640 1811 haec
664 1779 765 1812 initia
789 1779 833 1811 de
857 1777 968 1811 causis
982 1777 1079 1810 adfe-

92 1836 232 1869 ctuum,
259 1835 293 1862 et
318 1828 361 1861 de
385 1828 574 1862 collatione
595 1829 638 1861 ad
656 1828 790 1867 Deum,
817 1834 851 1862 et
870 1828 915 1861 ad
934 1827 1079 1872 imperia

92 1879 327 1913 considerent.
379 1877 483 1912 Nunc
499 1880 591 1912 addo
609 1879 847 1922 partitionem.

195 1929 408 1962 Adfectuum
445 1929 506 1963 alii
542 1936 703 1963 naturam
734 1930 876 1969 iuvant,

93 1987 244 2015 struunt.

195 2029 360 2063 Iuvantes
387 2037 567 2069 naturam,
601 2038 640 2065 ut
665 2029 818 2070 laeticia,
845 2041 942 2074 spes,
970 2040 1080 2069 amor,

93 2081 260 2121 oriuntur
276 2093 292 2113 a
311 2081 440 2114 noticia
456 2088 673 2115 monstrante
692 2081 860 2126 quiddam
877 2080 980 2117 boni,
1007 2079 1079 2112 sive

92 2131 137 2164 sit
163 2131 228 2164 toti
253 2128 390 2164 homini
413 2132 567 2173 bonum,
599 2132 672 2165 sive
698 2131 809 2174 parti,
835 2137 869 2164 et
891 2131 964 2164 sive
988 2137 1079 2164 erret

93 2180 244 2220 noticia,
270 2182 343 2215 sive
360 2189 452 2216 recte
468 2182 608 2216 iudicet.
668 2181 717 2216 Ut
736 2182 884 2216 laetatur
900 2181 1079 2225 Augustus

92 2231 212 2266 audita
226 2231 315 2265 fama
332 2232 497 2267 victoriae
515 2233 618 2266 etiam
636 2233 732 2266 falsa.

195 2279 364 2315 Adfectus
377 2290 493 2317 autem
507 2284 724 2317 destruentes
736 2290 917 2325 naturam,
938 2289 988 2321 ut,
1013 2281 1078 2315 tri-

94 2332 212 2373 sticia,
243 2338 372 2372 metus,
405 2333 476 2373 ira,
509 2334 652 2378 odium,
687 2334 853 2368 oriuntur
888 2345 907 2367 a
946 2332 1077 2366 noticia

91 2389 312 2417 monstrante
346 2382 514 2428 quiddam
544 2384 648 2426 mali,
680 2384 753 2418 sive
777 2385 822 2419 sit
848 2384 914 2418 toti
938 2381 1078 2417 homini

91 2433 238 2473 malum,
265 2433 338 2466 sive
352 2432 455 2477 parti,
483 2440 514 2467 et
531 2434 604 2467 sive
621 2441 711 2469 erret
727 2434 870 2475 noticia,
898 2435 970 2468 sive
987 2440 1078 2467 recte

91 2483 233 2518 iudicet.
293 2482 361 2525 Ut,
395 2483 506 2518 Solon
529 2491 681 2519 moestus
705 2492 754 2518 est
776 2486 894 2519 audita
919 2486 1008 2518 fama
1035 2485 1077 2516 de

91 2540 203 2568 morte
221 2534 302 2575 filii,
328 2545 530 2579 quanquam
546 2533 643 2570 falsa.
694 2535 852 2569 Noticiae
869 2535 961 2568 enim
978 2541 1076 2568 ante-

94 2586 222 2618 cedunt
239 2585 455 2625 adfectibus,
480 2591 519 2618 ut
536 2583 668 2617 dictum
684 2592 744 2625 est,
773 2592 805 2619 et
822 2586 957 2619 obiecta
973 2597 1075 2618 mon-

92 2641 214 2670 strant.
287 2633 383 2678 Quid
415 2641 532 2670 autem
563 2634 766 2668 nominetur
795 2634 956 2676 Bonum,
990 2635 1075 2680 quid

925 1928 986 1961 alii
1018 1928 1079 1961 de-

926 80 1077 117 LIBER
1109 80 1176 117 DE
1211 82 1384 121 ANIMA.

2047 90 2120 125 126

1137 165 1294 205 Malum,
1321 167 1412 202 infra
1435 170 1608 211 dicemus,
1632 177 1665 204 et
1689 170 1772 204 alibi
1789 171 1825 204 in
1841 169 1977 207 Ethicis
1995 175 2120 208 recita-

1137 223 1206 251 tur.
1265 216 1368 250 Nunc
1390 225 1570 266 utcunque
1590 221 1784 265 specierum
1809 223 1979 257 vocabula
2002 225 2118 259 decla-

1136 266 1303 302 rabimuS.

1236 316 1391 350 Laeticia
1407 325 1458 352 est
1469 326 1597 360 motus,
1624 335 1693 366 quo
1706 334 1766 355 cor
1776 323 1962 368 acquiescit
1973 324 2010 357 in
2024 324 2117 357 bono

1137 367 1328 410 praesenti,
1361 377 1392 400 et
1417 375 1467 401 est
1493 370 1668 412 dilatatio,
1701 385 1769 416 qua
1794 386 1853 407 cor
1874 374 1972 408 velut
1994 374 2119 418 accipit

1135 417 1228 450 intra
1258 428 1350 458 sese,
1383 425 1418 451 et
1449 419 1672 462 amplectitur
1701 423 1895 465 obiectum,
1928 432 1968 459 ut
1997 437 2118 458 amans

1135 468 1284 502 laetatur
1299 468 1512 512 amplectens
1529 470 1692 513 puellam,
1716 483 1860 517 eamque
1878 475 1973 509 velut
1990 475 2118 509 adiun-

1135 529 1214 561 gere
1240 518 1359 558 cordi,
1394 525 1426 552 et
1451 519 1542 552 intra
1569 531 1628 552 cor
1652 521 1806 564 accipere
1829 532 1985 559 conatur.
2045 525 2117 559 Nec

1134 568 1251 602 verbis
1277 569 1547 613 descriptionem
1568 569 1795 604 illustriorem
1812 574 1948 606 tradere
1966 586 2118 618 possum,

1134 620 1193 652 sed
1210 631 1314 653 sensu
1336 620 1547 654 discernitur
1564 621 1699 654 laeticia
1714 634 1731 654 a
1750 622 1937 658 moesticia.
1989 623 2035 658 Et
2045 625 2117 658 dis-

1134 669 1266 703 crimen
1292 681 1364 703 esse
1386 669 1482 704 Deus
1513 671 1645 711 voluit,
1672 679 1710 705 ut
1736 678 1837 705 antea
1863 672 1952 713 dixi,
1980 680 2018 707 ut
2041 675 2118 707 aliis

1133 721 1238 753 rebus
1261 720 1374 754 iuvari
1398 728 1580 760 naturam,
1608 722 1686 755 aliis
1711 723 1832 766 puniri
1855 730 1888 757 et
1904 723 2036 757 destrui
2053 725 2119 757 sci-

1133 783 1257 807 remus,

1235 821 1287 855 Ac
1320 823 1363 855 de
1397 822 1532 856 laeticia
1557 822 1798 856 consideretur
1822 835 1935 856 causa.
1995 821 2119 857 Voluit

1131 870 1227 905 Deus
1242 872 1377 905 laeticia
1395 873 1535 906 dilatari
1547 885 1618 916 cor,
1644 880 1683 907 ut
1698 875 1849 918 primum
1864 881 1896 907 et
1908 880 1988 908 ante
2000 874 2121 907 omnia

1131 921 1246 956 Deum
1272 923 1387 967 ipsum
1411 923 1592 968 acciperet.
1646 923 1710 958 Est
1735 931 1849 957 autem
1865 922 1960 958 Deus
1979 924 2069 958 vitae
2084 931 2119 957 et

1132 973 1278 1017 quietis,
1313 985 1386 1006 non
1420 974 1669 1008 destructionis
1700 982 1812 1009 autor.
1867 973 1950 1008 ideo
1982 974 2120 1008 laeticia

1132 1020 1199 1056 hoc
1226 1024 1332 1057 modo
1363 1024 1505 1057 condita
1530 1032 1600 1065 est,
1636 1025 1772 1058 etiamsi
1797 1037 1892 1058 nunc
1916 1025 2057 1070 quidem
2081 1025 2119 1056 in

1132 1071 1196 1106 hac
1221 1081 1368 1107 naturae
1392 1075 1644 1118 depravatione
1668 1076 1832 1109 turbatus
1853 1082 1902 1109 est
1920 1076 2118 1109 adfectuum

1131 1125 1230 1159 ordo.

1232 1173 1411 1208 Contrarii
1440 1176 1611 1216 adfectus,
1649 1175 1709 1220 qui
1735 1177 1922 1209 destruunt
1945 1182 2119 1215 naturam,

1131 1231 1212 1258 sunt
1227 1225 1394 1264 notiores,
1416 1226 1619 1266 uttristicia,
1640 1226 1757 1267 timor,
1780 1226 1832 1259 ira
1847 1234 1880 1261 et
1896 1226 2041 1260 similes.

1230 1279 1294 1315 Est
1321 1281 1429 1324 igitur
1459 1282 1605 1316 tristicia
1634 1289 1749 1316 motus
1776 1283 1911 1324 cordis,
1939 1296 2008 1328 quo
2040 1295 2119 1327 per-

1131 1343 1270 1365 cussum
1298 1344 1357 1364 cor
1380 1332 1516 1366 obiecto
1541 1333 1702 1375 ingrato,
1735 1333 2010 1376 constringitur,
2038 1345 2118 1377 pre-

1131 1381 1259 1421 mitur,
1286 1382 1405 1416 tremit
1430 1388 1463 1415 et
1485 1382 1650 1423 languefit
1670 1394 1748 1414 cum
1766 1383 1836 1415 acri
1855 1394 1959 1416 sensu
1973 1383 2117 1416 doloris.

1132 1431 1183 1464 Ac
1206 1431 1276 1464 nisi
1300 1432 1435 1464 desinat
1460 1432 1627 1473 tristicia,
1653 1433 1795 1466 tandem
1813 1445 1873 1466 cor
1891 1434 2117 1467 torrefactum

1132 1481 1359 1524 extinguitur.
1412 1481 1481 1516 Hic
1506 1483 1679 1516 cruciatus
1702 1482 1803 1516 nobis
1828 1484 1962 1517 inditus
1984 1489 2053 1524 est,
2080 1489 2119 1516 ut

1131 1539 1162 1565 et
1192 1540 1306 1565 metus
1335 1533 1445 1566 futuri
1478 1533 1563 1566 mali
1592 1545 1656 1566 nos
1681 1531 1881 1575 coherceat,
1917 1542 1950 1568 et
1974 1534 2119 1568 tristicia

1132 1590 1275 1627 propter
1304 1583 1530 1626 praeteritum
1562 1584 1693 1616 malum
1724 1584 1768 1618 sit
1800 1584 1929 1618 vindex
1952 1592 1984 1618 et
2006 1595 2118 1628 poena

1130 1634 1317 1674 scelerum,
1343 1641 1377 1667 et
1394 1634 1490 1667 testis
1508 1634 1631 1667 iudicii
1649 1633 1728 1668 Dei.

1233 1690 1336 1725 Unde
1363 1698 1478 1725 autem
1505 1700 1554 1726 est
1578 1693 1615 1725 in
1641 1693 1797 1726 laeticiae
1818 1693 1989 1734 suavitas,
2025 1700 2057 1727 et
2081 1693 2118 1725 in

1129 1742 1273 1777 tristicia
1294 1742 1491 1777 cruciatus?

1231 1799 1280 1833 Hi
1312 1806 1428 1833 motus
1454 1801 1543 1843 grati
1569 1807 1601 1833 et
1624 1801 1752 1844 ingrati
1775 1801 1930 1845 primum
1954 1801 2120 1834 oriuntur

1131 1851 1173 1884 ab
1200 1851 1272 1893 ipsa
1297 1850 1413 1883 cordis
1434 1851 1649 1889 substantia,
1677 1852 1771 1896 quod
1793 1851 1838 1884 ita
1858 1852 2038 1884 conditum
2057 1858 2120 1889 est,

1132 1909 1169 1935 ut
1193 1902 1237 1934 sit
1257 1901 1336 1933 fons
1355 1907 1388 1934 et
1406 1902 1503 1934 sedes
1519 1901 1719 1935 adfectuum
1732 1926 1740 1940 ‚
1767 1908 1800 1935 et
1818 1902 1890 1935 suis
1906 1902 2118 1946 quibusdam

1131 1951 1225 1984 villis
1253 1951 1422 1984 dilatatur
1445 1958 1479 1985 et
1504 1952 1770 1994 constringitur.
1812 1950 1877 1993 Et,
1911 1952 1939 1985 si
1961 1952 2042 1985 lIcet
2066 1952 2119 1985 uti

1130 1999 1194 2035 hac
1219 2001 1472 2042 similitudine,
1499 2000 1555 2035 his
1573 2002 1690 2044 villis,
1716 2003 1815 2048 quasi
1831 2002 1994 2036 manibus
2011 2009 2117 2036 attra-

1131 2050 1183 2086 hit
1198 2064 1236 2086 ac
1254 2052 1401 2096 depellit
1417 2053 1562 2087 obiecta.

1231 2109 1412 2143 Praeterea
1430 2122 1549 2144 sensus
1563 2111 1600 2144 fit
1613 2110 1738 2151 acrior,
1766 2110 1848 2155 quia
1861 2109 2005 2143 subtiles
2018 2110 2118 2142 nervi

1129 2173 1147 2194 a
1172 2161 1315 2194 cerebro
1340 2161 1483 2195 deducti
1506 2168 1589 2195 sunt
1610 2161 1646 2193 in
1671 2172 1797 2204 corpus
1816 2160 1947 2200 cordis,
1975 2159 2034 2203 qni
2056 2161 2118 2192 ad-

1130 2213 1219 2245 dunt
1239 2212 1505 2245 delectationem
1524 2211 1682 2244 laeticiae
1695 2238 1704 2249 ‚
1729 2218 1761 2244 et
1776 2210 1963 2243 acerrimos
1978 2210 2118 2243 dolores

1129 2262 1306 2297 tristiciae.
1360 2262 1520 2306 Augetur
1549 2262 1653 2295 dolor
1684 2268 1715 2294 et
1743 2260 1938 2293 vicinarum
1962 2260 2117 2303 partium

1129 2312 1390 2347 constrictione.

1231 2371 1316 2405 Ideo
1349 2378 1464 2405 autem
1492 2369 1529 2404 hi
1556 2370 1733 2414 praecipui
1756 2376 1788 2402 et
1813 2369 1974 2402 acerrimi
2003 2376 2120 2403 motus

1128 2430 1210 2457 sunt
1231 2423 1392 2456 attributi
1417 2422 1533 2461 cordi,
1565 2420 1625 2465 qni
1651 2426 1733 2453 sunt
1753 2426 1810 2453 aut
1829 2420 1919 2452 vitae
1935 2431 2120 2453 conserva-

1128 2474 1196 2514 tio,
1223 2481 1283 2507 aut
1307 2472 1516 2508 destructio,
1547 2470 1629 2514 quia
1652 2469 1689 2502 in
1716 2471 1819 2503 corde
1839 2470 1982 2504 initium
2002 2477 2053 2504 est
2068 2470 2121 2503 vi—

1127 2531 1191 2563 tae,
1219 2531 1250 2557 et
1265 2522 1419 2556 fortassis
1435 2533 1494 2553 cor
1507 2521 1603 2553 sedes
1618 2527 1650 2553 et
1665 2520 1885 2553 domicilium
1899 2527 1947 2554 est
1959 2521 2108 2556 animae.

1228 2582 1314 2626 Spes
1328 2587 1377 2613 est
1394 2585 1530 2619 motus,
1562 2591 1632 2624 quo
1652 2591 1711 2612 cor
1728 2579 1887 2613 futurum
1907 2580 2040 2612 bonurn
2058 2591 2120 2622 ap-

1126 2633 1231 2677 petit,
1257 2642 1362 2675 seque
1389 2630 1431 2662 ad
1457 2629 1544 2662 illud
1571 2629 1836 2674 accipiendum,
1865 2637 1903 2664 ut
1924 2630 1972 2663 ita
1996 2629 2123 2670 dicam,
