2379 2948
211 116 306 153 1435

215 211 247 237 et
266 201 456 246 Apostolis.
510 196 554 232 Et
572 198 605 230 in
622 195 687 230 hoc
705 201 804 228 coetu
820 192 1028 232 Pontifices,
1051 189 1199 236 Episco-

216 255 273 299 pi,
300 252 431 294 Reges,
459 257 492 283 et
515 249 644 281 multae
663 247 823 279 nationes
840 245 1035 277 defendunt
1052 242 1200 275 manife—

217 313 286 339 stas
309 297 593 344 ammtopzarlag,
620 305 654 331 et
669 302 842 330 conantur
859 295 974 328 delere
995 306 1118 336 puram
1135 294 1200 325 do-

218 355 366 389 ctrinam
394 350 598 390 Exangelii‚
635 361 696 392 per
716 344 931 391 Prophetas,
967 343 1145 379 Christum
1169 350 1202 376 et

219 404 408 449 Apostolos
425 401 555 435 traditi.

320 462 422 495 Hanc
459 461 567 503 igitur
601 459 835 493 tristissimam
873 465 907 491 et
943 455 1201 490 acerbissimam

221 515 399 561 querelam
424 524 519 545 nunc
542 511 721 543 verissime
747 509 871 553 repetit
889 507 1042 542 Ecclesia
1060 504 1203 539 Christi.

221 566 358 601 Omnes
397 570 531 607 genteS,
581 561 764 599 Saraceni,
815 559 942 599 anci,
990 556 1203 603 hypocritae,

220 616 401 662 pontifices
422 621 453 647 et
478 624 573 655 reges
597 612 906 645 circumdederunt
922 622 996 643 nos,
1051 606 1096 641 Et
1112 607 1204 640 mul-

221 668 354 706 titudo,
383 665 563 698 iracundia
587 676 624 696 ac
652 660 871 695 vehementia
894 658 1049 693 hostium
1072 657 1204 700 signifi-

222 726 295 752 cata
320 723 367 750 est
390 716 527 749 duabus
550 713 866 752 similitudinibus,
894 723 1000 755 apum
1027 716 1059 742 et
1084 709 1206 741 incen-

222 770 272 803 dii
299 769 494 812 spinarum.
548 765 678 808 BIagna
702 771 735 797 et
759 764 865 796 densa
891 769 972 795 sunt
996 772 1101 804 apum
1127 771 1204 792 exa-

223 822 337 860 mina,
365 826 397 851 et
420 824 544 850 natura
570 816 643 848 eius
660 814 780 847 insecti
801 812 1056 856 pugnacissima
1072 817 1142 851 est,
1168 817 1206 843 ut

224 876 394 904 monstrat
412 866 642 911 experientia,
669 871 701 897 et
722 864 892 906 Virgilius
909 862 1043 907 inquit:

309 927 369 955 lllis
391 926 434 952 ira
456 924 573 951 modum
596 931 683 959 supra
706 927 766 957 est,
797 921 953 957 laesaeque
976 927 1124 946 venenum

306 976 449 1005 Mei-sibus
473 973 631 1010 inspirant,
662 977 691 999 et
715 970 824 1008 spicula
847 978 932 997 coeca
955 969 1124 1006 relinquunt

307 1026 430 1056 Adfixae
453 1025 550 1060 venis,
579 1022 748 1059 animasque
771 1022 801 1048 in
825 1021 948 1048 vulnere
971 1025 1094 1057 ponunt.

326 1087 489 1129 Longum
522 1089 610 1116 esset
640 1080 802 1126 persequi
834 1087 940 1114 totam
973 1078 1207 1112 collationem.

225 1140 295 1174 Sed
313 1138 503 1181 cogitemus
520 1133 729 1167 acerrimum
747 1131 869 1165 odium
885 1138 916 1164 et
928 1130 1097 1163 acerrima
1111 1140 1210 1173 prae-

225 1191 273 1223 lia
307 1188 515 1232 significari,
556 1183 761 1228 praesertim
797 1182 1012 1226 sapientum:
1053 1192 1135 1213 nam
1174 1179 1208 1211 id

226 1252 366 1286 quoque
384 1238 599 1281 significatur
617 1234 797 1267 mentione
814 1245 929 1276 apum.
988 1231 1035 1265 Ut
1052 1231 1211 1263 videmus

227 1292 350 1325 arsisse
374 1287 582 1323 Pharisaeos
610 1285 781 1318 acerrimo
805 1284 887 1317 odio
913 1283 1080 1315 adversus
1105 1279 1209 1315 Chri-

228 1352 320 1377 stum
343 1348 376 1375 et
398 1338 599 1384 Apostolos,
665 1335 727 1369 Est
749 1343 782 1370 et
803 1334 1008 1367 incendium
1029 1333 1210 1377 spinarum

226 1395 338 1438 imago
356 1391 473 1435 magni
490 1390 652 1433 impetuS.

332 1452 402 1487 Sed
437 1449 491 1484 his
521 1447 687 1492 periculis
716 1446 865 1491 opponit
897 1444 1060 1479 Christus
1091 1455 1211 1477 vocem

230 1501 501 1548 triumphalem,
528 1497 576 1532 In
598 1497 742 1531 nomine
759 1495 921 1530 Domini
936 1494 1058 1529 delebo
1074 1506 1151 1533 eos,
1178 1494 1211 1526 id

231 1565 301 1596 est,
328 1552 551 1587 invocatione
576 1557 607 1582 et
632 1549 849 1582 confessione
872 1547 1025 1579 nominis
1041 1545 1126 1586 Dei,
1155 1545 1212 1590 qui

230 1609 344 1647 adest,
371 1604 476 1647 regit,
504 1600 661 1634 defendit
679 1606 710 1631 et
728 1599 837 1631 salvat
854 1599 954 1630 illum
972 1605 1126 1636 coetum,
1154 1596 1211 1640 qu}

231 1656 464 1699 Evangelium
490 1652 600 1696 ipsius
624 1650 841 1689 circumfert,
869 1656 900 1682 et
918 1660 998 1681 vera
1015 1648 1082 1680 fide
1098 1648 1212 1691 ipsunz

231 1711 381 1742 invocat.
442 1704 552 1738 Addit
575 1708 690 1735 autem
715 1699 1004 1743 amplificationes
1028 1709 1213 1732 aerumna-

231 1773 322 1794 rum.
373 1756 455 1790 Non
477 1754 594 1788 ocioso
612 1759 644 1785 et
663 1750 869 1784 dormitanti
886 1750 1089 1792 contingent
1105 1749 1215 1781 victo-

233 1812 314 1845 riae.
367 1808 441 1842 Imo
466 1805 562 1850 prius
585 1801 774 1835 horribiles
792 1813 976 1833 aerumnas
993 1800 1079 1833 seret
1094 1797 1215 1832 Eccle—

233 1863 298 1896 sia:
327 1860 362 1893 id
386 1868 524 1903 quoque
541 1856 641 1888 docet
656 1852 835 1891 Psalmus,
862 1858 895 1884 et
911 1851 1082 1894 significat
1098 1849 1215 1892 dupli-

234 1924 288 1946 ces
305 1920 509 1947 aerumnas,
535 1904 777 1939 crudelitatem
795 1900 967 1943 hostium,
995 1909 1027 1936 et
1046 1902 1134 1934 iram
1151 1900 1214 1934 Dei

234 1960 433 2005 castigantis
451 1956 652 1991 Ecclesiam.

336 2019 454 2053 Facile
475 2022 560 2049 esset
583 2015 673 2047 ferre
695 2011 880 2046 hominum
904 2012 1072 2056 impetus,
1100 2012 1129 2044 si
1146 2023 1217 2044 non

237 2073 415 2109 accederet
440 2078 560 2101 sensus
584 2064 714 2109 peccati
743 2064 854 2096 nostri
875 2070 908 2096 et
926 2063 997 2096 irae
1014 2062 1102 2102 Dei,
1130 2063 1219 2095 sicut

238 2124 355 2170 inquit
378 2118 562 2155 Ieremias,
596 2127 671 2159 cap.
692 2114 766 2148 17.:
797 2113 878 2147 Non
904 2114 950 2146 sis
975 2122 1013 2147 tu
1037 2111 1126 2146 mihi
1149 2121 1219 2146 ter-

236 2175 328 2215 rori,
355 2183 432 2216 spes
449 2181 525 2202 mea
540 2167 631 2201 tuin
647 2166 703 2199 die
720 2165 933 2198 afflictionis.
985 2164 1055 2198 Sed
1069 2176 1147 2197 cum
1163 2162 1220 2196 hic

238 2228 304 2266 ait,
331 2222 512 2264 Castigans
536 2217 716 2260 castigavit
740 2228 812 2256 me,
835 2217 1017 2255 admonet,
1043 2213 1106 2247 has
1129 2214 1220 2247 affli-

239 2278 371 2312 ctiones
404 2284 475 2306 esse
504 2280 652 2314 poenas,
685 2274 847 2300 vocantes
878 2278 943 2299 nos
967 2267 1010 2299 ad
1037 2265 1217 2309 poeniten-

240 2329 333 2363 tiam.
377 2323 422 2358 Et
445 2321 555 2356 sancti
581 2318 783 2361 intelligunt
807 2324 986 2351 oneratam
1012 2328 1082 2349 esse
1100 2314 1222 2348 Eccle-

242 2381 326 2413 siam
350 2375 456 2410 tantis
475 2370 751 2413 calamitatibus,
780 2376 923 2412 propter
942 2374 1120 2412 peccatum
1138 2364 1221 2399 hae-

243 2441 322 2463 rens
347 2428 383 2460 in
406 2432 549 2463 natura,
583 2428 620 2454 ut
641 2431 869 2463 agnoscamus
892 2426 1049 2452 nostram
1073 2417 1222 2450 infirmi-

243 2487 367 2519 tatem,
393 2484 426 2510 et
440 2473 682 2517 confugiamus
698 2472 741 2504 ad
759 2470 1048 2504 misericordiam.
1100 2467 1222 2513 Itaque

244 2532 420 2564 luctantur
444 2525 511 2570 ipsi
538 2535 672 2563 secum,
699 2522 788 2556 sicut
810 2521 925 2566 inquit
948 2520 1093 2554 Paulus:
1124 2518 1223 2553 Intus

242 2590 409 2617 terrores,
433 2575 535 2609 Foris
553 2585 699 2619 pugnae.

342 2635 411 2670 Sed
430 2632 485 2666 his
502 2631 759 2665 calamitatibus
776 2631 924 2674 opponit
940 2629 1100 2664 Psalmus
1117 2629 1222 2663 uber-

242 2691 347 2724 rimas
372 2683 647 2724 consolationes,
674 2689 708 2716 et
730 2682 834 2715 finem
859 2688 1050 2722 monstrat,
1080 2687 1224 2715 testatur
1247 2701 1249 2711 ι

794 106 917 142 PHlL.
948 103 1062 140 MEL.
1092 101 1300 140 SCRIPTA
1329 100 1629 137 EXEGETICA.

2132 105 2232 140 1436

1252 187 1446 223 Ecclesiam
1467 188 1515 221 sic
1532 188 1660 231 affligi,
1686 200 1758 221 non
1773 195 1813 223 nt
1830 195 1968 232 pereat,
1995 190 2054 222 sed
2071 196 2110 224 ut
2128 190 2165 222 in
2180 203 2238 224 ca-

1254 240 1439 283 stigatione
1464 239 1574 282 magis
1600 246 1763 282 agnoscat
1787 239 2020 283 praesentiam
2046 246 2079 273 et
2102 241 2239 274 miseri-

1227 318 1230 346 l
1255 291 1410 324 cordiam
1429 290 1513 329 Dei,
1541 297 1670 323 crescat
1687 290 1775 329 fide,
1802 289 1928 323 maiori
1946 291 2073 324 robore
2091 291 2240 325 celebret

1228 349 1230 383 ᾗ
1256 349 1288 375 et
1305 341 1512 374 confiteatur
1527 339 1654 375 Deum.

1357 406 1405 442 Et
1419 405 1504 441 haec
1520 408 1642 441 concio
1658 409 1701 441 de
1716 406 1783 441 hoc
1801 407 1871 441 fine
1887 408 2124 442 calamitatum
2142 419 2243 452 saepe

1256 460 1427 502 repetitur
1449 459 1486 491 in
1505 456 1703 503 Prophetis.
1755 457 1818 492 Est
1840 459 1934 491 enim
1959 459 2100 503 propria
2125 466 2158 492 et
2182 471 2243 502 pe-

1230 506 1232 558 ὲ
1258 510 1398 543 culiaris
1423 509 1594 553 sapientia
1615 522 1717 543 verae
1731 508 1924 548 Ecclesiae,
1953 517 1992 543 ut
2008 509 2147 542 Psalmo
2163 509 2241 542 88.:

1231 560 1232 571 ¹
1261 561 1419 593 Visitabo
1443 560 1479 592 in
1503 561 1598 603 virga
1622 561 1824 605 iniquitates
1844 573 1985 601 eorum,
2013 561 2102 594 etin
2120 561 2245 594 verbe-

1230 576 1234 639 l
1260 613 1356 645 ribus
1375 617 1510 654 peccata
1528 623 1660 644 eorum.
1700 610 1982 644 Misericordiam
1999 618 2114 645 autem
2131 622 2244 643 meam

1231 642 1236 782 ἰ
1260 675 1331 695 non
1351 662 1546 705 dispergam
1563 661 1606 694 ab
1624 674 1674 696 eo,
1701 659 1747 694 Et
1764 662 1865 694 alibi:
1889 661 2030 695 Bonum
2047 659 2134 694 mihi
2149 662 2244 707 quod

1259 711 1454 746 humiliasti
1478 725 1549 753 me,
1577 719 1616 745 nt
1635 712 1763 745 discam
1781 712 2044 746 iustificationes
2059 720 2146 747 tuas.
2199 710 2246 745 Et

1262 764 1428 797 [eremiae
1444 762 1520 798 29.:
1550 761 1624 806 Ego
1651 763 1722 795 scio
1749 763 1994 806 cogitationes,
2022 775 2108 808 quas
2131 762 2245 806 cogito

1261 827 1366 859 super
1383 827 1463 855 vos,
1489 815 1538 847 ait
1554 814 1745 853 Dominus,
1770 814 1996 856 cogitationes
2015 814 2109 858 pacis
2125 820 2158 847 et
2174 824 2247 846 non

1262 865 1491 910 perditionis,
1518 872 1557 897 ut
1581 865 1659 897 dem
1685 864 1784 897 vobis
1805 865 1907 897 finem
1925 877 2026 909 quem
2046 864 2246 909 expectatis.

1263 915 1308 950 Et
1324 913 1519 949 Ezechielis
1537 916 1612 950 33:
1644 914 1733 948 Vivo
1749 927 1828 958 ego,
1857 915 1940 948 dicit
1955 914 2248 955 DominusDeus,

1264 967 1346 1000 nolo
1377 974 1526 1000 mortem
1558 966 1766 1010 peccatoriS,
1798 967 1857 999 sed
1888 973 1926 999 ut
1960 972 2185 1000 convertatur
2216 972 2249 1000 et

1265 1019 1370 1053 vivat.

1366 1076 1437 1111 Nec
1468 1077 1706 1110 existimemus
1734 1076 1864 1110 frustra
1888 1077 1973 1110 tales
1998 1076 2189 1110 sententias
2210 1076 2249 1108 in

1265 1129 1436 1172 scriptura
1459 1129 1604 1161 traditas
1624 1139 1694 1159 esse
1707 1155 1716 1167 ,
1742 1135 1801 1160 aut
1820 1138 1891 1159 esse
1908 1127 2068 1170 vulgares
2085 1133 2119 1160 et
2132 1124 2251 1171 philo-

1265 1177 1426 1223 sophicas
1442 1179 1708 1213 consolationes.
1737 1177 1835 1211 SIcnt
1850 1185 1883 1211 et
1894 1175 2102 1222 Philosophi
2119 1178 2251 1218 dicunt,

1266 1230 1439 1264 Homines
1455 1230 1671 1269 ferocientes,
1696 1229 1801 1261 rebus
1817 1229 1970 1261 adversis
1984 1230 2026 1261 ad
2043 1228 2250 1261 modestiam

1266 1281 1433 1315 revocari.
1488 1281 1593 1324 Quod
1619 1280 1680 1313 etsi
1699 1292 1820 1313 verum
1840 1287 1907 1319 est,
1934 1287 2049 1313 tamen
2068 1280 2110 1312 de
2129 1279 2195 1312 alia
2214 1291 2251 1312 re

1267 1332 1523 1365 concionantur
1535 1329 1749 1374 Prophetae,
1775 1331 1907 1363 scilicet
1924 1331 1967 1363 de
1984 1331 2165 1363 voluntate
2174 1329 2252 1362 Dei.

1266 1382 1319 1416 De
1350 1380 1414 1415 hac
1441 1382 1605 1414 dubitant
1629 1381 1740 1413 animi
1766 1381 1803 1412 in
1826 1381 1931 1413 rebus
1955 1381 2128 1419 adversis,
2163 1381 2253 1414 sicut

1268 1434 1361 1477 apud
1383 1432 1591 1475 Euripidem
1616 1431 1702 1464 dicit
1726 1429 1891 1471 Hecuba,
1933 1438 2011 1474 post
2034 1438 2168 1475 captam
2191 1443 2254 1464 nr-

1269 1485 1367 1523 bem,
1394 1483 1562 1515 invocans
1579 1480 1691 1519 Deos,
1718 1492 1754 1513 se
1779 1481 1943 1514 invocare
1968 1482 2112 1524 ignavos
2136 1482 2255 1525 opitu-

1268 1536 1414 1573 latores,
1448 1530 1585 1570 κακοὺς
1608 1527 1839 1575 συμμάχους.
1909 1531 2023 1565 Nimis
2048 1544 2128 1565 vere
2154 1539 2254 1576 poeta

1269 1585 1440 1618 iudicium
1465 1583 1612 1616 rationis
1636 1590 1669 1616 et
1693 1582 1803 1614 animi
1827 1589 1961 1615 motum
1985 1583 2023 1615 in
2040 1583 2158 1627 impiis
2175 1584 2255 1626 pin-

1269 1637 1329 1679 git.
1382 1635 1440 1669 Sic
1467 1633 1627 1668 homines
1654 1633 1807 1666 naturali
1832 1633 1963 1666 iudicio
1986 1635 2022 1666 in
2047 1635 2139 1667 veris
2155 1634 2256 1668 dolo-

1269 1688 1368 1720 ribus
1386 1693 1578 1729 agnoscunt
1596 1697 1629 1717 se
1647 1690 1791 1728 propter
1810 1684 1990 1717 malefacta
2007 1685 2146 1728 puniri,
2172 1693 2205 1720 et
2220 1697 2255 1718 se

1271 1738 1421 1771 abiectos
1440 1749 1511 1770 esse
1528 1749 1545 1769 a
1564 1735 1657 1775 Deo,
1681 1747 1784 1779 quem
1800 1735 1957 1769 sentiunt
1973 1735 2076 1768 irasci
2093 1734 2257 1769 humanis

1271 1790 1426 1827 delictis,
1454 1795 1486 1822 et
1504 1788 1625 1820 vident
1640 1798 1675 1820 se
1693 1798 1793 1818 ruere
1810 1786 1846 1818 in
1865 1794 2041 1820 aeternam
2057 1794 2204 1820 mortem
2223 1795 2257 1821 et

1271 1852 1433 1885 poenam.

1375 1898 1415 1931 In
1438 1897 1492 1931 his
1515 1899 1679 1931 fluctibus
1696 1905 1728 1932 et
1742 1898 1905 1942 procellis
1920 1898 2115 1942 opitulatur
2132 1896 2258 1931 huma-

1273 1963 1337 1983 nae
1368 1950 1477 1982 menti
1510 1962 1576 1982 vox
1600 1948 1686 1987 Dei,
1722 1956 1753 1982 et
1788 1949 1953 1993 proponit
1980 1949 2257 1982 consolationem

1273 2003 1428 2045 ignotam
1454 2000 1585 2033 rationi
1611 2007 1643 2033 et
1666 1997 1929 2044 philosophiae,
1962 2011 2001 2032 ac
2024 2006 2171 2033 testatur
2195 2013 2259 2034 vo-

1274 2054 1443 2086 luntatem
1467 2051 1533 2085 Dei
1563 2062 1652 2090 esse,
1688 2063 1760 2083 non
1784 2051 1928 2095 perdere
1951 2062 2008 2083 eos
2032 2062 2119 2095 quos
2144 2051 2257 2094 punit,

1274 2105 1331 2136 sed
1364 2102 1536 2146 castigatis
1570 2102 1767 2142 ignoscere,
1797 2101 1825 2133 si
1855 2101 1999 2134 credant
2031 2102 2259 2146 promissioni

1275 2154 1404 2197 gratiae
1421 2160 1564 2198 propter
1574 2152 1706 2185 Filium
1718 2151 1783 2185 Dei
1801 2151 2004 2195 promissae.
2058 2151 2260 2186 SicutPau-

1275 2206 1329 2238 lus
1360 2205 1529 2238 clamitat:
1566 2202 1749 2237 Conclusit
1773 2203 1873 2236 Deus
1899 2214 2019 2236 omnes
2045 2203 2110 2236 sub
2138 2215 2260 2248 pecca-

1275 2263 1367 2296 tum,
1395 2262 1431 2289 ut
1447 2255 1605 2288 omnium
1625 2254 1849 2294 misereatur,
1877 2254 1975 2298 quasi
1993 2254 2104 2294 dicat,
2131 2266 2204 2287 non
2221 2262 2259 2289 ut

1275 2308 1416 2350 perdat,
1444 2307 1500 2339 sed
1522 2305 1636 2350 potius
1655 2311 1693 2338 ut
1709 2305 1832 2337 reddat
1849 2305 1995 2338 salutem
2012 2304 2260 2339 invocantibus

1276 2358 1403 2400 ipsum.
1465 2356 1562 2390 Sicut
1589 2355 1692 2387 dixit:
1731 2354 1859 2388 Invoca
1885 2367 1941 2388 me
1967 2355 2004 2388 in
2030 2356 2087 2388 die
2111 2356 2259 2390 tribula-

1276 2409 1381 2442 tionis
1393 2434 1401 2446 ,
1429 2415 1463 2441 et
1480 2407 1626 2451 eripiam
1643 2413 1687 2441 te.

1378 2475 1455 2508 Hae
1479 2481 1512 2507 et
1535 2473 1666 2506 similes
1691 2473 1940 2518 promissiones
1960 2474 2155 2518 infigendae
2178 2483 2260 2510 sunt

1277 2527 1421 2566 animis,
1455 2533 1488 2559 et
1514 2525 1744 2558 discernenda
1771 2522 1855 2557 haec
1880 2525 2039 2558 doctriua
2065 2523 2260 2570 Propheta-

1277 2590 1375 2618 rum,
1409 2590 1425 2609 a
1451 2573 1676 2621 philosophia
1709 2583 1741 2610 et
1771 2575 1903 2608 iudicio
1933 2576 2080 2609 rationis
2106 2584 2137 2610 et
2164 2577 2260 2621 legis.

1279 2629 1360 2663 Ideo
1386 2628 1479 2660 enim
1504 2627 1707 2670 diligentius
1733 2625 1900 2670 repetitae
1922 2633 2003 2659 sunt
2025 2624 2090 2660 hae
2111 2628 2260 2671 promis-

1276 2681 1390 2713 siones
1408 2679 1445 2711 in
1464 2678 1645 2712 sententiis
1662 2684 1694 2711 et
1711 2677 1894 2722 exemplis,
1920 2683 1958 2710 ut
1972 2677 2145 2712 discamus
2159 2679 2261 2713 aliter

2348 1038 2355 1142 ...uz-s<⁴
2348 948 2354 1007 ..a—m
2350 878 2353 930 -ss
