2379 2948
142 107 237 146 1045
725 109 790 146 lx.

273 197 608 243 Argumentum
644 208 698 231 ac
735 195 998 242 dispositio

475 264 633 304 Psalmi
673 265 795 306 XIX.

187 393 301 416 nuum
319 386 399 418 eius
415 383 623 416 annunciat
641 380 935 428 firmamentum.

242 449 346 483 Prior
370 456 403 482 et
427 448 566 491 longior
588 459 667 492 pars
686 448 816 480 Psalmi
840 455 889 482 est
914 449 1070 483 narratio
1087 462 1125 483 ac

139 497 324 544 prophetia
349 502 392 532 de
412 498 605 541 Evangelio
630 500 827 542 spargendo
850 512 913 544 per
935 507 1048 534 totum
1068 513 1124 534 or—

139 553 219 585 bem
251 559 442 590 terrarum,
477 550 521 581 de
552 550 706 583 adventu
735 548 869 584 Christi
898 558 931 584 et
963 551 1126 594 gloriosis

140 604 213 637 eius
235 601 409 640 victoriis,
436 601 479 633 de
505 600 654 633 efficacia
681 601 801 642 verbi,
829 614 898 647 quo
915 601 1011 636 Deus
1027 609 1125 646 pate-

138 655 194 696 fit,
222 659 253 686 et
271 651 449 694 colligitur
466 658 607 684 aeterna
624 649 789 684 Ecclesia.

245 702 284 736 ln
304 702 371 734 fine
390 702 506 735 brevis
523 703 684 735 doctrina
703 703 845 736 additur
862 704 905 736 de
923 703 1127 736 discrimine

138 756 278 800 piorum
294 759 327 786 et
344 753 547 795 impiorum,
575 760 606 787 et
623 754 776 797 precatio
792 755 835 787 de
851 755 1011 798 peccatis,
1039 767 1128 799 quae

137 806 274 850 reliqua
297 810 379 838 sunt
405 803 444 836 in
470 804 600 837 renatis
624 804 661 836 in
686 802 750 837 hac
774 805 862 845 vita,
889 812 922 839 et
939 806 982 837 de
999 806 1128 848 guber-

138 857 282 890 natione
311 866 378 899 qua
402 866 437 888 se
461 854 498 887 in
524 855 707 889 doctrinae
734 855 914 890 intellectu
938 862 971 889 et
993 857 1128 900 profes-

136 908 235 942 sione
250 906 320 949 regi
340 906 435 947 petit.

238 955 316 991 Etsi
337 963 454 990 autem
473 955 594 989 ludaei
620 956 769 1000 primam
795 965 930 1001 partem
947 964 1129 1001 exponunt

138 1010 182 1043 de
203 1008 401 1051 creatione,
426 1008 464 1040 in
482 1005 573 1040 hanc
590 1008 820 1048 sententiam,
848 1009 965 1042 Deum
987 1009 1128 1052 agnosci

138 1073 178 1094 ex
204 1059 399 1100 creatione,
425 1071 465 1091 ex
488 1058 643 1090 motibus
668 1059 877 1092 coelestibus
900 1066 932 1092 et
956 1060 1129 1092 ordinatis

136 1119 339 1155 temporum
364 1110 518 1147 vicibus,
547 1121 635 1153 quae
658 1116 749 1142 certe
769 1116 851 1143 sunt
868 1110 1067 1143 testimonia
1087 1111 1129 1143 de

138 1169 257 1196 mente
280 1167 420 1194 aeterna
439 1158 736 1198 architectatrice‚
764 1167 795 1193 et
814 1162 1006 1194 ostendunt
1023 1173 1129 1193 mun-

139 1215 225 1247 dum
250 1223 323 1245 non
346 1212 498 1245 extitisse
521 1223 617 1243 casu:
653 1217 769 1243 tamen
794 1209 876 1244 huic
899 1211 1128 1255 descriptioni

139 1265 182 1297 de
201 1263 323 1303 coelis,
351 1263 393 1295 de
411 1269 532 1301 nocte,
560 1260 661 1301 Sole,
689 1262 870 1305 perspicue
888 1262 1010 1294 inserit
1028 1274 1130 1294 men-

137 1316 270 1349 tionem
290 1314 332 1345 de
352 1313 632 1357 praedicatione,
659 1318 691 1344 et
708 1319 824 1355 postea
842 1313 939 1346 addit
955 1313 1130 1346 laudatio-

138 1377 220 1398 nem
259 1364 371 1398 verbi.
443 1362 622 1407 Loquitur
658 1363 766 1405 igitur
803 1363 845 1395 de
878 1363 1130 1407 propagatione

138 1414 325 1458 Evangelii
350 1420 382 1447 et
402 1414 531 1446 noticia
548 1412 614 1446 Dei
632 1424 772 1445 accensa
792 1425 854 1457 per
870 1426 990 1446 vocem
1009 1411 1129 1446 Evan-

139 1466 242 1511 getii,
271 1476 343 1498 non
362 1471 499 1498 tantum
520 1465 562 1497 de
580 1475 637 1504 ea,
664 1476 753 1508 quae
769 1464 921 1497 sumitur
934 1476 973 1497 ex
990 1464 1130 1508 opificio

140 1516 280 1551 mundi.
340 1514 387 1549 Et
418 1526 578 1559 expresse
609 1515 729 1548 attexit
754 1514 790 1546 in
812 1515 880 1547 fine
903 1522 1129 1559 praeceptum

141 1570 185 1602 de
208 1567 394 1600 retinendo
419 1567 529 1599 verbo
553 1564 638 1603 Dei,
675 1573 707 1598 et
734 1566 779 1598 ita
804 1566 973 1599 discernit
1001 1566 1076 1610 pios
1099 1573 1132 1599 et

141 1618 280 1663 impios,
335 1617 392 1649 llli
416 1623 516 1654 sunt,
546 1616 684 1661 iuquit,
720 1616 810 1648 servi
838 1617 907 1656 tui,
934 1617 995 1661 qui
1020 1617 1130 1659 legem

141 1678 239 1704 tuam
273 1668 422 1701 audiunt
454 1674 486 1700 et
515 1666 729 1700 custodiunt.
789 1665 827 1699 ld
854 1667 948 1699 enim
970 1668 1133 1700 adfirmat

141 1720 351 1754 versiculus:
387 1716 539 1751 Etenim
567 1729 690 1750 servus
713 1720 797 1750 tuus
820 1709 1061 1761 dimmonefit,
1096 1718 1132 1750 id

143 1779 214 1812 est,
250 1771 412 1804 eruditur
441 1780 505 1815 per
534 1780 596 1807 ea,
633 1775 666 1802 et
699 1769 911 1802 custodienti
944 1769 1132 1802 retributio

143 1834 281 1866 magna.

246 1871 319 1907 Nec
338 1871 467 1905 noticia
486 1877 600 1904 sumta
621 1883 659 1903 ex
677 1877 837 1903 motuum
856 1870 1058 1904 coelestium
1075 1882 1133 1904 or-

144 1925 246 1965 dine,
273 1924 348 1956 sine
374 1923 482 1954 verbo
506 1921 592 1961 Dei,
619 1921 727 1964 giguit
750 1919 961 1962 Ecclesiam,
986 1923 1045 1954 sed
1072 1933 1134 1954 ne-

145 1987 236 2009 cesse
254 1981 303 2007 est
320 1975 484 2007 accedere
501 1985 621 2006 vocem
637 1971 836 2016 Evangelii.
893 1972 982 2005 Nam
1004 1973 1135 2005 noticia

146 2027 207 2059 illa
232 2022 475 2070 philosophica
502 2025 606 2057 etiam
630 2023 792 2065 gentibus
816 2031 899 2057 nota
924 2030 993 2064 est,
1022 2031 1055 2056 et
1078 2030 1134 2056 ut-

148 2088 286 2121 cunque
310 2083 359 2108 est
383 2075 553 2119 particula
579 2075 663 2116 legis
684 2073 771 2114 Dei,
799 2075 857 2107 sed
884 2087 956 2107 nou
980 2074 1135 2118 comple-

148 2124 495 2169 ctiturEvangelium
512 2127 554 2159 de
572 2125 1029 2170 remissione'peccatorum.
1063 2123 1136 2158 Re-

148 2179 325 2212 tineamus
348 2177 454 2219 igitur
479 2183 573 2210 certo
596 2174 688 2209 hanc
712 2177 920 2210 sententiam
945 2177 987 2208 de
1008 2187 1136 2220 propa-

149 2229 289 2274 gatione
305 2226 489 2270 Evangelii
513 2234 546 2261 et
568 2229 611 2260 de
633 2229 787 2260 adventu
806 2234 839 2261 et
858 2227 1013 2260 victoriis
1030 2224 1137 2260 Chri-

150 2280 193 2314 sti
226 2277 322 2312 hunc
346 2277 524 2311 Psalmum
553 2279 774 2318 concionari,
806 2286 837 2312 et
865 2279 1000 2323 priores
1028 2278 1137 2310 versi-

151 2330 249 2364 culos
271 2331 314 2362 de
331 2329 408 2362 loco
426 2335 459 2361 et
477 2335 633 2372 tempore
650 2330 900 2373 intelligendos
919 2341 1006 2362 esse:
1034 2325 1140 2362 Coeli

152 2384 330 2415 enarrant
353 2377 516 2424 gloriam
533 2377 624 2418 Dei,
653 2380 688 2413 id
713 2387 783 2419 est,
811 2381 943 2425 ubique
963 2381 1139 2424 spargitur
1164 2393 1165 2401 ¹

151 2445 218 2466 vox
236 2430 433 2474 Evangelii.
488 2429 589 2463 Item:
618 2428 712 2464 Dies
736 2429 811 2465 diei
828 2436 964 2465 eructat
983 2430 1138 2470 verbum,

152 2484 190 2517 id
221 2490 289 2522 est,
324 2488 441 2515 manet
471 2481 508 2513 in
533 2487 604 2514 tota
629 2483 831 2516 aeternitate
853 2496 919 2516 vox
941 2482 1139 2525 Evangelii,
1165 2489 1166 2506 t

154 2547 218 2568 nec
247 2533 470 2578 opprimetur
501 2532 574 2564 ulla
606 2533 761 2575 potentia
795 2534 996 2578 impiorum.
1058 2533 1138 2566 Non

155 2593 237 2619 sunt
254 2585 413 2629 loquelae
429 2595 542 2628 neque
556 2594 733 2616 sermones
744 2596 893 2628 quorum
907 2597 978 2617 non
992 2585 1140 2617 audian-

155 2643 214 2670 tur
236 2648 356 2675 voces,
384 2635 419 2668 id
444 2641 512 2674 est,
536 2633 767 2676 Evangelium
790 2642 915 2667 sonant
931 2647 1052 2668 omnes
1070 2636 1141 2668 lin-

156 2699 241 2730 guae
264 2698 424 2731 sparsum
448 2686 540 2719 inter
555 2696 676 2718 omnes
694 2692 822 2728 gentes,
875 2684 922 2719 Et
939 2684 1023 2720 haec
1040 2698 1139 2730 prae-

848 108 1214 146 COMMENTARII
1247 109 1299 145 IN
1330 109 1574 147 PSALMOS.

188 330 287 365 Coele·
318 335 502 365 enarrant
529 331 688 376 yloriam
712 332 807 370 Dei,
843 334 881 364 et
904 341 1019 374 opera
1044 342 1126 365 ma-
1152 311 1155 368 l
1179 310 1216 330 m
1234 296 1409 338 Ecclesia,
1437 306 1475 332 ut
1494 298 1567 331 8⁰1¹
1589 311 1626 330 m
1646 299 1754 331 coelo.

2072 112 2169 149 1046

1180 195 1309 230 dicatio
1330 197 1372 229 ad
1398 197 1482 242 quid
1508 196 1667 231 instituta
1693 196 1769 230 est?
1819 193 1877 230 Ad
1900 192 2081 231 Christum
2106 194 2169 231 Fi-

1179 247 1267 280 lium
1281 247 1350 281 Dei
1368 249 1650 282 monstrandum.
1704 246 1798 281 Huic
1815 247 1960 290 ponitur
1975 248 2168 281 tentorium

1808 297 1876 330 Hic
1893 295 2056 331 Christus
2071 305 2169 342 pate-

1180 349 1233 389 fit,
1261 346 1318 381 hic
1343 356 1393 382 est
1415 349 1494 381 fons
1517 349 1623 387 lucis,
1651 355 1691 382 ut
1706 348 1768 382 Sol
1795 349 1874 381 fons
1901 356 1950 382 est
1977 347 2170 393 corporalis

1179 399 1277 432 lucis.

1282 457 1421 491 Deinde
1445 458 1604 502 sequitur
1621 458 1908 491 commemoratio
1925 459 1968 491 de
1985 457 2170 502 Evangelii

1180 509 1327 542 efficacia
1345 515 1376 542 et
1393 509 1436 541 de
1451 509 1647 542 ministerio
1665 509 1880 551 evangelico:
1908 505 1994 542 Lex
2010 507 2171 542 Domini

1181 558 1412 606 incorrupta,
1441 559 1477 592 id
1501 566 1571 599 est,
1599 558 1684 592 haec
1700 559 1860 592 doctrina
1880 560 2030 592 revelata
2047 572 2064 592 a
2083 558 2170 600 Deo,

1180 623 1261 643 vere
1277 617 1311 643 et
1327 612 1529 653 incorrupte
1547 617 1718 643 monstrat
1735 610 1953 643 voluntatem
1964 608 2041 644 Dei.
2084 610 2169 643 Sola

1181 662 1234 694 lex
1260 661 1355 694 Mosi
1387 673 1460 693 non
1490 661 1647 694 ostendit
1668 661 1909 693 remissionem
1934 666 2170 703 peccatorum,

1182 709 1407 756 philosophia
1438 723 1521 744 vero
1555 711 1800 755 multipliciter
1829 711 1872 743 de
1894 708 1970 743 Deo
1992 717 2099 743 errat:
2138 718 2173 744 at

1183 775 1248 795 vox
1274 761 1461 806 Evangelii
1494 763 1637 795 damnat
1671 768 1850 805 peccatum
1881 767 1914 793 et
1937 761 2093 793 ostendit
2117 773 2173 793 re-

1183 814 1387 846 missionem
1413 820 1634 857 peccatorum
1659 819 1803 857 propter
1827 810 1958 844 Filium
1981 809 2060 846 Dei.
2127 809 2174 844 Et

1182 862 1267 897 haec
1286 877 1352 897 vox
1370 864 1646 897 consolationem
1660 890 1669 904 ,
1696 863 1869 896 laeticiam
1889 868 1920 895 et
1938 861 2045 895 vitam
2061 868 2173 895 aeter·

1183 927 1263 947 nam
1301 915 1480 948 mentibus
1519 915 1649 955 adfert,
1684 921 1719 947 et
1751 919 1800 946 est
1829 919 1969 946 aeterna
2001 912 2173 956 sapientia

1183 978 1347 998 mansura
1377 965 1542 998 nobisum
1574 966 1611 997 in
1645 965 1715 997 vita
1746 971 1898 997 aeterna.
1954 962 2036 996 Ideo
2069 963 2173 996 dicit:

1184 1014 1315 1049 Timor
1338 1014 1499 1049 Domini
1522 1013 1682 1048 mundus
1703 1018 1890 1060 permanet
1914 1012 1953 1045 in
1977 1017 2174 1051 aeternum,

1185 1068 1218 1099 id
1244 1074 1312 1107 est,
1341 1065 1398 1100 hic
1424 1067 1538 1100 cultus
1562 1065 1648 1103 Dei,
1676 1078 1779 1111 quem
1805 1067 1905 1097 docet
1928 1077 1996 1097 vox
2013 1062 2176 1108 Evange—

1184 1118 1242 1159 lii,
1270 1125 1319 1151 est
1337 1119 1510 1157 mundus,
1537 1115 1612 1150 Deo
1632 1117 1771 1160 placens
1788 1123 1962 1149 aeternus.

1287 1176 1418 1210 Versus
1442 1176 1651 1209 undecimus
1674 1175 1863 1208 discrimen
1890 1173 2029 1217 piorum
2051 1181 2083 1207 et
2109 1174 2177 1206 im-

1185 1229 1324 1272 piorum
1346 1228 1469 1261 tradit:
1507 1228 1554 1270 pii
1581 1233 1681 1266 sunt,
1709 1238 1771 1258 seu
1796 1224 1887 1257 servi
1912 1223 1999 1264 Dei,
2027 1225 2088 1268 qui
2111 1235 2177 1257 au-

1185 1279 1289 1312 diunt
1322 1285 1355 1312 et
1385 1278 1590 1311 custodiunt
1616 1275 1706 1309 hanc
1730 1275 1928 1308 doctrinam
1954 1276 1996 1307 de
2022 1273 2177 1315 Christo,

1185 1342 1273 1374 quae
1296 1329 1332 1361 in
1357 1336 1469 1362 totum
1493 1329 1614 1361 orbem
1633 1334 1809 1359 terrarum
1826 1337 1944 1368 sparsa
1962 1331 2023 1358 est.
2075 1324 2122 1359 Et
2139 1323 2177 1357 hi

1185 1378 1369 1413 habebunt
1387 1379 1493 1412 vitam
1511 1385 1701 1411 aeternam.

1288 1438 1446 1471 Additur
1463 1436 1631 1469 obiectio:
1661 1433 1709 1468 At
1724 1441 1842 1468 manet
1859 1442 2037 1479 peccatum
2055 1434 2092 1466 in
2107 1446 2180 1467 ser-

1186 1489 1238 1522 vis
1270 1488 1363 1522 Dei?
1416 1486 1508 1521 Huic
1547 1486 1738 1520 obiectioni
1779 1487 1984 1529 respondet:
2022 1484 2091 1519 Ubi
2129 1492 2179 1519 est

1186 1540 1318 1583 agnitio
1334 1537 1546 1582 Evangelii?
1574 1538 1610 1570 id
1634 1544 1702 1577 est,
1730 1548 1810 1569 vera
1827 1537 1912 1569 fides
1929 1543 1962 1570 et
1979 1547 2082 1569 verus
2102 1536 2178 1569 cul-

1186 1598 1241 1625 tus
1266 1591 1302 1623 in
1326 1591 1448 1631 corde,
1476 1589 1611 1623 etiamsi
1635 1594 1781 1620 manent
1806 1593 1943 1630 peccata
1960 1598 2033 1620 non
2050 1586 2179 1620 volun-

1187 1642 1293 1682 taria,
1320 1648 1359 1674 ut
1378 1652 1503 1683 magna
1522 1646 1572 1673 est
1590 1638 1813 1671 imbecillitas
1830 1644 1976 1670 naturae
1995 1635 2181 1677 humanae,

1187 1700 1305 1726 tamen
1337 1692 1419 1724 illae
1450 1691 1572 1725 sordes
1604 1689 1853 1727 remittuntur,
1887 1695 1920 1722 et
1950 1699 2006 1721 eas
2037 1685 2095 1721 hic
2123 1699 2180 1720 re—

1188 1743 1278 1776 mitti
1297 1742 1397 1786 petit.

1291 1801 1424 1834 Versus
1447 1799 1603 1832 decimus
1626 1797 1751 1831 tertius
1768 1797 1958 1830 discrimen
1974 1797 2082 1831 tradit
2100 1808 2180 1841 pec-

1189 1861 1345 1887 catorum
1361 1865 1366 1884 :
1391 1848 1440 1883 A!
1457 1863 1480 1882 a
1496 1848 1659 1896 superbis
1677 1845 1864 1881 custodias
1882 1859 1956 1889 me,
1979 1848 2012 1880 id
2033 1854 2103 1887 est,
2127 1847 2180 1892 fac

1189 1913 1227 1938 ut
1259 1915 1374 1936 veram
1407 1903 1530 1941 fidem,
1575 1901 1758 1939 timorem,
1801 1899 2062 1932 invocationem
2095 1899 2182 1931 reti-

1190 1967 1291 1988 neam
1305 1982 1313 1994 ,
1341 1965 1405 1985 nec
1431 1953 1506 1984 sine
1527 1963 1581 1983 me
1597 1948 1753 1983 abstrahi
1771 1962 1833 1993 per
1849 1949 2039 1993 superbos,
2066 1949 2102 1981 id
2121 1955 2182 1988 est,

1190 2018 1252 2050 per
1269 2004 1398 2048 impios
1412 2004 1590 2042 doctores,
1618 2008 1853 2034 contemtores
1865 1998 2070 2042 Evangelii,
2094 1998 2181 2042 Epi-

1191 2068 1331 2094 cureos,
1371 2055 1573 2087 defensores
1602 2052 1794 2096 impiorum
1824 2052 2046 2093 dogmatum:
2084 2047 2182 2082 hunc

1191 2109 1325 2152 lapsum
1339 2102 1501 2150 prohibe.

1294 2165 1334 2199 ln
1350 2171 1527 2209 postremo
1545 2173 1648 2195 versu
1666 2160 1752 2205 petit
1767 2167 1806 2194 ut
1822 2161 2039 2203 gubernetur
2058 2170 2076 2191 a
2091 2158 2182 2198 Deo,

1191 2225 1230 2251 ut
1265 2216 1463 2250 doctrinam
1494 2212 1681 2256 Evangelii
1715 2218 1806 2244 recte
1832 2211 2005 2253 intelligat
2040 2215 2072 2243 et
2095 2219 2183 2252 pure

1192 2271 1325 2303 doceat.

1294 2325 1410 2360 Multa
1440 2324 1549 2367 igitur
1577 2320 1634 2355 hic
1657 2321 1817 2354 Psalmus
1845 2317 2021 2358 continet,
2057 2317 2182 2351 vatici-

1192 2386 1297 2413 natur
1316 2379 1359 2410 de
1380 2374 1631 2421 propagatione
1648 2370 1831 2413 Evangelii
1853 2381 1914 2412 per
1929 2375 2041 2401 totum
2059 2368 2181 2401 orbem

1193 2438 1386 2468 terrarum,
1413 2425 1588 2470 promittit
1605 2424 1794 2456 adventum
1813 2419 1895 2453 Filii
1909 2417 1993 2459 Dei,
2021 2419 2183 2452 adfirmat

1194 2479 1429 2514 ministerium
1455 2474 1643 2518 Evangelii
1670 2485 1741 2506 esse
1767 2471 1906 2510 efficax,
1931 2476 1969 2502 ut
1996 2469 2029 2501 2.
2045 2468 2129 2503 Cor.
2147 2469 2182 2503 3.

1195 2533 1342 2569 dicitur,
1368 2530 1534 2561 admonet
1561 2536 1626 2558 nos
1649 2525 1692 2557 de
1717 2528 1856 2568 peccato
1881 2526 2046 2553 manente
2072 2520 2108 2552 in
2126 2532 2182 2553 re-

1195 2584 1304 2621 natis,
1339 2581 1420 2613 item
1455 2579 1498 2610 de
1523 2575 1730 2609 remissione
1754 2579 1997 2618 peccatorum,
2033 2570 2114 2604 item
2139 2572 2183 2603 de

1196 2631 1398 2667 discrimine
1422 2635 1664 2672 peccatorum,
1691 2632 1725 2659 et
1750 2626 1793 2658 de
1818 2621 2073 2666 gubernatione
2100 2620 2181 2664 Spi-

1196 2686 1284 2724 ritus
1307 2680 1430 2716 sancti.
1483 2677 1530 2712 Ut
1554 2684 1671 2711 autem
1697 2676 1770 2721 ipse
1792 2673 2034 2708 remissionem
2058 2682 2181 2716 pecca-

1614 2728 1661 2761 66
1676 2723 1695 2742 '⁶
