2379 2948
76 88 172 125 1509
662 84 727 120 lX.

173 173 225 207 Ita
251 173 357 206 simul
384 172 544 215 adiungit
569 168 746 215 Propheta
769 169 946 203 beneficiis
972 176 1061 203 tem-

71 225 252 270 poralibus
277 231 428 258 aeterna.
494 222 571 257 Etsi
600 222 693 255 enim
721 221 927 265 temporalia
952 220 1061 263 magis

72 277 254 310 incurrant
292 275 328 308 in
359 275 497 308 oculos:
543 280 658 307 tamen
691 273 720 305 si
754 284 826 305 non
857 272 1062 304 accederent

72 334 232 367 aeterna,
268 337 432 370 praesens
464 325 624 358 liberatio
652 335 724 357 non
750 323 867 366 magni
891 322 1061 355 momenti

73 384 170 412 esset.
224 377 347 421 Itaque
365 388 443 410 cum
461 373 637 418 Propheta
657 375 816 419 loquitur
832 375 874 406 de
894 374 1061 417 operibus

71 428 158 468 Dei,
185 428 228 460 de
254 428 382 467 verbo,
409 425 725 470 promissionibuS,
753 426 885 458 directa
910 431 959 458 est
976 425 1061 457 fides

72 479 110 512 in
132 485 271 512 aeterna
289 478 382 511 bona
401 484 433 511 et
451 477 487 509 in
505 476 776 521 promissionem
795 477 836 509 de
854 476 1060 509 remissione

72 536 306 574 peccatorum,
334 530 377 562 de
395 528 569 562 abolendo
588 534 727 572 peccato
746 534 778 560 et
795 534 918 567 morte,
947 528 989 559 de
1007 539 1062 559 re-

72 580 263 614 novatione
280 587 438 620 naturae,
465 580 507 612 de
525 591 614 612 nova
631 585 664 612 et
680 585 819 611 aeterna
836 579 918 613 vita.
966 577 1062 611 Haec

72 631 230 677 ingentia
263 631 430 664 beneficia
461 630 724 674 complectitur,
760 627 845 663 haec
873 629 1061 673 praedicat,

72 681 156 716 haec
170 682 247 715 vult
259 681 413 726 conspici
427 688 459 715 et
470 681 537 714 fide
551 681 673 725 accipi,
697 693 760 725 pro
773 679 828 714 his
841 681 909 724 agit
922 680 1060 723 gratias.

121 764 299 801 Sanctum
332 770 362 799 et
396 764 556 799 terribile
588 777 717 799 nomen
751 766 839 801 eius.
903 763 1060 798 Initium

174 816 380 865 sapientiae
397 816 506 851 timor
522 815 695 853 Domini.

173 885 315 919 Adiecit
347 883 601 930 epiphonema,
636 886 730 931 quod
759 892 808 918 est
836 884 946 918 veluti
978 896 1062 917 con-

70 937 183 971 clusio
202 937 393 981 gratiarum
409 937 576 977 actionis,
604 937 809 981 praedicans
826 935 938 970 Deum
956 933 1062 968 huius

72 988 217 1033 populi,
251 988 366 1021 solum
395 999 517 1021 verum
542 999 614 1020 esse
639 987 770 1021 Deum:
807 987 956 1032 ideoque
983 998 1062 1018 vere

71 1051 152 1073 eum
175 1039 373 1072 timendum
399 1050 482 1072 esse.
540 1036 603 1072 Est
620 1039 727 1082 igitur
744 1038 903 1083 opposita
923 1044 1062 1070 senten-

71 1090 118 1123 tia
143 1090 297 1134 primum
324 1088 504 1123 ldolatris:
533 1086 677 1123 IVomen
699 1087 861 1122 Domini
881 1092 1062 1126 sanctum,

71 1141 108 1174 id
135 1147 202 1181 est,
236 1141 574 1179 incontaminatum,
602 1153 675 1174 non
699 1141 874 1185 pollutum
898 1137 1063 1172 humanis

72 1192 264 1225 erroribus.
319 1191 359 1225 Id
384 1198 452 1232 est,
480 1190 548 1224 Hic
572 1199 691 1225 noster
706 1191 801 1225 Deus
820 1203 893 1224 non
910 1197 958 1223 est
978 1202 1063 1223 cou-

69 1243 174 1277 ssatus
208 1240 366 1276 humano
397 1254 534 1283 errore,
568 1243 658 1276 sicut
681 1242 780 1275 Mars
806 1248 865 1275 aut
886 1238 1062 1274 Bacchus:

71 1294 132 1327 sed
155 1294 362 1327 invocamus
387 1293 489 1326 illum
513 1292 650 1334 Deum,
677 1294 738 1337 qui
765 1305 844 1326 vere
861 1291 956 1325 Deus
980 1303 1062 1324 san—

71 1351 147 1379 ctus
163 1351 236 1385 est,
264 1351 296 1378 et
313 1356 348 1377 se
365 1344 523 1387 patefecit
542 1356 604 1387 per
621 1345 768 1376 verbum
787 1355 900 1377 suum.

174 1394 356 1438 Significat
389 1394 498 1437 igitur
528 1392 726 1435 Sanctum,
766 1407 853 1438 pure
886 1394 1062 1426 divinum.

69 1444 117 1480 Et
133 1452 366 1490 opponuntur
383 1444 512 1479 Sancto
530 1443 616 1479 haec
633 1447 720 1479 duo:
749 1444 810 1479 Dii
829 1444 1063 1479 commentitii

71 1504 105 1531 et
127 1496 312 1540 excogitati
328 1494 486 1529 humano
504 1508 640 1535 errore,
669 1503 702 1530 et
718 1496 833 1530 cultus
852 1496 972 1539 impii,
1002 1495 1062 1540 qui

71 1548 238 1593 polluunt
262 1547 388 1582 Deum.
450 1546 532 1580 Non
565 1547 660 1580 enim
692 1547 857 1581 tribuunt
880 1545 955 1580 Deo
984 1558 1064 1579 vere

71 1597 265 1640 honorem,
299 1599 394 1643 quod
420 1598 644 1639 miscreatur,
677 1599 774 1642 quod
797 1598 975 1631 exaudiat:
1004 1604 1064 1630 aut

70 1651 226 1694 fingunt,
252 1650 345 1694 quod
374 1655 520 1693 propter
544 1649 628 1682 talia
654 1661 759 1692 opera
786 1649 829 1682 ab
854 1649 939 1692 ipsis
963 1660 1064 1681 exco—

69 1702 178 1745 gitata
205 1701 388 1741 exaudiat,
424 1700 512 1733 sicut
535 1699 716 1733 Manasses
740 1706 772 1733 et
797 1700 857 1732 alii
885 1699 1064 1742 fingebant

71 1764 108 1786 se
134 1752 294 1785 exaudiri
318 1757 462 1795 propter
482 1763 571 1795 opus
595 1757 754 1791 tantum,
791 1750 944 1790 scilicet,
979 1762 1062 1794 pro-

72 1810 150 1848 pter
173 1801 345 1836 humanas
368 1799 511 1835 hostias.
572 1801 722 1835 Talibus
746 1813 876 1834 nomen
901 1800 967 1834 Dei
990 1813 1062 1833 non

72 1861 125 1888 est
142 1860 300 1887 sanctum
315 1880 323 1893 ,
351 1853 385 1885 id
405 1859 474 1894 est,
500 1864 629 1896 purum
649 1859 682 1885 et
699 1865 777 1886 vere
796 1853 977 1893 divinum,
1004 1853 1061 1885 sed

72 1905 139 1950 ipsi
155 1904 323 1950 polluunt
339 1902 453 1937 Deum
472 1904 543 1936 suis
563 1903 847 1946 cogitationibus.

175 1954 315 1989 Deinde
340 1954 499 1987 terrIbile
525 1954 716 1997 significat,
750 1953 865 1988 Deum
892 1967 965 1988 non
993 1967 1064 1988 esse

73 2007 230 2041 ociosum
254 2013 287 2039 et
309 2006 449 2038 inanem
476 2006 652 2044 fabulam,
681 2006 740 2038 sed
759 2018 839 2038 vere
859 2017 930 2038 esse
949 2006 1064 2039 effica-

74 2071 169 2098 cem,
195 2057 404 2090 liberantem
425 2056 502 2100 pios
519 2063 551 2090 et
569 2056 774 2100 punientem
792 2057 930 2100 impios.
985 2054 1065 2101 Op-

74 2115 258 2154 ponuntur
276 2119 362 2151 ergo
382 2107 541 2153 utrisque
560 2105 626 2140 hae
645 2108 918 2152 appellationes,
948 2107 1063 2142 idola-

73 2161 137 2195 tris
156 2167 189 2194 et
206 2157 409 2203 Epicureis,
437 2159 519 2203 quia
534 2159 676 2203 utrique
692 2160 857 2203 polluunt
872 2158 985 2193 Deum
1004 2172 1064 2194 sua

72 2211 344 2255 imaginatione:
373 2209 515 2254 utrique
532 2210 670 2253 fingunt
688 2223 760 2244 non
778 2222 850 2244 esse
869 2211 1065 2244 terribilem

73 2275 133 2297 seu
150 2263 335 2296 efficacem.
373 2259 463 2293 Nam
472 2258 640 2304 Epicurei
654 2262 795 2306 fingunt
809 2263 965 2295 ociosum
982 2274 1066 2301 esse,

75 2321 109 2348 et
144 2312 320 2346 Idolatrae
346 2317 491 2345 manent
513 2313 550 2344 in
574 2312 815 2354 dubitatione,
849 2321 908 2347 aut
929 2314 1066 2358 fingunt

75 2377 110 2399 se
141 2365 252 2398 iustos
280 2374 353 2396 esse
379 2362 449 2395 suis
475 2362 648 2404 cultibus,
682 2377 747 2398 nec
769 2366 896 2399 timent
922 2363 986 2398 Dei
1012 2366 1067 2398 iu—
1093 2376 1095 2384 ³

1093 2425 1095 2464 j
1123 2417 1233 2449 multa
1256 2415 1454 2448 moliuntur
1471 2412 1637 2447 humanis
1655 2411 1831 2451 consiliis,
1857 2419 1921 2441 nec
1938 2408 2113 2450 quaerunt

1094 2465 1095 2468 ¹
1122 2467 1293 2501 auxilium
1311 2465 1388 2501 Dei.

1094 2522 1096 2563 ζ
1124 2516 1301 2558 humano,
1338 2529 1411 2550 non
1442 2516 1611 2549 invocans
1643 2513 1778 2553 Deum,
1812 2516 1960 2545 conatur
1991 2505 2113 2552 oppri-

175 2565 426 2601 Ratiocinatur
457 2578 677 2612 consequens
708 2581 747 2601 ex
781 2567 1067 2613 epiphonemate.
1094 2577 1096 2581 ·

76 2415 220 2450 dicium.

126 2501 170 2536 X.
194 2502 350 2535 Initium
367 2502 585 2544 sapientiae
602 2504 713 2536 timor
729 2503 894 2537 Domini.

73 2618 164 2654 Cum
181 2616 240 2651 hic
255 2617 349 2651 Deus
365 2617 409 2650 sit
426 2624 585 2658 sanctus,
613 2619 647 2651 id
667 2626 735 2660 est,
762 2632 849 2664 pure
865 2619 978 2661 Deus,
1007 2621 1068 2665 qui

73 2682 162 2715 pure
188 2675 222 2703 et
246 2675 338 2702 recte
362 2668 492 2703 colitur
517 2666 584 2703 hoc
608 2670 734 2709 modo,
764 2677 796 2704 et
821 2671 865 2704 sit
889 2671 1068 2713 terribilis,

785 79 1151 119 COMMENTARII
1184 79 1236 116 IN
1268 77 1510 115 PSALMOS.

2013 78 2110 113 1310

1114 171 1149 205 id
1183 177 1251 211 est,
1286 169 1423 206 efficax:
1459 167 1636 204 timendus
1666 164 1773 208 igitur
1805 169 1837 196 et
1862 161 2030 195 colendus
2061 163 2111 195 est

1115 221 1172 256 hic
1197 222 1304 257 solus,
1356 222 1402 257 Et
1426 220 1511 255 haec
1535 226 1585 252 est
1609 229 1688 251 vera
1714 222 1748 249 et
1771 225 1845 247 non
1872 213 2028 256 peritura
2053 225 2107 246 sa-

1115 273 1265 319 pientia,
1292 271 1388 307 hunc
1400 272 1515 307 Deum
1533 280 1730 313 agnoscere.
1776 263 1910 309 Estque
1927 261 2010 296 haec
2027 275 2107 295 sen-

1115 325 1224 359 tentia
1249 326 1407 368 opposita
1431 322 1572 357 iudiciis
1597 318 1781 358 humanis,
1813 317 2016 350 discernens
2038 311 2107 347 liu-

1114 388 1255 410 manam
1286 376 1493 421 sapientiam
1523 374 1567 407 ab
1599 371 1664 405 hac
1697 367 1885 415 spirituali.
1961 364 2008 399 Et
2040 363 2107 397 hoc

1115 428 1183 462 late
1200 433 1304 471 patet.

1216 477 1375 511 Primum
1402 479 1545 511 damnat
1562 473 1776 519 Epicureos,
1804 469 1865 515 qui
1885 474 2012 511 negant
2029 465 2104 500 Deo

1115 541 1219 563 curae
1245 541 1316 562 esse
1339 542 1392 563 res
1411 527 1604 562 humanas:
1641 529 1770 567 negant
1792 522 1905 555 ullum
1934 530 2004 551 esse
2027 530 2105 550 ver-

1116 582 1199 614 bum
1217 580 1301 615 Dei:
1330 588 1363 614 et
1386 578 1478 613 hanc
1496 584 1604 622 ipsam
1625 575 1822 609 doctrinam
1842 570 1950 617 (quae
1969 576 2016 602 est
2034 576 2106 602 tra-

1117 633 1186 665 dita
1213 633 1342 676 populo
1363 630 1487 676 Israel)
1513 629 1650 671 fingunt
1675 637 1746 659 esse
1771 630 1878 657 totam
1906 620 2104 653 fabulosam

1116 690 1149 717 et
1166 683 1454 716 commentitiam.

1218 733 1319 767 Hanc
1343 733 1557 777 impietatem
1577 735 1671 763 taxat
1687 725 1744 760 hic
1763 723 1976 779 versiculus,
2004 728 2037 778 et
2055 720 2105 752 af-

1116 786 1231 818 firmat
1254 785 1486 818 contrarium:
1521 781 1623 814 Hanc
1649 790 1720 812 esse
1743 787 1862 809 veram
1887 778 2106 816 sapientiam,

1117 847 1302 879 agnoscere
1319 843 1351 869 et
1369 835 1492 868 timere
1508 833 1634 867 Deum.
1686 828 1824 863 Deinde
1840 825 1969 858 refutat
1986 822 2106 856 omnia

1116 887 1261 921 consilia
1287 885 1474 919 hominum
1501 890 1621 918 contra
1647 880 1809 913 mandata
1832 875 1917 915 Dei,
1945 873 2107 930 quamvis

1116 945 1227 971 astute
1253 937 1504 980 excogitantur.
1574 933 1673 968 Sicut
1695 930 1780 965 Saul
1805 927 1925 962 multis
1952 923 2107 980 consiliis

1117 996 1228 1022 astute
1252 988 1452 1032 excogitatis
1473 986 1619 1020 molitur
1643 983 1788 1017 exitium
1810 977 1959 1017 Davidi‚
1988 975 2046 1033 sed
2068 971 2106 1007 hi

1117 1047 1263 1074 conatus
1278 1051 1400 1073 omues
1418 1045 1499 1073 sunt
1517 1036 1620 1070 irriti.
1674 1033 1762 1066 Item
1778 1041 1901 1065 omnes
1918 1027 2107 1070 religiones

1117 1091 1275 1124 omnium
1300 1088 1486 1124 hominum
1510 1095 1542 1121 et
1565 1085 1771 1121 traditiones
1791 1080 2002 1123 excogitatae
2021 1088 2107 1109 con-

1117 1150 1168 1175 tra
1199 1142 1347 1174 verbum
1370 1141 1456 1182 Dei,
1489 1145 1572 1173 sunt
1605 1149 1733 1176 vanae,
1768 1132 1956 1177 displicent
1977 1131 2049 1161 Deo
2074 1133 2106 1159 et

1117 1205 1188 1225 non
1215 1200 1296 1225 sunt
1322 1193 1485 1225 efficaces.
1538 1188 1618 1223 Una
1634 1195 1683 1220 est
1701 1186 1808 1230 igitur
1827 1180 1997 1226 sapientia
2014 1189 2107 1218 vera,

1117 1242 1184 1277 hoc
1208 1245 1353 1276 verbum
1381 1256 1398 1276 a
1414 1242 1489 1276 Deo
1514 1240 1681 1275 traditum
1705 1237 1873 1274 retinere,
1898 1230 1982 1265 huic
1997 1229 2105 1263 verbo

1118 1295 1258 1328 credere
1276 1301 1308 1327 et
1327 1294 1482 1327 obedire.
1533 1291 1629 1324 Haec
1648 1295 1697 1322 est
1713 1297 1848 1321 summa
1866 1281 2070 1335 sententiae.

1219 1345 1308 1377 Nam
1343 1346 1436 1389 quod
1467 1344 1531 1377 ait:
1571 1339 1730 1374 Initium
1761 1332 1966 1383 sapientiae
1998 1335 2108 1364 timor

1117 1393 1297 1436 Domini,
1325 1408 1400 1428 nnn
1418 1401 1466 1428 est
1485 1393 1668 1437 pueriliter
1680 1387 1924 1432 accipiendum
1941 1385 1983 1417 de
1998 1388 2108 1426 parte,

1118 1448 1177 1480 sed
1201 1447 1343 1479 initium
1368 1443 1425 1478 hie
1453 1452 1499 1478 est
1522 1455 1576 1477 res
1594 1443 1795 1486 gubernans
1812 1448 1935 1471 omnes
1952 1433 2109 1468 actiones

1118 1509 1196 1540 erga
1214 1496 1330 1531 Deum
1354 1504 1387 1530 et
1406 1508 1485 1539 erga
1502 1493 1684 1533 homines,
1710 1498 1748 1524 ut
1765 1490 1808 1523 sit
1824 1486 2013 1522 sententia:
2042 1482 2109 1516 Ti-

1118 1561 1195 1581 mor
1217 1547 1283 1581 Dei
1315 1556 1364 1581 est
1396 1547 1567 1591 sapientia
1592 1545 1793 1588 gubernans
1817 1538 1934 1573 omnia
1962 1534 2110 1569 consilta

1118 1606 1151 1634 et
1174 1611 1296 1632 omnes
1315 1599 1469 1632 actiones
1487 1598 1524 1629 in
1542 1596 1614 1629 vita
1630 1591 1806 1638 spirituali
1822 1596 1856 1623 et
1873 1587 1981 1622 civili.
2035 1583 2109 1618 Da-

1118 1651 1177 1683 vid
1202 1648 1268 1682 hac
1293 1649 1463 1694 sapientia
1490 1652 1661 1681 sustentat
1689 1656 1723 1677 se
1748 1643 1785 1676 in
1811 1641 1882 1674 suis
1905 1637 2110 1693 pavoribus,

1119 1701 1230 1734 sciens
1254 1712 1326 1733 esse
1349 1700 1554 1733 mandatum
1572 1695 1655 1737 Dei,
1684 1707 1727 1728 ne
1744 1695 1919 1737 desperet,
1948 1690 2037 1722 sicut
2054 1688 2109 1720 ὀι-

1118 1753 1164 1786 cit
1182 1751 1322 1784 Psalmo
1343 1753 1439 1786 118,:
1468 1749 1545 1784 Nisi
1567 1749 1621 1781 lex
1636 1755 1694 1780 tua
1714 1751 1800 1778 esset
1818 1741 2003 1776 delectatio
2022 1750 2110 1778 mea,

1119 1803 1298 1847 periissem
1316 1802 1353 1835 iu
1372 1801 1574 1835 adflictione
1593 1810 1679 1833 mea.
1733 1795 1870 1830 Deinde
1887 1790 2110 1836 gubernaba-

1119 1861 1176 1887 tur
1199 1851 1265 1886 hac
1288 1853 1459 1898 sapientia
1481 1853 1518 1884 in
1541 1851 1646 1884 rebus
1662 1846 1840 1892 gerendis:
1868 1844 1949 1889 quia
1968 1848 2111 1887 propter

1118 1904 1232 1938 Deum
1256 1905 1469 1948 suscipiebat
1493 1901 1666 1947 pericula,
1694 1898 1790 1932 Deus
1815 1896 1921 1929 dabat
1938 1893 2110 1926 secundos

1119 1956 1242 1989 exitus.

1218 2006 1516 2040 Accommodetur
1528 2015 1609 2047 ergo
1620 2001 1687 2036 hoc
1699 2001 1830 2034 dictum
1846 2000 1888 2032 ad
1902 2007 2042 2031 omnem
2055 1995 2110 2026 vi-

1119 2066 1210 2098 tam,
1236 2065 1268 2091 et
1286 2069 1422 2100 semper
1439 2057 1481 2089 sit
1501 2057 1537 2088 in
1556 2060 1765 2098 conspectu,
1791 2058 1828 2084 ut
1847 2051 1959 2082 luceat
1977 2045 2109 2088 agnitio

1119 2108 1185 2143 Dei
1205 2109 1242 2141 in
1259 2109 1425 2141 omnibus
1443 2108 1602 2152 partibus
1620 2107 1730 2144 vitae,
1758 2103 1866 2136 verbo
1883 2100 1951 2133 Dei
1970 2102 2112 2140 regatur

1120 2160 1334 2194 conscientia
1356 2160 1394 2192 in
1417 2158 1609 2203 pavoribus
1627 2165 1659 2191 et
1677 2154 1915 2189 invocatione.
1968 2147 2111 2191 Regan-

1120 2218 1179 2246 tur
1202 2218 1234 2245 et
1257 2218 1413 2244 caeterae
1431 2210 1603 2248 actiones,
1631 2220 1675 2240 ne
1694 2206 1777 2251 quid
1797 2202 2026 2246 suscipiamus
2044 2198 2111 2230 ad-

1121 2262 1216 2296 ducti
1247 2262 1405 2296 consiliis
1437 2259 1602 2294 humanis
1629 2257 1868 2303 pugnantibus
1897 2264 1975 2286 cum
2002 2249 2110 2282 verbo

1121 2313 1206 2348 Dei:
1242 2315 1330 2347 sicut
1355 2313 1546 2351 idolatrae,
1579 2308 1764 2348 haeretici,
1791 2304 1932 2353 tyranni
1959 2301 2112 2345 denique

1122 2377 1243 2399 omnes
1277 2365 1463 2397 discedunt
1496 2375 1513 2394 a
1544 2361 1664 2403 regula
1694 2359 1867 2392 divinitus
1898 2354 2044 2392 tradita,
2080 2357 2113 2383 et

1443 2465 1544 2499 Sicut
1562 2462 1685 2497 Cicero
1704 2462 1837 2506 optimo
1857 2457 2004 2493 consilio
2018 2483 2026 2497 ,
2053 2454 2114 2487 sed

1123 2581 1217 2602 mere
1235 2569 1445 2602 Antonium.

1226 2619 1276 2653 lta
1307 2618 1610 2653 accommodemus
1635 2617 1678 2650 ad
1703 2628 1824 2649 omnes
1847 2627 1946 2649 casus
1972 2615 2007 2647 in
2033 2613 2114 2654 vita,

1124 2679 1155 2706 et
1183 2683 1319 2716 semper
1342 2670 1545 2704 intueamur
1568 2667 1659 2702 hanc
1684 2668 1860 2712 regulam,
1887 2668 1930 2702 ab
1950 2666 2014 2702 hac
2033 2673 2120 2703 voce*
