2379 2948
226 88 298 122 967

232 172 306 206 fieri
344 171 474 208 voluit,
518 166 674 202 mirabili
712 173 745 199 et
786 164 1018 198 inenarrabili
1059 162 1217 196 consitio.

232 223 369 257 Deinde
388 223 470 254 fides
496 218 561 252 hoc
579 229 719 262 quoque
738 223 884 254 statuat,
913 228 992 248 vere
1018 227 1081 247 nos
1110 213 1217 256 recipi

233 287 252 307 a
269 274 343 308 Deo
361 278 503 315 propter
522 268 616 302 huuc
627 268 773 307 Filium,
799 274 831 300 et
848 278 966 311 preces
983 272 1120 299 nostras
1137 276 1220 307 pro-

236 332 311 369 pter
328 335 405 355 eum
424 320 557 358 audiri,
585 320 671 352 sicut
690 319 858 362 scriptum
878 325 943 351 est:
970 317 1151 351 Habentes
1169 322 1220 347 ta-

236 376 303 407 lem
339 373 556 416 pontificem,
587 370 790 403 accedamus
820 380 898 401 curn
923 367 1062 402 fiducia.

239 424 418 469 Quicquid
439 421 608 466 petieritis
627 428 759 464 patrem
779 420 815 452 in
833 419 977 452 nomine
1003 430 1096 457 meo,
1124 415 1222 448 dabit

237 475 347 508 vobis.
401 472 504 515 Quod
532 472 626 505 enim
660 472 725 511 ait,
761 471 796 503 in
820 470 964 502 nornine
996 481 1091 506 meo,
1125 467 1222 499 iubet

239 526 309 570 peti
332 524 455 557 fiducia
474 522 693 557 Mediatoris.
748 521 805 554 Sic
823 533 903 564 ergo
921 531 1012 553 ores:

343 576 495 608 Aeterne
528 573 640 611 Deus,
696 580 791 616 pater
817 571 963 605 Domini
997 568 1109 602 nostri
1146 566 1223 600 Iesu

239 625 393 665 Christi,
420 625 583 658 conditor
607 631 641 657 et
658 630 883 656 conservator
910 621 1068 654 omnium
1092 630 1225 657 rerum,

241 679 400 723 sapiens,
428 677 537 716 bone,
564 675 778 714 misericors,
805 675 908 706 iudex
926 679 957 704 et
974 670 1091 708 fortis,
1119 676 1151 702 te
1169 669 1225 701 in-

242 741 350 769 voco,
377 728 541 760 miserere
560 726 627 758 mei
652 732 794 768 propter
818 723 930 755 Iesum
956 719 1136 754 Christum
1165 718 1225 752 Fi-

242 781 328 812 lium
354 787 471 817 tuum,
499 789 601 821 quem
630 788 693 819 pro
723 775 827 806 nobis
854 773 1031 805 victimam
1067 783 1138 803 esse
1163 782 1226 802 vo-

242 830 356 870 luisti,
384 836 416 862 et
432 834 573 870 propter
592 838 694 870 quem
713 824 904 868 promisisti
922 823 1023 855 nobis
1047 821 1225 854 remissio-

243 893 322 913 nem
357 885 576 923 peccatorum
610 883 642 908 et
668 875 773 909 vitam
805 882 1001 913 aeternam,
1042 872 1228 911 sanctifica,

243 931 411 967 incende,
445 939 523 970 rege
552 939 611 959 cor
644 938 759 958 meum
786 924 922 968 Spiritu
955 931 1094 962 sancto,
1129 929 1169 955 ut
1196 929 1227 955 te

243 993 323 1014 vere
344 982 522 1016 invocem,
546 978 610 1010 tibi
638 989 717 1009 vere
734 977 894 1009 obediam
912 982 975 1008 etc.

344 1030 490 1064 Constat
509 1035 623 1061 autem
642 1039 783 1070 magnas
802 1027 963 1060 tenebras
979 1025 1140 1058 inductas
1157 1035 1228 1056 esse

244 1082 326 1116 huic
342 1081 523 1114 doctrinae
540 1080 581 1111 de
601 1078 824 1110 invocatione
848 1078 884 1109 in
911 1077 994 1115 fide,
1021 1082 1053 1108 et
1080 1077 1122 1107 de
1147 1087 1229 1118 pro—

245 1133 424 1166 missione.
485 1129 630 1162 lnterim
662 1128 832 1172 propositi
866 1133 948 1160 sunt
970 1127 1059 1159 ritus
1081 1123 1229 1160 humani

244 1180 521 1219 monachorum,
556 1180 644 1212 sicut
673 1180 827 1212 mundus
853 1178 940 1211 solet
967 1178 1081 1210 varias
1107 1188 1230 1220 super-

247 1235 405 1268 stitiones
424 1230 656 1265 comminisci.

348 1334 469 1369 Altera
495 1339 597 1371 nota,
625 1333 680 1365 vel
702 1331 852 1364 maxime
876 1329 1023 1363 illustris
1047 1336 1108 1362 est.
1154 1326 1229 1361 Etsi

249 1388 341 1422 enirn
356 1386 486 1419 multae
505 1390 622 1427 gentes
640 1382 849 1415 libidinibus
868 1380 1088 1413 horribiliter
1111 1379 1230 1423 pollu-

248 1447 303 1473 tae
321 1443 401 1470 sunt
420 1442 451 1469 et
468 1435 629 1473 fuerunt,
664 1440 780 1465 tamen
806 1443 981 1476 nusquam
1003 1431 1090 1463 alibi
1113 1429 1230 1473 publi-

248 1502 285 1523 ca
303 1489 375 1531 lege
394 1492 560 1530 perpetuo
578 1481 797 1527 prohibitum
817 1490 998 1516 estverum
1016 1481 1231 1523 coniugium,

248 1551 375 1582 magno
393 1536 510 1570 ordini
531 1533 735 1573 hominum,
762 1533 831 1566 nisi
852 1534 888 1565 in
914 1543 1020 1574 regno
1040 1531 1228 1575 pontificio.

250 1590 340 1625 Cum
365 1595 479 1621 autem
506 1593 628 1618 natura
655 1582 839 1616 hominum
864 1584 911 1616 ita
936 1583 1076 1615 condita
1103 1583 1166 1619 sit,
1193 1587 1231 1613 ut

250 1642 293 1674 sit
321 1638 511 1677 foecunda,
545 1642 577 1668 et
602 1634 783 1668 accesserit
808 1633 1013 1672 infirmitas,
1049 1639 1088 1665 ut
1115 1632 1232 1664 minus

248 1692 319 1725 sint
335 1689 486 1722 domitae
501 1686 751 1729 appetitiones,
772 1682 967 1727 prohibitio
985 1682 1137 1726 coniugii
1158 1694 1229 1714 ma-

248 1754 314 1786 gna
332 1741 458 1773 scelera
476 1737 585 1782 parit,
613 1748 700 1781 quae
725 1735 937 1768 comitantur
961 1731 1159 1766 horrendae
1182 1740 1233 1766 te-

249 1794 377 1826 nebrae
395 1797 427 1823 et
443 1789 556 1822 tristes
573 1798 706 1831 poenae
724 1786 901 1829 publicae,
928 1784 1102 1828 privatae,
1132 1796 1232 1827 prae-

250 1850 380 1880 sentes,
409 1847 588 1879 aeternae,
616 1837 812 1870 eversiones
838 1847 1047 1879 regnorum,
1083 1835 1232 1877 dissipa—

249 1895 363 1929 tiones
395 1891 570 1934 gentium,
604 1888 765 1921 interitus
792 1885 976 1920 Ecclesiae.
1038 1885 1104 1918 His
1128 1885 1233 1918 tantis

248 1945 351 1978 malis
368 1942 496 1974 mirum
513 1947 564 1973 est
580 1937 673 1971 nihil
698 1938 787 1971 affici
811 1945 950 1971 autores
974 1938 1048 1971 eius
1074 1934 1234 1980 prohibi-

248 1995 367 2030 tionis.

353 2043 421 2078 Sed
446 2053 507 2075 cur
524 2047 637 2074 textus
656 2039 865 2071 nominatim
885 2039 987 2072 dicit:
1023 2038 1102 2072 Non
1128 2038 1232 2071 intel-

252 2097 337 2140 liget
371 2092 598 2128 desiderium,
641 2089 676 2122 id
710 2095 778 2128 est,
826 2087 987 2135 στοργὴικ
1021 2088 1235 2122 mulierum?

250 2147 385 2181 Multas
417 2154 559 2186 magnas
590 2151 645 2173 res
670 2139 923 2182 complectitur.
982 2138 1077 2172 Deus
1103 2139 1235 2172 indidit

252 2205 408 2231 mutuam
428 2190 588 2240 στοργήν
604 2190 744 2235 utrique
766 2190 874 2230 sexui,
902 2195 940 2222 ut
955 2197 1158 2233 perpetuam
1176 2202 1233 2223 so-

252 2249 409 2282 cietatem
435 2245 603 2281 efficeret,
638 2241 890 2285 procreationis
920 2252 1039 2280 causa,
1077 2252 1143 2284 qua
1172 2253 1235 2273 vo-

251 2299 318 2332 luit
334 2298 398 2331 sibi
416 2295 512 2339 gigni
529 2301 705 2327 aeternam
722 2289 925 2325 Ecclesiam.
978 2290 1073 2324 Haec
1097 2289 1234 2337 στοργὴ

253 2349 408 2394 primum
428 2354 477 2380 est
494 2342 738 2379 benevolentia
763 2349 904 2381 mutua,
933 2354 999 2387 qua
1024 2354 1102 2385 pars
1127 2342 1232 2375 altera

255 2398 427 2432 humanae
445 2404 590 2430 naturae
613 2395 758 2427 alteram
777 2393 1036 2437 complectitur,
1063 2399 1095 2425 et
1113 2399 1233 2425 mutuo

256 2448 389 2482 honore
419 2448 522 2481 afficit
548 2452 690 2489 propter
713 2450 859 2477 naturae
882 2444 1173 2482 similitudinem,
1201 2450 1233 2476 ct

254 2500 452 2533 societatem
469 2498 560 2531 vitae
577 2502 754 2533 aeternae,
784 2495 936 2539 denique
962 2501 1104 2538 propter
1118 2493 1231 2526 Deum

253 2551 480 2584 conditorem.
531 2547 667 2580 Deinde
689 2552 737 2579 est
761 2552 793 2578 et
814 2546 982 2589 appetitio
1006 2552 1126 2578 mutua
1151 2557 1233 2587 pro-

251 2608 328 2646 pter
344 2598 602 2642 generationem
625 2609 643 2630 a
661 2596 734 2629 Deo
752 2596 970 2636 ordinatam,
998 2597 1038 2629 ad
1057 2594 1233 2629 Ecclesiae

250 2649 562 2685 conservationem.
600 2647 722 2681 Postea
740 2653 789 2680 est
808 2653 840 2681 et
856 2653 978 2682 mutua
996 2659 1078 2681 cura
1094 2659 1132 2681 ac
1154 2646 1233 2680 offi-

826 79 947 113 PHIL.
975 76 1090 113 MEL.
1120 75 1330 112 SCRIPTA
1358 74 1658 111 EXEGETICA.

1116 365 1220 398 Item:
1246 371 1248 378 ¹

2178 77 2251 112 968

1270 163 1404 196 ciorum
1430 161 1662 206 permutatio:
1710 161 1765 194 vir
1787 161 1871 195 sciat
1900 173 1936 194 se
1961 162 2088 196 debere
2120 163 2256 196 labores

1270 221 1381 246 certos
1407 212 1566 252 mulieri,
1600 214 1643 244 ne
1666 211 1722 244 vel
1744 212 1835 245 fame
1862 219 1999 256 pareat,
2031 213 2085 244 vel
2110 213 2256 257 indigna

1272 271 1391 297 contra
1411 263 1475 296 Dei
1494 263 1757 296 ordinationem
1774 264 1937 307 patiatur.
1990 261 2158 297 Vicissim
2177 277 2257 298 mu-

1273 315 1339 347 lier
1374 315 1477 347 debet
1520 321 1651 357 partem
1695 314 1878 348 domestici
1910 313 2042 346 laboris
2076 314 2258 351 sustinere.

1274 365 1350 398 Ilae
1366 365 1614 398 inclinationes
1632 372 1664 397 et
1682 376 1785 398 curae
1806 372 1889 399 sunt
1911 364 1949 396 in
1968 362 2031 396 bac
2056 363 2131 408 ipsa
2154 375 2260 410 στορ-

1273 418 1339 463 γῇ,
1366 417 1409 448 de
1427 428 1494 460 qua
1511 415 1670 450 dicimuS.

1378 465 1513 498 Harum
1539 463 1631 498 nihil
1657 471 1756 499 curat
1780 462 1950 509 Cyclops,
1979 465 2073 498 solus
2097 465 2134 498 in
2160 472 2261 499 antro

1277 518 1420 555 sedens,
1447 524 1479 549 et
1496 524 1652 549 ventrem
1667 515 1780 560 epulis
1799 527 1962 551 onerans.
2014 515 2095 549 Non
2112 516 2262 550 afficitur

1277 567 1523 601 benevolentia
1541 578 1618 608 erga
1637 574 1769 610 patrem
1788 567 1925 608 generis
1940 564 2087 600 humani
2105 567 2264 611 alteram,

1277 631 1350 652 non
1377 617 1501 651 tribuit
1527 630 1566 650 eo
1595 615 1764 650 honorem
1792 624 1934 661 propter
1957 617 2070 651 Deum
2102 618 2264 650 condito-

1278 682 1369 710 rem,
1396 675 1454 701 aut
1476 668 1752 711 generationem:
1780 678 1853 700 non
1876 668 2030 709 laborat,
2056 675 2094 701 ut
2121 668 2264 711 coniugi

1279 720 1409 754 victum
1428 726 1543 762 paret,
1572 731 1643 751 non
1663 719 1777 751 studet
1794 729 1868 750 eam
1887 719 2091 759 defendere,
2119 731 2162 751 ne
2179 719 2265 764 quid

1280 770 1417 813 indigni
1452 770 1616 814 patiatur.
1677 768 1745 802 Sed
1770 768 1862 811 ipse,
1897 770 1924 802 si
1948 782 2014 814 qua
2047 770 2088 803 sit
2120 770 2266 811 occasio,

1280 823 1364 854 alias
1390 821 1493 854 aliam
1518 821 1717 864 opprimere
1747 819 1859 862 cupit,
1894 832 1931 852 ac
1954 832 2076 853 rursus
2100 821 2265 861 abiicere,

1282 884 1344 905 nec
1361 872 1511 904 tolerare
1528 871 1666 903 labores
1684 876 1745 903 aut
1762 870 1937 902 molestias
1953 883 2052 903 sexus
2077 878 2137 904 aut
2160 882 2266 914 gene—

1282 923 1428 956 rationis
1445 932 1558 956 cansa.
1613 920 1689 954 Hoc
1704 920 1811 953 simul
1826 927 1876 954 est
1898 927 1930 954 et
1949 922 2162 955 contumelia
2190 922 2267 954 affi-

1282 986 1378 1013 cere,
1408 979 1440 1005 et
1467 974 1610 1014 perdere
1634 983 1772 1011 sexum,
1807 983 1880 1003 non
1906 972 1995 1004 velle
2026 983 2104 1005 eum
2125 973 2267 1014 3fovere,

1282 1025 1422 1064 iuvare,
1446 1023 1555 1063 tueri,
1584 1023 1679 1056 iuxta
1701 1021 1962 1054 ordinationem
1987 1021 2072 1063 Dei,
2106 1024 2165 1055 sed
2189 1029 2268 1056 tan-

1283 1082 1357 1108 tum
1382 1074 1471 1107 velle
1496 1086 1535 1106 eo
1558 1074 1677 1113 abuti,
1711 1079 1743 1105 et
1767 1079 1884 1116 postea
1912 1080 2078 1118 tanquam
2104 1073 2267 1107 inutilem

1283 1133 1407 1160 testam
1429 1125 1598 1164 abiicere,
1626 1131 1658 1157 et
1676 1135 1748 1157 non
1769 1131 1936 1167 perpetuo
1952 1124 2054 1158 tueri.

1386 1173 1437 1208 Ex
1463 1173 1528 1208 hac
1552 1175 1702 1217 imagine
1727 1174 1877 1216 intelligi
1903 1181 2036 1218 potest,
2061 1175 2147 1221 quid
2175 1175 2270 1209 dicat

1284 1233 1413 1260 textus:
1448 1225 1529 1259 Non
1556 1226 1692 1259 curabit
1716 1223 1877 1272 στοργήν
1899 1226 2108 1268 mulierum,
2142 1226 2178 1259 id
2207 1233 2270 1267 est,

1285 1277 1507 1311 confirmabit
1541 1276 1771 1310 contumelias
1810 1288 1910 1310 sexus
1944 1277 2138 1312 muliebris.
2206 1275 2271 1310 Est

1285 1335 1401 1361 autem
1427 1328 1639 1361 contumelia
1671 1327 1817 1371 duplex:
1853 1327 1974 1360 Altera
2006 1335 2056 1361 est
2086 1327 2269 1370 neglectio,

1285 1391 1390 1422 quam
1425 1378 1461 1410 in
1491 1379 1624 1412 coelibe
1656 1378 1733 1410 viro
1758 1385 1955 1422 sequuntur
1983 1378 2114 1411 multae
2149 1385 2269 1422 turpes

1285 1430 1445 1462 flammae
1462 1436 1493 1462 et
1511 1429 1577 1461 alia
1593 1429 1752 1471 graviora
1768 1435 1918 1472 peccata.
1962 1427 2082 1461 Altera
2099 1435 2161 1469 est,
2190 1440 2269 1461 cum

1285 1480 1430 1513 miserae
1457 1480 1615 1512 mulieris
1642 1491 1768 1522 corpus
1803 1486 1835 1512 et
1860 1479 2014 1511 animam
2039 1479 2270 1514 contaminas.

1285 1530 1373 1563 Nam
1392 1530 1507 1562 omnis
1531 1530 1738 1563 concubitus
1762 1536 1855 1563 extra
1884 1529 2086 1572 coniugium
2111 1536 2161 1562 est
2186 1541 2271 1563 con-

1286 1581 1428 1614 tumelia
1454 1592 1566 1615 sexus.
1617 1580 1699 1613 Non
1722 1580 1816 1613 enim
1841 1580 1949 1612 uteris
1971 1581 2065 1613 iuxta
2080 1578 2147 1613 Dei
2172 1580 2270 1613 ordi-

1287 1632 1485 1671 nationem,
1518 1631 1590 1663 imo
1614 1630 1718 1663 etiam
1741 1627 1916 1663 abstrahis
1940 1628 2118 1663 hominem
2145 1643 2163 1664 a
2181 1631 2270 1671 Deo,

1287 1694 1374 1727 quae
1393 1688 1444 1714 est
1461 1693 1594 1714 summa
1610 1681 1832 1715 contumelia.
1886 1680 2001 1714 David
2025 1681 2163 1725 rapiens
2186 1682 2271 1715 alie-

1287 1745 1366 1765 nam
1385 1732 1587 1775 coniugem,
1615 1739 1786 1777 quantum
1806 1733 1842 1764 in
1861 1732 1936 1776 ipso
1953 1733 2038 1770 fuit,
2066 1744 2139 1765 non
2156 1733 2270 1766 solum

1286 1795 1358 1816 sese
1380 1783 1553 1826 perdidit,
1588 1784 1647 1816 sed
1681 1784 1784 1816 etiam
1820 1783 1917 1816 illam
1942 1783 2117 1816 miseriam
2151 1796 2168 1816 a
2195 1782 2271 1817 Deo

1287 1833 1432 1874 avulsit,
1467 1845 1555 1877 quae
1577 1840 1660 1867 tunc
1682 1833 1825 1878 quidem
1851 1845 1924 1866 non
1948 1834 2056 1874 vidit,
2091 1835 2270 1878 quomodo

1288 1897 1326 1918 ex
1344 1882 1410 1917 hoc
1428 1885 1555 1916 scelere
1572 1884 1763 1917 eluctatura
1782 1891 1879 1919 esset.

1390 1935 1574 1968 Accedunt
1606 1935 1734 1968 deinde
1767 1946 1900 1977 poenae
1929 1934 2105 1977 ingentes,
2142 1935 2272 1980 quibus

1289 1986 1489 2030 plectuntur
1514 1985 1694 2028 impudici.
1748 1984 1792 2019 Ut
1815 1985 2026 2018 adulterium
2049 1984 2196 2019 Davidis
2219 1998 2272 2019 se-

1288 2045 1365 2071 cuta
1388 2043 1470 2070 sunt
1493 2036 1681 2082 domestica
1703 2036 1905 2079 parricidia,
1938 2036 2103 2077 exilium,
2131 2037 2271 2077 seditio,

1288 2094 1408 2136 stupra
1442 2088 1649 2129 coniugum,
1692 2088 1811 2120 caedes
1842 2087 1984 2120 civium.
2051 2086 2146 2121 Haec
2178 2088 2270 2121 mala

1289 2145 1388 2172 erant
1412 2145 1544 2171 atroces
1567 2137 1818 2178 contumeliae,
1846 2150 1934 2183 quae
1959 2138 2006 2172 ita
2026 2138 2271 2173 deformabant

1290 2189 1477 2229 Davidem,
1508 2195 1544 2221 ut
1577 2188 1725 2231 gloriam
1761 2189 1959 2232 ingentem,
1998 2201 2065 2234 qua
2094 2189 2271 2231 floruerat,

1289 2240 1447 2274 amittere
1464 2251 1498 2272 se
1516 2240 1657 2273 sentiret
1677 2239 1759 2283 ipse.

1390 2289 1429 2323 In
1453 2288 1507 2323 his
1532 2290 1697 2334 exemplis
1719 2289 1928 2333 cogitemus,
1963 2291 2049 2336 quid
2074 2291 2118 2324 sit
2141 2297 2271 2324 contu-

1287 2341 1390 2374 melia
1413 2353 1531 2374 sexum
1557 2340 1711 2379 afficere,
1735 2349 1767 2374 et
1792 2342 1967 2375 discamus
1995 2349 2194 2375 reverenter
2217 2340 2270 2374 uti

1287 2404 1380 2432 sexu,
1401 2392 1495 2425 iuxta
1512 2392 1772 2425 ordinationem
1792 2391 1876 2433 Dei,
1895 2393 2072 2426 frenemus
2090 2392 2269 2432 libidines,

1287 2443 1436 2475 vitemus
1455 2454 1602 2486 poenas,
1619 2455 1820 2485 caveamus,
1843 2456 1887 2477 ne
1908 2445 2040 2486 polluta
2057 2442 2270 2476 conscientia

1287 2494 1519 2536 impediamus
1551 2494 1821 2528 invocationem.
1884 2495 2050 2539 Denique
2080 2494 2190 2536 legem
2214 2494 2268 2526 in-

1286 2544 1432 2587 iustam,
1459 2556 1547 2589 quae
1570 2545 1727 2578 incendit
1753 2556 1855 2588 vagas
1879 2546 2066 2585 libidines,
2101 2553 2267 2590 tanquam

1286 2595 1419 2627 diaboli
1444 2596 1608 2640 laqueum
1634 2596 1858 2630 excutiamus.
1916 2596 2006 2629 Nam
2032 2595 2163 2629 Paulus
2186 2606 2267 2638 pro-

1285 2643 1496 2679 hibitionem
1525 2646 1666 2690 coniugi
1691 2658 1847 2690 expresse
1881 2647 2041 2681 nominat
2070 2646 2266 2681 doctrinam
