2379 2948
133 123 230 159 1429

130 216 199 244 tur.
252 208 433 253 Significat
457 219 573 246 autern
598 224 783 246 aerumnas
798 213 957 246 omnium
976 213 1121 248 atrocis-

129 260 254 301 simas,
281 273 368 305 quas
391 269 424 296 et
440 260 603 296 Christus
621 271 653 297 et
671 276 808 308 semper
824 263 979 296 Ecclesia
1000 272 1121 309 pertu-

128 311 182 345 lit.
244 310 355 356 Impia
382 314 594 354 multitudo,
635 315 698 348 etsi
734 315 875 348 tandem
910 316 1047 362 rapitur
1077 317 1119 348 ad

127 373 278 405 poenas,
313 371 431 396 tamen
464 365 525 397 diu
550 365 672 405 floret,
707 372 801 399 tenet
827 366 991 409 imperia,
1026 378 1120 410 opes,

128 412 297 457 gloriam,
333 414 465 448 fruitur
496 415 753 458 voluptatibus:
799 417 857 448 sed
891 414 1054 449 Christus
1088 424 1121 450 et

128 459 284 496 Ecclesia
318 464 432 498 iacent
456 467 611 509 oppressi
639 466 825 506 servitute,
860 467 1051 510 rapiuntur
1076 470 1116 500 ad

129 525 269 553 necem,
299 521 331 547 et
355 515 451 548 intus
476 517 634 549 sentiunt
659 517 818 559 ingentes
842 524 1009 562 terrores,
1039 531 1118 551 cum

127 572 321 607 agnoscunt
338 566 424 598 iram
442 567 511 600 Dei
529 568 694 600 adversus
712 575 890 612 peccatum
903 595 912 610 ‚
934 576 966 602 81
982 569 1118 602 1061311-

126 621 186 648 tur
202 628 280 649 cum
301 623 440 650 aeterna
459 625 586 651 morte.

229 674 390 709 Primum
424 677 533 720 igitur
560 678 597 710 in
628 676 692 711 hac
725 680 928 712 narratione
957 680 1107 713 sciamus

127 722 307 759 Christum
328 735 358 760 et
376 727 563 760 Ecclesiam
580 730 754 762 subiectos
770 742 841 762 esse
857 731 969 771 cruci,
997 738 1028 763 et
1046 731 1119 763 dis-

126 776 277 809 similem
296 789 367 810 esse
386 785 515 812 statum
536 779 694 823 imperiis
710 781 845 815 mundi.
899 780 945 814 Et
965 788 1001 813 ut
1018 794 1118 825 saepe

127 827 261 861 dictum
279 835 347 869 est,
375 828 567 863 Peculiaris
585 838 634 864 est
652 831 822 874 sapientia
841 830 1037 872 Ecclesiae,
1061 833 1117 865 in-

126 878 305 921 telligere,
341 881 435 924 quod
470 881 553 914 velit
580 882 673 915 Deus
706 883 809 915 talem
842 894 914 914 esse
941 880 1118 915 Ecclesiae

126 928 278 962 formam
292 957 300 969 ‚
330 938 360 963 et
386 943 448 963 cur
470 932 657 966 subiecerit
676 945 749 965 eam
769 933 875 966 tantis
894 940 926 966 et
943 940 1013 966 tam
1032 931 1116 966 hor-

125 981 247 1012 rendis
270 981 542 1022 afflictionibus,
574 984 755 1024 videlicet,
783 991 822 1017 111
846 991 1010 1026 agnoscat
1034 996 1115 1028 pec-

125 1037 262 1072 catum,
290 1039 323 1065 et
346 1033 435 1065 iram
453 1032 520 1066 Dei
544 1034 937 1078 adversus'peccatum‚
965 1041 1003 1068 ut
1020 1047 1118 1068 mor-

123 1081 302 1115 tificentur
326 1084 496 1128 reliquiae
515 1086 646 1128 peccati
659 1113 667 1125 ‚
695 1093 727 1119 et
742 1093 871 1119 crescat
888 1086 1104 1129 poenitentia

124 1139 159 1166 et
183 1133 268 1166 fides
292 1134 431 1167 invocet
447 1134 562 1168 Deum
587 1144 620 1170 et
644 1144 762 1170 cernat
791 1143 1021 1180 praesentiam
1039 1136 1117 1172 Dei.

123 1182 231 1224 Item,
266 1192 305 1218 ut
331 1186 568 1229 conspiciatur
594 1188 631 1219 in
653 1188 854 1221 infirmitate
879 1194 1016 1226 nostra,
1051 1187 1117 1220 Dei

124 1234 281 1269 iuvantis
304 1243 337 1269 et
363 1237 535 1270 vincentis
553 1238 676 1278 gloria.
734 1238 838 1277 118111,
866 1245 905 1271 01
925 1240 1117 1271 admonea-

123 1298 205 1319 mur
228 1288 272 1319 de
295 1287 578 1329 immortalitate,
607 1290 701 1333 quod
727 1296 833 1322 restet
858 1289 1051 1328 iudicium,
1079 1290 1115 1322 in

124 1349 195 1382 quo
214 1337 308 1371 Deus
325 1335 442 1371 hostes
459 1336 681 1372 horribiliter
700 1340 835 1383 puniet.

226 1403 429 1439 Secundum
470 1406 668 1438 membrum
707 1413 758 1440 est
793 1405 986 1440 Invocatio.
1069 1405 1115 1439 Et

122 1456 322 1499 exemplum
348 1456 506 1490 continet
531 1457 750 1497 doctrinam,
776 1457 872 1501 quod
899 1457 936 1488 in
961 1456 1113 1490 tribula-

122 1506 220 1540 tione
244 1507 288 1540 sit
311 1507 531 1540 invocandus
557 1506 663 1542 Deus,
715 1506 799 1540 Dixi
823 1507 894 1541 iam
916 1508 1009 1541 inter
1032 1520 1115 1541 cau-

124 1568 178 1590 sas
202 1557 436 1591 afflictionum
461 1556 552 1590 hanc
572 1570 661 1598 esse,
686 1564 726 1591 ut
743 1558 934 1591 excitemur
951 1559 994 1591 ad
1011 1558 1113 1591 invo-

125 1609 276 1641 candum
295 1607 420 1642 Deum.
477 1608 525 1642 Ut
546 1609 654 1652 igitur
675 1606 733 1641 hic
754 1615 901 1642 testatur
917 1620 952 1641 se
970 1609 1007 1641 in
1023 1609 1115 1642 affli-

126 1659 243 1692 ctione
266 1659 467 1700 invocasse,
495 1660 542 1692 ita
570 1659 674 1692 nobis
700 1659 896 1692 doctrinam
923 1659 1049 1700 tradit,
1076 1666 1115 1693 ut

124 1711 162 1743 in
192 1711 359 1755 periculis
386 1712 592 1744 invocemus
617 1711 755 1750 Deum,
790 1711 884 1743 iuxta
910 1711 1017 1743 illud:
1055 1709 1113 1743 ln—

123 1774 208 1795 voca
223 1774 279 1794 me
297 1762 334 1794 in
352 1762 408 1795 die
426 1762 686 1802 tribulationis,
714 1768 747 1795 et
764 1761 910 1805 eripiam
930 1768 974 1794 te.

226 1830 295 1865 Sed
328 1839 365 1865 ut
394 1832 568 1875 possimus
593 1831 776 1868 invocare,
809 1837 947 1874 oportet
976 1830 1113 1874 praelu-

125 1895 203 1917 cere
225 1883 330 1915 nobis
354 1895 475 1915 vocem
492 1881 697 1924 Evangelii,
723 1893 812 1926 quae
828 1881 982 1914 ostendit
999 1880 1112 1914 Deum

124 1946 207 1967 vere
233 1933 418 1972 exaudire,
444 1940 477 1967 et
502 1933 591 1966 velle
615 1932 795 1976 opitulari.
849 1930 932 1965 Ideo
957 1932 1115 1976 sequitur

124 1985 267 2019 tertium
291 1985 506 2017 membrum:
545 1982 597 2016 Et
622 1980 813 2016 exaudivit
840 1994 894 2014 me
918 1981 956 2014 in
984 1981 1115 2015 latitu-

126 2033 210 2069 dine
235 2033 437 2069 Dominus.
492 2034 631 2069 Recitat
658 2034 754 2067 enim
776 2031 861 2066 11386
886 2034 1010 2074 verba,
1037 2041 1116 2066 tan—

126 2099 232 2133 quam
257 2087 456 2130 exemplum
482 2093 514 2119 et
539 2085 758 2125 doctrinam,
784 2085 882 2129 quasi
902 2084 1014 2125 dicat,
1038 2082 1114 2127 Ego

126 2145 235 2172 testor
251 2137 365 2172 Deum
391 2138 479 2170 velle
502 2137 661 2170 invocari
679 2143 712 2169 et
730 2136 913 2175 exaudire,
940 2136 1028 2168 sicut
1045 2135 1116 2168 cla-

125 2190 254 2223 mitant
278 2189 543 2233 promissiones.
592 2185 637 2220 Et
657 2185 818 2222 Christus
836 2186 965 2230 inquit:
994 2185 1117 2227 Petite,

125 2247 159 2275 et
181 2241 370 2285 accipietis,
424 2239 611 2285 Quidquid
635 2238 806 2283 petieritis
831 2244 965 2281 patrem
992 2237 1027 2269 in
1048 2249 1114 2270 no-

125 2291 224 2326 mine
250 2304 344 2331 meo,
379 2289 446 2324 hoc
470 2291 608 2325 faciam.
667 2288 711 2323 Et
736 2288 775 2321 in
799 2285 982 2321 Ezechiele
1005 2288 1116 2320 iusiu-

127 2343 278 2376 randum
305 2342 418 2376 addit:
447 2340 539 2374 Vivo
567 2352 647 2384 ego,
677 2340 762 2373 nolo
786 2346 934 2373 mortem
959 2345 1117 2383 peccato-

128 2395 198 2435 tis,
225 2394 283 2427 sed
302 2400 341 2427 ut
358 2399 583 2426 convertatur
603 2399 637 2425 et
654 2392 760 2426 vivat.

231 2449 289 2485 Ad
320 2449 382 2484 has
408 2450 661 2495 promissiones
693 2449 864 2484 referatur
893 2455 926 2482 et
958 2450 1118 2484 doctrina

129 2503 280 2543 Psalmi,
313 2502 480 2536 Testatur
510 2513 545 2535 se
577 2512 781 2545 oppressum
810 2501 1013 2544 ingentibus
1038 2513 1120 2545 pro-

131 2555 247 2595 cellis,
280 2554 479 2593 invocasse,
506 2559 539 2586 et
562 2552 786 2585 invocantem
809 2552 1013 2586 exauditum
1039 2564 1121 2593 esse,

131 2613 170 2639 ut
203 2617 268 2639 1105
300 2617 440 2650 quoque
470 2604 507 2636 in
534 2602 701 2636 Omnibus
730 2603 896 2646 periculis
917 2604 1148 2639 invocemus

732 126 794 162 lx.
845 126 1209 164 COMMENTARII
1242 128 1292 164 IN
1325 129 1568 168 PSALMOS.

2074 139 2171 176 1430

1175 216 1260 249 fides
1284 217 1476 251 discrimen
1499 218 1581 252 facit
1606 219 1699 253 inter
1722 220 1928 255 invocantes
1952 224 2028 265 pios
2051 232 2082 258 et
2101 225 2168 258 im-

1175 267 1262 310 pios.
1315 266 1463 302 Ethnici
1486 276 1519 302 et
1536 267 1740 315 hypocritae
1758 271 1926 306 invocant
1944 271 2077 316 Deum,
2105 278 2164 310 sed

1175 309 1341 352 dubitant
1363 331 1398 352 se
1422 320 1565 363 respici,
1593 329 1651 354 aut
1677 322 1786 365 accipi
1809 335 1888 356 suas
1911 326 2166 367 1118685.Ιο-

1174 369 1276 401 terim
1314 370 1478 403 adferunt
1516 371 1633 415 aliqua
1666 385 1788 416 opera,
1831 375 1959 418 quibus
1991 385 2166 411 conantur

1173 417 1290 452 Deum
1317 420 1467 463 placa.re
1537 421 1605 455 Sed
1633 423 1717 456 fides
1744 424 1884 467 piorum
1909 427 2031 460 statuit
2055 428 2165 471 accipi

1174 482 1312 513 preces,
1341 483 1403 514 per
1418 472 1696 506 inisericordiam
1708 501 1717 515 ‚
1744 482 1888 519 propter
1905 477 2074 510 donatum
2086 478 2166 512 Me-

1173 520 1355 554 diatorem.

1276 579 1382 622 Quod
1400 581 1526 614 addit‘
1517 594 1553 613 111
1572 582 1778 624 latitudine,
1806 585 1917 618 active
1934 586 2165 631 intelligatur,

1174 630 1208 663 id
1226 637 1293 671 est,
1317 631 1496 665 exaudivit
1513 644 1586 671 me,
1614 633 1660 666 ita
1680 641 1719 667 111
1736 647 1776 666 ex
1794 637 1965 679 ‘ingustiis
1979 650 2033 670 me
2050 649 2164 673 extra-

1172 682 1279 722 xerit,
1307 688 1340 714 et
1363 694 1420 715 me
1445 682 1660 716 collocarit
1651 697 1688 716 111
1715 685 1837 718 latiore
1863 688 1997 730 spacio,
2023 691 2083 732 ubi
2108 704 2163 724 me

1172 744 1276 765 nemo
1301 733 1429 776 premit
1448 740 1508 766 aut
1524 734 1632 775 angit.
1685 732 1750 768 Est
1767 736 1862 768 enim
1878 738 2003 771 usitata
2021 740 2163 783 linguae

1172 780 1377 826 metaphora
1404 784 1447 815 de
1469 784 1722 819 consolatione.
1777 785 1886 819 Vides
1910 788 2018 830 igitur
2043 791 2078 823 in
2099 790 2164 826 hoc

1172 834 1287 877 primo
1315 834 1507 874 versiculo,
1535 834 1723 877 imaginem
1750 847 1822 869 esse
1846 836 2042 883 Ecclesiae,
2069 854 2166 874 com-

1173 891 1344 918 memorat
1371 885 1600 926 afflictiones,
1635 886 1896 920 invocationem
1925 896 1956 922 et
1982 890 2165 926 liberatio-

1171 947 1262 967 nem.

1273 985 1467 1030 Sequentes
1493 987 1657 1020 versiculi
1677 994 1842 1030 repetunt
1859 991 2005 1023 eandem
2023 1000 2165 1026 senten-

1170 1036 1274 1076 tiam,
1310 1038 1369 1070 sed
1397 1037 1663 1080 amplificatam:
1701 1037 1880 1073 Dominus
1904 1053 2057 1084 mecum,

1171 1088 1324 1128 timebo,
1355 1087 1441 1132 quid
1460 1088 1563 1122 faciat
1583 1087 1669 1121 mihi
1689 1087 1822 1122 homo?

2092 1058 2165 1078 non

1273 1146 1450 1189 Quartum
1478 1148 1674 1181 membrum
1697 1156 1764 1189 est,
1793 1148 1898 1182 Fides
1919 1159 2059 1195 experta
2079 1167 2165 1187 con-

1170 1197 1378 1230 solationem
1404 1198 1551 1239 erigitur
1576 1205 1606 1231 et
1633 1200 1878 1241 confirmatur,
1906 1202 1997 1235 sicut
2017 1211 2049 1237 et
2070 1203 2163 1238 Pau-

1170 1249 1224 1281 lus
1259 1248 1393 1293 inquit:
1429 1248 1597 1282 Probatio
1629 1262 1725 1293 spem
1757 1251 1883 1292 efficit,
1918 1253 1952 1284 id
1978 1262 2045 1294 est,
2081 1268 2161 1289 cum

1170 1300 1254 1332 fides
1275 1300 1446 1342 probatur
1472 1306 1506 1333 et
1530 1308 1726 1341 exercetur,
1755 1313 1832 1345 spes
1851 1304 1974 1336 crescit
1993 1312 2025 1338 81
2042 1306 2079 1339 fit
2100 1307 2160 1340 fir-

1170 1350 1262 1382 mior
1279 1361 1318 1382 ac
1334 1350 1528 1385 ardentior.
1581 1350 1664 1384 Noti
1682 1359 1764 1385 sunt
1783 1364 1918 1385 versus:

1232 1407 1301 1434 Vidi
1324 1416 1379 1444 ego
1402 1413 1550 1445 quassatas
1573 1414 1651 1435 mota
1674 1408 1739 1436 face
1762 1418 1895 1438 crescere
1919 1412 2065 1450 flammas,

1317 1457 1355 1485 Et
1378 1458 1435 1485 vidi
1458 1458 1539 1485 uullo
1563 1459 1746 1486 concutiente
1771 1461 1853 1487 mori.

1271 1516 1322 1550 Ita
1354 1517 1382 1549 si
1406 1516 1493 1551 fides
1517 1529 1591 1550 non
1619 1525 1839 1557 exerceatur,
1874 1520 1912 1553 fit
1935 1520 2101 1565 languida
2129 1534 2162 1560 et

1168 1568 1405 1610 extinguitur,
1440 1580 1562 1600 rursus
1592 1568 1681 1600 sicut
1708 1569 1848 1601 flamma
1873 1572 1995 1605 crescit
2023 1575 2163 1617 agitata,

1167 1618 1215 1652 ita
1237 1619 1349 1651 fides
1340 1631 1377 1650 111
1397 1619 1562 1661 periculis
1579 1619 1747 1659 excitita,
1774 1620 1811 1652 fit
1829 1622 2020 1657 ardentior.
2076 1625 2160 1660 ldeo

1167 1667 1224 1702 hic
1257 1669 1356 1702 addit
1387 1667 1639 1713 triumphalem
1667 1682 1788 1702 vocem
1814 1672 1894 1704 fidei
1922 1675 2160 1718 confirmatae,

1167 1732 1239 1752 non
1257 1720 1388 1753 timebo
1405 1717 1592 1753 hominum
1610 1720 1776 1763 impetus.
1828 1721 1873 1755 Et
1891 1730 1941 1756 est
1959 1732 2085 1759 extenu
2089 1729 2158 1761 1110

1169 1771 1204 1803 111
1232 1771 1468 1813 adpellatione
1492 1768 1663 1808 hominis¹
1694 1771 1792 1815 quasi
1816 1773 1928 1814 dicat,
1959 1773 2032 1809 Cur
2058 1778 2158 1812 111116-

1170 1834 1245 1854 mus
1266 1819 1453 1854 hominum
1473 1821 1672 1861 saevitiam,
1703 1834 1765 1854 cur
1784 1823 1946 1858 timemus
1967 1825 2159 1864 Turcicum

1167 1872 1350 1905 sui-orem?
1403 1871 1499 1914 Quid
1531 1879 1582 1905 est
1614 1870 1759 1905 homine
1789 1874 1948 1916 fragilius
1979 1884 2012 1911 et
2046 1881 2158 1915 imbe-

1168 1923 1301 1963 cillius,
1336 1935 1440 1968 quam
1476 1923 1578 1955 facile
1610 1921 1706 1955 Deus
1738 1921 1929 1960 humanam
1964 1932 2160 1972 potentiam

1168 1974 1328 2019 quamvis
1352 1986 1524 2006 summam
1551 1973 1667 2006 delere
1693 1975 1830 2017 potest?
1886 1977 2005 2021 Quare
2021 1983 2159 2016 obtem-

1169 2036 1330 2068 peremus
1348 2023 1443 2065 Deo,
1473 2036 1537 2057 nec
1557 2026 1799 2060 deterreamur
1815 2029 1922 2062 minis
1940 2038 1999 2064 aut
2014 2034 2160 2069 saevitia

1168 2074 1366 2109 hominum.
1420 2074 1514 2109 Deus
1533 2076 1687 2111 servabit
1707 2090 1772 2110 nos
1788 2079 1991 2114 invocantes
2010 2083 2138 2126 ipsum.

1273 2134 1433 2180 Sequens
1458 2146 1579 2170 versus
1605 2137 1731 2180 repetit
1756 2150 1899 2180 prorsus
1917 2142 2062 2175 eandem
2080 2155 2160 2177 sen-

1169 2186 1332 2221 tentiam:
1367 2185 1407 2219 Si
1432 2187 1509 2220 Deo
1533 2188 1874 2232 obtemperabimus,
1909 2198 1941 2224 et
1966 2191 2036 2225 fide
2059 2206 2161 2238 expe—

1169 2237 1361 2279 ctabimus,
1394 2239 1545 2282 gloriose
1569 2236 1885 2281 triumphabimus,
1919 2242 2000 2277 laeti
2025 2245 2162 2279 videbi-

1169 2300 1247 2324 mus
1265 2285 1383 2323 hostes
1402 2297 1540 2323 nostros
1557 2289 1678 2333 puniri
1696 2296 1728 2323 et
1746 2290 1865 2326 deleri.

1277 2348 1454 2392 Quintum
1491 2348 1691 2381 membrum
1725 2356 1775 2382 est
1810 2352 1997 2387 utilissima
2031 2356 2164 2390 doctri-

1173 2413 1237 2441 na,
1278 2400 1492 2443 gravissimis
1527 2399 1645 2432 verbis
1683 2406 1804 2434 taxans
1843 2416 1968 2437 vanam
2000 2406 2163 2441 fiduciam

1173 2453 1209 2484 in
1245 2451 1412 2484 omnibus
1448 2447 1673 2488 hominibus,
1721 2458 1755 2485 et
1789 2453 1918 2488 docens
1947 2459 2164 2492 transferen-

1174 2504 1253 2536 dam
1290 2513 1361 2535 esse
1392 2501 1557 2534 fiduciam
1590 2501 1628 2535 in
1653 2500 1779 2538 Denm.
1848 2506 1947 2539 Sicut
1978 2509 2087 2552 magis
2121 2511 2166 2544 ti-

1175 2554 1325 2587 mendus
1355 2559 1407 2585 est
1436 2550 1551 2594 Deus,
1593 2565 1698 2599 quam
1730 2566 1852 2587 omnes
1883 2565 2082 2603 creaturae,
2118 2561 2167 2594 sic

1174 2605 1286 2646 magis
1317 2604 1502 2638 fidendum
1534 2611 1584 2638 est
1615 2604 1709 2645 Deo,
1745 2618 1850 2650 quam
1880 2608 1945 2641 ulli
1979 2620 2167 2644 6183111138

130 2656 261 2698 Deum,
287 2664 320 2690 et
335 2657 517 2689 credamus
534 2665 599 2687 nos
613 2653 738 2697 respici
756 2660 788 2686 et
803 2654 974 2688 exaudiri.
1022 2654 1122 2688 Hanc

133 2708 237 2742 fidem
271 2708 470 2741 adferamus
505 2706 549 2739 ad
581 2704 852 2740 invocationem.
918 2704 1008 2738 Nam
1039 2703 1123 2739 haec

1177 2655 1247 2689 Sed
1274 2655 1312 2689 in
1335 2663 1488 2701 utroque
1512 2663 1657 2700 peccant
1682 2668 1806 2689 omnes
1832 2654 2006 2695 homines.
2061 2661 2171 2695 Multi

1179 2715 1349 2750 mortem,
1375 2707 1590 2741 offensiones
1613 2707 1836 2751 principum,
1863 2710 2031 2745 iacturam
2052 2713 2172 2747 existi-

1602 2757 1651 2791 90
1668 2755 1685 2772 ³
