2379 2948
189 89 261 123 679

195 175 359 212 interest,
388 180 423 206 ut
447 180 575 206 temere
595 171 811 214 dissipentur
830 171 932 204 etiam
952 173 1107 216 privatae
1125 173 1177 205 fa-

194 224 349 257 cultates.

282 283 365 313 Vicit
383 295 464 312 amor
481 285 591 321 patriae
609 283 791 323 laudumque
809 285 953 314 immensa
971 286 1090 325 cupido.

198 339 264 372 llic
285 353 297 370 x
309 350 403 371 ersus
420 338 574 371 continet
594 350 732 371 causam
750 338 984 383 impulsivam.

300 396 359 430 Est
387 405 418 431 et
444 398 497 430 lex
521 409 621 430 causa
643 398 850 442 impulsiva,
878 400 959 444 quia
980 407 1028 433 est
1047 400 1180 442 cogita-

198 450 246 482 tio
267 449 419 490 agentis,
446 460 514 494 qua
535 449 727 493 impellitur
745 451 788 483 ad
807 452 999 493 agendum,
1028 458 1082 484 ut:
1113 449 1181 482 Fa-

199 500 276 532 bius
295 499 367 542 lege
386 506 565 540 movetur,
592 507 629 533 ut
649 501 801 544 deponat
819 502 1043 535 dictaturam.

203 652 371 696 piendum
399 663 507 694 genus
531 650 741 686 humanum.
792 652 850 687 Sic
874 654 1037 686 meritum
1059 654 1183 687 militis

203 709 321 736 movet
341 703 465 735 ducem
487 704 529 736 ad
557 704 671 736 danda
694 705 858 746 praemia.
913 702 955 736 ln
979 705 1183 738 venditione

204 753 360 796 predum
379 760 427 786 cst
443 765 542 787 causa
559 754 764 796 impUlSiva'
793 765 938 787 movens
954 756 1185 789 venditorem‘
1210 771 1212 802 i
1239 791 1334 819 mae,
1362 790 1426 812 nec
1452 778 1602 812 dicimus
1625 779 1818 812 accidentia
1837 777 1966 812 habere
1984 779 2166 812 materiam
2184 791 2224 812 ex

203 862 277 887 tum
302 855 540 894 benefactum,
575 866 635 887 seu
660 856 902 895 malefactum,
939 858 1035 901 quod
1059 857 1185 890 ordine
1211 850 1213 874 {
1240 841 1307 875 qua
1334 829 1439 870 fiant'
1464 831 1523 862 sed
1543 837 1624 863 sunt
1642 841 1679 861 m
1698 836 1862 871 materm’
1889 836 1944 863 ω’
1973 829 2124 874 Flgurae
2142 836 2225 864 sunt

205 905 361 938 iusticiae
384 905 529 947 dignum
552 905 705 949 praemio
731 907 786 939 vel
801 918 915 951 poena
933 907 1126 952 iudicatur,
1153 915 1186 941 et
1211 930 1212 936 η

203 804 321 837 Potest
345 811 458 837 autem
484 804 605 837 referri
627 805 669 836 ad
692 802 874 839 συναίτια.
929 803 1064 851 Estque
1080 806 1184 839 meri-

204 963 242 989 ut
257 956 402 988 sitiusta
420 956 675 1000 compensatio,
703 957 739 990 fit
755 958 955 1001 aequalitas.
1008 957 1186 992 Recensui

206 1006 396 1039 divisiones
427 1007 629 1051 praecipuas
661 1007 906 1049 efficientium,
943 1021 1091 1053 quarum
1129 1019 1214 1042 c0—²

206 1057 316 1099 gnitio
342 1069 414 1089 non
440 1057 552 1090 solum
577 1058 613 1089 in
641 1058 793 1098 artibus,
828 1060 887 1091 sed
914 1060 1017 1092 etiam
1046 1060 1084 1092 in
1110 1060 1187 1092 aliis

206 1108 297 1141 vitae
322 1108 474 1150 negociis
495 1108 593 1140 utilis
617 1115 686 1147 est,
715 1107 821 1142 ethic
836 1110 1028 1144 recitantur
1045 1117 1188 1155 propter

206 1159 360 1201 regulas,
388 1170 472 1203 quas
491 1158 597 1191 inseri
616 1157 828 1192 Dialecticae
843 1172 980 1193 necesse
999 1168 1058 1196 est.
1111 1161 1188 1194 Hoc

206 1210 309 1241 etiam
342 1210 540 1242 monendus
571 1216 620 1242 est
651 1210 778 1250 lector,
813 1213 907 1255 qnod
931 1212 979 1244 ait
1009 1211 1189 1257 Pol)·biUS‚

207 1260 302 1292 aliud
320 1271 390 1292 esse
409 1272 547 1293 causam
564 1260 649 1293 belli
668 1259 812 1301 Punici,
841 1262 937 1295 aliud
958 1264 1190 1303 occasionem,
1216 1283 1217 1308 i
1244 1292 1301 1319 mr
1331 1287 1434 1320 coust,
1464 1287 1471 1293 -
1845 1299 1850 1305 ,
2040 1287 2047 1293 -

1216 1318 1217 1329 ,
1375 1311 1392 1329 0
1426 1294 1543 1320 anone
1574 1288 1617 1319 de
1647 1299 1733 1326 usu,
1766 1293 1805 1320 ut
1827 1287 1932 1319 talem
1958 1287 2122 1327 fabricet,
2159 1298 2227 1332 qua

207 1322 266 1343 seu
285 1311 379 1343 aliud
400 1311 534 1351 αἴτιον,
565 1311 661 1344 aliud
678 1309 866 1358 οἷῳόριιὴν.

308 1371 437 1404 Αἴτιον
454 1378 553 1403 vocat
569 1371 799 1414 principalem
818 1384 973 1413 causam,
1000 1379 1055 1405 ut:
1084 1371 1190 1404 Prin-

208 1421 329 1464 cipalis
351 1433 452 1454 causa
475 1421 559 1454 belli
583 1420 710 1453 Punici
733 1429 806 1455 erat
830 1423 951 1456 odium
979 1424 1104 1456 ardens
1128 1424 1189 1456 ad·
1245 1439 1342 1477 utili,
1368 1444 1423 1471 ut:

207 1482 327 1504 versus
351 1470 552 1512 Romanos,
586 1478 619 1504 et
645 1471 821 1505 vindictae
846 1473 1018 1517 cupiditas
1042 1474 1080 1506 in
1103 1472 1190 1507 Car-
1216 1481 1218 1503 ἓ

207 1518 485 1565 thaginensibtm.

304 1571 471 1619 Ἀᾳορμὴ
506 1579 555 1606 est
585 1573 703 1606 minus
736 1574 942 1617 principalis
971 1585 1094 1615 causa,
1135 1575 1191 1607 vel

209 1623 325 1668 aliqua
355 1623 441 1656 levis
470 1621 789 1669 προκαταρκτικὴ,
825 1625 881 1657 vel
907 1624 1190 1658 circumstantiae

208 1681 405 1718 temporum
423 1681 482 1707 aut
497 1675 563 1707 loci
575 1701 582 1714 ,
610 1686 698 1719 quae
715 1686 787 1707 non
799 1681 848 1707 est
865 1687 978 1715 causa,
1005 1676 1063 1708 sed
1081 1675 1191 1709 facul-

208 1732 312 1758 tatem
328 1725 471 1769 praebet
486 1725 716 1769 flagrantibus
731 1726 920 1769 cupiditate
933 1726 1050 1771 aliqua
1064 1726 1191 1769 agendi

209 1776 302 1820 quod
335 1776 478 1816 volunt,
514 1783 554 1809 ut
584 1776 717 1809 amanti
749 1777 914 1810 tenebrae
940 1784 1023 1811 sunt
1045 1778 1192 1818 occasio,

208 1833 247 1859 ut
270 1826 417 1859 dicitur:
444 1825 521 1860 Nox
545 1833 577 1860 et
595 1838 694 1860 amor
713 1827 906 1872 vinumque
922 1825 1014 1861 nihil
1028 1829 1192 1861 modera-

209 1877 281 1910 bile
298 1878 457 1912 suadent.
510 1877 588 1911 Nox
605 1877 739 1911 occasio
757 1885 824 1916 est,
853 1890 926 1911 non
944 1890 1063 1919 causa,
1093 1891 1192 1912 amor

210 1934 259 1961 est
290 1927 428 1971 αἴτιον,
470 1934 503 1961 et
533 1928 676 1972 quidem
708 1929 934 1967 antecedens,
975 1931 1035 1963 sed
1067 1930 1190 1963 vinum

210 1985 260 2012 est
291 1976 622 2024 προκαταρκτικὸν.
701 1978 752 2012 Ita
783 1980 1021 2013 controversia
1054 1981 1097 2013 de
1127 1979 1192 2014 Sa-

210 2029 311 2072 gunti
335 2028 465 2062 finibus
487 2029 554 2062 fuit
575 2029 662 2062 levis
686 2028 983 2076 προκαταρκτικὴ
1006 2031 1095 2064 belli
1118 2030 1192 2065 Pu-

209 2080 280 2113 nici
311 2080 466 2115 secundi.
533 2078 591 2113 Sic
622 2091 744 2113 causae
773 2081 1023 2116 discernuntur
1053 2083 1091 2115 in
1123 2080 1191 2116 hoc

209 2131 318 2165 dicto:
348 2128 579 2165 Occasionem
600 2130 754 2175 quaerit,
782 2131 842 2176 qni
860 2132 935 2166 vult
953 2133 1131 2167 discedere
1146 2134 1191 2168 ab

208 2194 330 2216 amlco.

600 2285 802 2320 Materia.

309 2349 462 2384 Materia
487 2354 552 2389 est,
578 2360 619 2381 ex
642 2359 710 2393 qua
733 2347 868 2393 aliquid
883 2347 941 2390 fit,
967 2356 1006 2383 ut
1023 2361 1062 2382 ex
1077 2349 1190 2383 farina

211 2404 247 2435 fit
264 2401 379 2445 panis,
405 2412 445 2434 ex
459 2399 639 2433 elementis
654 2399 743 2434 fiunt
757 2399 864 2434 mixta
880 2412 1038 2444 corpora.
1090 2399 1190 2434 Hanc

211 2453 395 2496 praecipue
411 2451 638 2484 nominamus
654 2450 835 2483 materiam
847 2478 856 2492 ,
884 2463 973 2496 quae
990 2452 1117 2485 usitate
1133 2452 1188 2484 di-

211 2503 301 2536 citur
318 2501 467 2535 Materia
492 2513 531 2534 ex
554 2513 634 2546 qua.
687 2498 734 2534 Et
757 2501 869 2536 sciant
889 2502 1045 2536 iuniores
1069 2502 1115 2535 ita
1136 2503 1190 2536 lo-

212 2553 273 2599 qui
301 2550 590 2595 Philosophiam,
622 2558 662 2586 ut
684 2563 757 2585 non
784 2553 917 2587 tribuat
942 2553 1120 2586 materiam
1148 2565 1188 2587 ex

211 2615 279 2649 qua
307 2602 559 2643 accidentibus,
593 2603 651 2636 sed
675 2609 812 2637 tantum
837 2604 1052 2638 substantiis-

211 2655 344 2689 utimur
368 2659 483 2687 autem
506 2653 650 2687 nomine
672 2654 856 2697 materiae,
883 2667 961 2689 cum
980 2655 1186 2691 Subiectum

430 86 635 121 SCRIPTA
667 86 739 120 ΡΠ.
768 83 881 119 MEL.
909 84 974 118 AD
1002 85 1128 120 HIST.
1159 81 1301 121 PROF.
1330 82 1394 117 ET
1424 81 1616 117 PHILOS.
1645 81 1962 119 SPECTANTIA.

2138 84 2214 120 680

1203 170 1207 197 ἶ
1232 181 1396 203 vocamus
1417 168 1597 202 materiam
1617 169 1654 200 in
1674 180 1761 213 qua,
1790 175 1822 202 et
1839 166 2028 203 Obiectum
2050 181 2215 204 vocamus

1205 218 1206 223 ¹
1233 220 1413 254 materiam
1431 220 1521 253 circa
1540 231 1653 264 quam.

1647 310 1802 342 Forma.

1335 371 1416 413 Est,
1443 385 1531 418 quae
1553 374 1612 406 dat
1633 384 1705 406 esse
1726 373 1795 413 rei,
1824 373 1859 405 id
1879 379 1949 413 est,
1978 373 2051 416 ipsa
2070 373 2120 405 rei
2136 385 2220 407 con-

1207 452 1209 458 t
1235 424 1440 464 summano,
1475 436 1535 457 seu
1568 424 1668 469 quasi
1697 423 1953 464 exaedificatio,
1990 435 2058 469 qua
2090 435 2144 456 res
2170 431 2221 458 est

1207 483 1209 490 ’
1235 475 1335 514 talis,
1371 482 1422 508 ut:
1458 474 1588 518 Figura
1617 475 1717 508 navis
1741 481 1800 508 aut
1826 475 1951 508 domus
1978 472 2220 508 exaedificatae

1096 500 1182 534 Per·
1208 511 1209 520 ³

200 551 287 583 tinet
320 552 361 582 ad
393 550 618 594 impulsivam
646 559 679 584 et
701 552 885 591 meritum,
921 559 974 585 ut:
1011 551 1182 585 Meritum
1209 559 1210 595 ζ

202 599 330 635 Christi
359 609 473 635 movet
498 602 713 635 voluntatem
738 603 869 636 aeterni
889 602 1002 636 Patris
1026 605 1069 636 ad
1095 603 1183 636 rcci-
1209 600 1211 637 ¹,
1238 627 1394 660 denudes

1237 533 1286 560 est
1302 526 1376 570 ipsa
1395 526 1519 561 forma.

1340 577 1431 610 Sunt
1454 583 1568 610 autem
1595 577 1684 610 aliae
1705 575 1982 616 Substantiales‚
2008 575 2095 609 aliae
2116 573 2222 609 Acci-

1460 626 1548 660 Nam
1573 627 1786 661 substantias
1804 627 2013 670 compositas
2030 626 2223 660 dividimus

1238 678 1275 711 in
1299 677 1482 710 materiam
1508 683 1540 710 et
1563 677 1732 718 formam,
1756 684 1810 710 ut:
1836 677 1906 711 Bos
1931 684 2066 711 constat
2088 689 2128 711 ex
2149 689 2224 710 ma—

1237 728 1324 762 teria
1349 734 1382 761 et
1404 728 1528 761 forma.
1583 727 1651 761 Sed
1678 728 1869 761 accidentia
1895 735 2032 762 tantum
2054 734 2135 762 sunt
2150 728 2225 761 for-

1239 887 1351 914 metae
1369 881 1591 913 includentes
1609 880 1804 914 materiam.

1566 969 1696 1002 Causa
1734 969 1901 1012 finalis.

1343 1032 1525 1066 Differunt
1557 1033 1636 1065 finis
1670 1040 1703 1066 et
1733 1044 1834 1066 causa
1861 1033 1986 1066 finalis.
2046 1033 2150 1066 Finis
2176 1039 2227 1067 est

1213 1112 1215 1122 ,ἵ
1242 1083 1315 1126 ipse
1340 1095 1424 1116 usus
1445 1083 1514 1123 rei,
1543 1090 1599 1124 nt,
1626 1084 1706 1116 finis
1733 1084 1838 1116 calcei
1863 1091 1914 1117 est
1934 1084 2074 1117 munire
2091 1085 2226 1128 pedem.

1242 1133 1310 1167 Sed
1334 1132 1448 1168 Causa
1471 1134 1585 1166 finalis
1611 1141 1661 1167 est
1685 1135 1848 1177 cogitatio
1877 1135 1919 1167 de
1943 1135 2031 1175 fine,
2064 1135 2227 1168 videlicet

1243 1185 1285 1217 de
1311 1197 1394 1225 usu,
1429 1197 1496 1230 qua
1522 1192 1684 1218 movetur
1710 1191 1743 1218 et
1766 1185 1899 1228 regitur
1927 1196 2032 1229 agens
2057 1185 2095 1218 in
2121 1197 2228 1230 opere

1244 1235 1479 1276 instituendo,
1506 1242 1545 1269 ut
1568 1236 1744 1269 fabricans
1769 1236 1887 1269 navim
1912 1243 2074 1270 movetur
2089 1243 2122 1270 et
2136 1236 2228 1280 regi-

1216 1372 1217 1375 *
1244 1337 1369 1370 idonea
1401 1337 1445 1370 sit
1479 1338 1731 1371 transvectioni
1765 1349 1885 1370 earum
1918 1349 2055 1377 rerum,
2099 1337 2228 1382 quibus

1245 1387 1389 1430 indiget.
1453 1385 1499 1421 Et
1529 1385 1611 1420 hinc
1644 1388 1796 1421 sumitur
1830 1388 1927 1421 locus
1955 1386 2151 1421 rhetoricus
2183 1388 2228 1421 ab

1397 1487 1557 1522 Ebrietas
1582 1496 1632 1522 est
1657 1489 1855 1532 perniciosa
1879 1489 2095 1529 ventriculo,
2124 1489 2229 1533 epati‚

1452 1540 1614 1579 cerebro,
1643 1540 1777 1583 pectori
1804 1546 1837 1572 et
1861 1540 1997 1580 nervis,
2024 1546 2058 1573 et
2081 1539 2229 1584 impedit

1452 1590 1699 1631 cogitationem
1718 1596 1751 1622 et
1767 1590 2017 1633 precationem,

1397 1637 1461 1673 Est
1478 1640 1585 1683 igitur
1600 1640 1777 1683 fugienda.

1349 1689 1465 1724 Locus
1489 1692 1534 1724 ab
1559 1688 1727 1731 honesto,
1762 1691 1827 1724 etsi
1852 1691 1897 1724 ad
1921 1702 2060 1725 causam
2086 1691 2229 1725 finalem

1217 1762 1219 1768 ν
1247 1742 1351 1774 etiam
1370 1742 1628 1775 accommodari
1643 1748 1774 1786 potest,
1801 1749 1919 1775 tamen
1935 1748 2080 1786 propter
2094 1743 2230 1787 perspi-

1213 2579 1215 2591 ι
1242 2567 1325 2589 sam.

1111 2603 1187 2638 Ab·
1212 2593 1215 2631 ἔ
1241 2606 1423 2646 ordinate,
1458 2611 1497 2638 ut
1527 2605 1570 2637 de
1599 2610 1727 2638 natura
1754 2610 1787 2637 et
1809 2602 2021 2636 voluntariis
2042 2602 2227 2645 agentibus

1210 2688 1214 2699 .
1239 2658 1432 2691 secundum
1460 2662 1588 2690 rectam
1616 2655 1802 2689 rationem.

1246 1792 1408 1826 euitatem
1442 1793 1726 1827 accommodetur
1759 1793 1803 1826 ad
1835 1804 1974 1826 causam
2008 1793 2230 1834 efficientem,

1246 1843 1411 1876 videlicet
1435 1844 1478 1877 ad
1505 1844 1634 1887 legem,
1661 1843 1743 1888 quia
1766 1841 1914 1877 honesta
1932 1851 2032 1885 sunt,
2059 1855 2148 1889 quae
2166 1856 2229 1888 ap·-

1245 1894 1392 1938 probata
1423 1900 1506 1927 sunt
1539 1894 1670 1927 divinis
1702 1905 1762 1928 seu
1791 1894 2032 1935 naturalibus,
2065 1905 2126 1928 seu
2149 1894 2229 1928 aliis

1245 1945 1393 1987 legibus,
1422 1957 1510 1989 quae
1527 1957 1605 1978 cum
1625 1951 1716 1978 recta
1732 1945 1868 1978 ratione
1882 1952 2093 1988 congruunt.
2133 1943 2229 1978 Haec

1245 1995 1325 2028 ideo
1351 1995 1532 2040 asscripsi,
1567 2002 1606 2029 ut
1627 1995 1776 2029 studiosi
1798 1995 1972 2029 admoniti
2000 1995 2112 2030 sciant
2133 1996 2230 2029 locos

1245 2046 1445 2080 dialecticos
1469 2046 1583 2080 fontes
1610 2057 1682 2079 esse
1706 2046 1886 2085 locorum,
1912 2046 2029 2092 quiin
2044 2044 2229 2084 rhetoricis

1245 2105 1470 2132 recensentur
1486 2097 1563 2131 aliis
1579 2097 1890 2141 appellationibus,

1535 2216 1703 2262 Reyulae
1729 2215 1777 2250 de
1804 2218 1944 2250 causis.

1673 2287 1800 2322 Prima.

1347 2350 1507 2384 Platonis
1529 2349 1648 2392 regula
1672 2356 1722 2383 est
1739 2350 1777 2382 in
1796 2348 1962 2390 Timaeo,
1988 2346 2082 2382 nihil
2097 2348 2135 2382 fit
2152 2348 2228 2381 sine

1245 2414 1365 2443 causa,
1393 2402 1486 2447 quod
1504 2400 1752 2434 universaliter
1768 2412 1890 2434 verum
1909 2406 1958 2434 est
1977 2400 2020 2433 de
2035 2410 2135 2432 causa
2152 2399 2228 2431 effi-

1244 2454 1374 2494 ciente,
1407 2453 1443 2485 id
1475 2458 1542 2492 est,
1579 2451 1739 2485 omnium
1770 2451 1957 2485 effectuum
1989 2450 2166 2483 bonorum
2195 2456 2228 2483 et

1243 2505 1437 2544 malorum,
1472 2508 1610 2546 oportet
1637 2502 1793 2547 aliquam
1818 2513 1890 2535 esse
1914 2500 2119 2534 efficientem
2145 2511 2228 2534 cau-

1380 2553 1432 2588 De
1460 2553 1558 2586 finali
1590 2560 1729 2586 tantum
1760 2564 1881 2586 verum
1911 2557 1960 2585 est
1982 2551 2021 2583 in
2044 2551 2228 2594 agentibus

1860 2651 1953 2686 Hinc
1977 2653 2085 2697 igitur
2107 2653 2226 2696 regula
