2379 2948
223 133 270 169 95
461 126 669 165 semem
696 125 770 160 PH.
798 122 912 159 MEL.
939 120 1004 154 AD
1031 118 1157 154 msr.
1185 116 1329 154 Prior.
1355 115 1420 153 ET
1448 116 1641 152 PHILOS.
1669 115 1987 154 SPECTANTIA.
2182 115 2230 150 96

227 219 309 253 dicii
342 216 473 252 divini,
513 214 603 247 infra
637 212 761 244 dicam.
828 205 971 240 Certum
999 212 1048 239 est
1077 213 1205 245 autem,

228 270 329 303 valde
358 267 488 301 multos
517 263 676 297 homines
708 264 843 292 tantum
873 257 1051 290 moesticia
1079 263 1200 289 conta-

230 323 367 354 bescere
387 326 418 351 et
434 315 596 352 interire,
624 311 704 355 quia
725 321 802 351 cor,
830 309 923 353 quod
952 309 1049 340 sedes
1073 314 1121 340 est
1142 308 1204 338 ad-

230 372 401 408 fectuum,
430 365 580 400 torrem,
616 369 648 394 et
674 360 818 404 spiritus
841 360 1034 402 gignuntur
1056 357 1206 390 debilio—

232 434 305 460 res,
332 429 363 452 et
379 416 593 459 languetiunt
609 422 728 445 omnes
747 410 833 443 aliae
859 410 960 443 vires,
1016 408 1098 440 ldeo
1116 407 1206 450 Ilip-

232 466 533 516 pocratesinquit:
563 459 732 509 φροντὶς,
757 458 895 505 χαλεπὴ
919 456 1035 496 νόσος.
1090 457 1207 490 Medi-

232 522 320 555 catio
358 525 472 551 autem
511 515 670 548 omnium
701 511 936 545 efficacissima
969 515 1036 549 est,
1077 507 1204 540 fiducia

232 568 444 615 praesentiae
461 573 493 600 et
510 564 629 599 auxilii
649 562 762 595 divini
780 562 1014 605 acquiescere,
1043 565 1076 591 et
1099 570 1115 589 a
1134 557 1208 590 Deo

231 628 347 665 petere
374 627 406 652 et
430 623 607 661 expectare
636 614 690 646 vel
720 611 963 645 liberationem
990 609 1044 641 vel
1070 608 1209 652 mitiga-

232 673 374 708 tionem,
392 669 486 701 iuxta
506 667 654 699 dictum:
679 664 768 696 Iacta
788 662 823 693 in
836 661 947 695 Deum
966 671 1083 692 curam
1103 665 1211 696 tuam,

233 729 266 755 et
284 722 355 765 ipse
376 727 407 753 te
425 717 585 751 enutriet.

334 771 386 803 De
402 780 524 802 somno
541 775 678 799 necesse
697 769 744 795 est
766 762 865 804 plura
881 761 1007 795 dicere.
1061 757 1106 792 Et
1127 770 1212 791 con-

233 818 517 856 sideratissomni
536 816 647 849 causis
674 821 706 847 et
723 812 952 851 utilitatibus,
980 821 1105 853 magna
1132 820 1211 854 pars

237 873 416 906 doctrinae
433 870 475 901 de
492 866 658 911 potentiis
674 864 810 896 animae
827 863 863 895 fit
881 862 1066 895 illustrior.

336 922 489 954 Somnus
518 925 567 950 est
604 916 701 961 quies
734 914 897 947 animalis
927 912 1085 950 virtutis,
1124 921 1212 954 quae

234 975 287 1009 fit,
316 984 392 1005 cum
411 980 556 1013 vapores
570 968 673 1000 utiles
689 977 727 998 ex
747 964 964 997 nutrimento
988 960 1149 995 exhalant
1177 960 1214 992 in

236 1024 437 1060 cerebrum,
464 1019 522 1064 qui
543 1019 590 1050 ibi
607 1016 759 1049 suaviter
784 1016 1001 1059 liquescunt,
1028 1019 1061 1045 et
1086 1011 1213 1055 passim

235 1075 382 1106 fluentes
401 1071 438 1103 in
461 1069 603 1102 cerebro
626 1068 815 1099 obstruunt
839 1071 975 1097 meatus
996 1074 1161 1095 sensuum
1182 1068 1213 1093 et

240 1134 427 1157 nervorum
445 1120 672 1152 metit-orum.

338 1172 443 1205 lnitio
458 1177 572 1203 autem
589 1178 689 1201 causa
705 1165 820 1198 finalis
845 1164 1106 1200 consideretur,
1132 1161 1213 1206 quia

237 1224 367 1257 mirum
390 1220 504 1253 videri
532 1224 661 1262 potest,
694 1228 756 1249 cur
779 1216 867 1248 facta
891 1215 963 1247 sint
987 1212 1072 1246 haec
1106 1213 1216 1245 inter-

237 1275 327 1307 valla
347 1279 505 1305 motuum
532 1271 567 1302 in
593 1267 824 1303 animalibus,
849 1277 928 1298 cum
954 1265 1116 1297 coelestes
1142 1274 1217 1294 mo-

237 1333 292 1359 tus
319 1331 349 1356 et
379 1321 564 1355 fluminum
596 1319 693 1351 nulla
719 1315 870 1349 habeant
898 1314 1093 1348 intervalla.
1149 1312 1215 1346 Sed

237 1374 295 1408 hic
320 1374 407 1406 ordo
433 1370 646 1404 animalibus
663 1367 815 1400 sancitus
833 1372 898 1398 est:
926 1365 1031 1407 Quod
1049 1370 1140 1396 caret
1166 1363 1218 1395 al-

239 1433 336 1459 terna
354 1422 484 1466 requie,
511 1418 671 1452 durabile
688 1428 759 1449 non
781 1422 841 1448 est.
875 1414 1080 1458 Loquamur
1104 1419 1217 1445 autem

240 1477 283 1509 de
297 1472 520 1510 hominibus,
547 1481 618 1501 non
642 1469 684 1499 de
702 1465 905 1510 pecudibus.

342 1524 441 1557 Sicut
456 1527 528 1554 tota
545 1526 669 1552 natura
688 1515 843 1549 bominis
862 1515 908 1547 ita
926 1513 1066 1547 condita
1087 1519 1154 1551 est,
1179 1518 1217 1545 ut

241 1574 408 1622 paulatim
429 1578 461 1605 et
478 1568 697 1611 consumptio
713 1567 771 1599 fiat
788 1565 900 1598 nativi
926 1562 1084 1603 humidi,
1111 1570 1145 1595 et
1169 1563 1220 1595 fa-

242 1626 365 1660 cienda
382 1624 427 1656 sit
444 1619 652 1654 instauratio
669 1629 730 1661 per
747 1616 1002 1648 nutrimentum
1014 1641 1022 1654 ,
1049 1621 1082 1646 et
1103 1619 1219 1657 postea

243 1674 421 1711 accesserit
452 1669 637 1704 hominum
680 1674 825 1700 naturae
861 1671 1018 1698 senectus
1052 1670 1084 1696 et
1115 1674 1221 1702 mors,

244 1728 364 1760 eadem
381 1733 480 1757 causa
501 1728 570 1759 est,
598 1731 660 1752 cur
676 1729 762 1761 opus
779 1716 821 1749 sit
844 1716 1011 1748 alimento
1039 1721 1070 1746 et
1096 1714 1221 1758 quiete.

243 1777 333 1811 Nam
351 1781 384 1808 et
401 1773 498 1818 quies
515 1769 621 1803 servit
643 1766 901 1800 conservationi
924 1765 1163 1797 membrorum
1185 1763 1220 1795 in

245 1826 309 1860 hac
327 1832 471 1863 natura,
494 1820 607 1866 qualis
632 1830 726 1851 nunc
747 1823 807 1849 est.
858 1815 1049 1849 Cerebrum
1077 1814 1221 1847 adsidua

248 1876 454 1913 intentione,
481 1879 513 1905 et
529 1882 589 1903 cor
607 1870 806 1902 adfectuum
824 1866 977 1899 motibus
993 1865 1174 1897 arefierent
1192 1871 1223 1897 et

247 1928 526 1968 languescerent,
553 1920 581 1952 si
597 1931 668 1951 nou
685 1923 924 1951 recrearentur
942 1916 1069 1960 quiete.
1106 1916 1223 1957 Quare

248 1979 290 2011 ad
309 1975 403 2009 hunc
421 1974 524 2006 finem
546 1970 706 2003 ordinata
736 1974 817 2000 suut
844 1965 928 1999 haec
955 1966 1159 2004 intervalla,
1187 1972 1225 1997 ut

248 2030 306 2061 fiat
326 2024 450 2068 rigatio
468 2020 619 2058 cerebri,
645 2026 677 2052 et
697 2019 731 2051 iu
749 2019 821 2061 ipsa
841 2017 958 2062 quiete
980 2027 1100 2048 rursus
1125 2016 1225 2048 colli-

251 2085 351 2122 gatur
371 2072 539 2108 naturalis
560 2070 670 2106 calor,
697 2070 796 2105 item,
824 2074 864 2101 ut
886 2078 946 2099 cor
971 2066 1224 2111 aliquantisper

250 2129 367 2161 minus
384 2124 545 2159 turbetur
561 2120 770 2158 adfectibus,
797 2125 829 2151 et
849 2124 1029 2160 recuperet
1057 2118 1166 2156 vires,
1194 2123 1227 2149 et

252 2179 367 2222 gignat
383 2174 525 2219 spiritus
550 2170 680 2203 maiore
703 2168 814 2211 copia.
867 2169 918 2201 Ac
940 2174 1023 2201 tune
1046 2167 1150 2200 simul
1172 2167 1227 2200 iu-

251 2235 380 2261 vantur
401 2222 586 2257 ventriculi
614 2226 648 2253 et
677 2219 786 2262 epatis
815 2218 986 2258 actiones,
1020 2218 1101 2263 quia
1133 2218 1228 2251 calor

254 2286 287 2312 et
303 2277 445 2321 spiritus
468 2273 586 2306 minus
602 2270 834 2303 effunduntur
851 2269 1048 2312 quiescente
1072 2280 1228 2312 corpore,

253 2329 325 2362 imo
343 2334 427 2361 tunc
441 2330 595 2357 recreato
611 2321 716 2355 corde
733 2326 766 2352 et
781 2319 875 2351 calor
891 2324 924 2351 et
947 2319 1091 2362 spiritus
1114 2325 1229 2352 coete-

253 2379 303 2412 ris
319 2375 485 2410 membris
500 2372 644 2408 uberius
666 2369 946 2414 suppeditantur.

354 2426 502 2469 Propter
526 2422 588 2457 has
612 2432 729 2455 causas
746 2419 866 2452 finales
888 2417 1062 2462 proximas
1085 2419 1229 2451 ordina-

253 2486 329 2513 tum
345 2488 416 2510 esse
432 2486 593 2507 somnum
611 2473 647 2505 in
667 2478 809 2508 natura,
837 2469 950 2514 qualis
966 2480 1061 2501 nunc
1085 2476 1153 2508 est,
1178 2469 1230 2501 fa-

255 2530 320 2563 cile
334 2525 483 2567 intelligi
500 2529 622 2567 potest.
673 2520 746 2554 Cur
767 2527 881 2553 autem
901 2526 1026 2553 natura
1044 2515 1230 2553 hominum

256 2579 336 2613 talis
351 2578 397 2611 sit
412 2574 553 2609 condita
566 2597 575 2610 ‚
601 2578 638 2605 ut
654 2571 712 2604 fiat
730 2570 960 2614 consumptio,
989 2575 1021 2603 et
1036 2568 1079 2602 sit
1095 2568 1231 2602 instau-

256 2630 365 2663 randa
381 2624 575 2660 nutritione
600 2628 634 2655 et
655 2620 789 2666 quiete,
820 2632 893 2653 non
925 2619 1107 2664 quaeritur
1129 2629 1230 2652 causa

258 2691 277 2713 a
292 2672 524 2725 philosophis.
576 2672 645 2708 Sed
662 2670 801 2705 consilii
816 2670 928 2704 divini
952 2681 1073 2704 causae
1094 2669 1232 2715 aliquae

1259 203 1462 247 cogitandae
1477 209 1571 238 sunt.
1621 202 1858 236 Inenarrabili
1880 204 2049 248 sapientia
2073 208 2106 236 et
2127 202 2233 235 boni-

1259 261 1327 287 tate
1345 253 1408 287 Dei
1427 255 1602 287 decretum
1622 261 1688 295 est,
1714 253 1805 287 utin
1825 251 1889 286 hac
1916 261 2038 287 natura
2062 252 2237 297 corporali

1260 305 1444 346 colligatur
1462 312 1600 337 aeterna
1618 303 1785 345 Ecclesia,
1811 311 1842 337 et
1858 302 1943 337 haec
1959 305 2004 337 ita
2023 304 2163 337 condita
2178 310 2240 348 est,

1260 361 1298 387 ut
1315 355 1510 387 nutritione
1527 362 1791 394 sustentaretur,
1809 362 1841 388 et
1860 367 1913 387 res
1932 355 1969 387 in
1986 361 2077 387 terra
2094 365 2239 386 nascen—

1261 411 1310 437 tes
1326 405 1357 436 ei
1381 405 1459 438 usui
1486 412 1608 439 essent.
1661 403 1706 438 Et
1729 418 1807 439 cum
1834 405 1871 438 in
1898 412 2022 438 natura
2048 405 2134 436 fiant
2157 415 2242 437 con-

1262 455 1414 498 sumptio
1438 462 1470 488 et
1494 455 1664 495 nutritio,
1695 457 1794 500 quies
1815 457 1857 488 ad
1885 454 1969 490 haec
1993 455 2154 488 ordinata
2180 461 2242 487 est.

1262 505 1451 549 Postquam
1488 512 1602 538 autem
1638 512 1761 539 natura
1793 504 1978 540 hominum
2009 504 2160 539 obnoxia
2193 510 2244 537 est

1263 556 1386 595 morti,
1414 562 1446 588 ct
1471 555 1580 588 multo
1609 556 1784 589 infirmior
1806 563 1856 590 est
1881 569 1984 602 quam
2014 556 2097 595 fuit,
2132 555 2242 587 inter-

1264 605 1355 638 valla
1373 605 1500 649 quietis
1518 607 1627 648 magis
1646 607 1839 640 necessaria
1852 614 1943 641 sunt.
1996 605 2133 640 Deinde
2158 603 2246 638 haec

1266 656 1339 700 ipsa
1357 656 1456 700 quies
1480 656 1593 698 imago
1621 663 1671 689 est
1694 658 1816 690 mortis
1837 664 1869 690 et
1889 656 2175 697 resurrectionis,
2206 661 2245 688 ut

1266 706 1458 748 cogitemus
1482 712 1513 738 et
1539 707 1669 739 servari
1699 707 1823 747 vitam,
1860 719 2060 752 quanquam
2084 706 2245 743 mortuis,

1267 757 1357 789 sicut
1390 768 1429 788 ex
1451 767 1574 789 somno
1606 757 1858 800 exuscitamur,
1893 769 2093 803 quanquam
2123 757 2247 800 ignari,

1267 807 1444 852 quomodo
1462 807 1495 839 id
1523 807 1591 840 fiat.
1644 806 1719 840 Imo
1743 815 1782 842 ut
1803 808 1895 841 vires
1919 809 2099 841 redierunt
2122 807 2246 839 melio-

1267 870 1321 890 res
1350 864 1428 901 post
1462 869 1643 897 somnum,
1679 858 1725 891 ita
1757 856 1942 892 hominum
1970 865 2093 891 natura
2119 857 2156 889 in
2185 854 2248 895 bis,

1268 909 1304 940 in
1323 909 1451 952 quibus
1476 915 1525 941 est
1544 920 1662 941 semen
1683 907 1767 946 Dei,
1796 909 2001 949 exuscitata,
2029 908 2120 941 vires
2145 905 2249 940 habet

1267 960 1379 992 multo
1407 959 1685 1002 praestantiores.
1753 959 1820 993 Sed
1848 957 1910 992 has
1932 958 2055 993 finales
2078 969 2196 992 causas
2213 957 2249 990 in

1269 1009 1328 1041 illa
1348 1016 1487 1042 aeterna
1503 1009 1758 1043 consuetudine
1771 1009 1836 1042 Dei
1854 1011 1988 1052 integre
2006 1009 2252 1052 intelligemus.

1270 1059 1372 1092 Nunc
1391 1057 1571 1104 physicum
1592 1067 1642 1094 est
1659 1061 1810 1103 aspicere
1836 1067 2054 1104 praesentem
2078 1067 2253 1098 naturam,

1271 1117 1303 1142 et
1325 1110 1545 1142 considerare
1572 1110 1608 1142 in
1632 1111 1775 1144 materia
1797 1123 1936 1152 causas,
1964 1111 2141 1156 quomodo
2166 1110 2252 1143 fiant

1271 1173 1308 1193 tn
1323 1172 1360 1192 ea
1378 1167 1525 1193 usitatae
1549 1161 1769 1195 mutationes·

1372 1225 1435 1260 Est
1455 1227 1560 1269 igitur
1579 1239 1677 1259 causa
1698 1227 1896 1268 materialis,
1925 1239 2034 1271 vapor
2050 1226 2177 1266 suavis,
2193 1226 2252 1270 qui

1272 1290 1350 1311 cum
1367 1277 1551 1322 liquescit,
1574 1278 1731 1310 defluens
1748 1278 1896 1312 obstruit
1921 1284 2056 1310 meatus
2079 1288 2255 1316 sensuum,

1272 1335 1306 1361 et
1322 1328 1463 1370 spiritus
1484 1328 1648 1371 impedit,
1673 1340 1716 1358 ne
1734 1328 1770 1358 in
1787 1337 1913 1360 nervos
1930 1327 2159 1366 delabantur,
2187 1338 2254 1371 qua

1272 1390 1308 1411 re
1327 1385 1359 1410 et
1377 1384 1492 1409 motus
1508 1376 1625 1408 localis
1651 1376 1793 1410 sistitur.
1847 1375 1927 1409 Non
1952 1384 2003 1411 est
2025 1377 2118 1409 enim
2142 1376 2256 1409 visco-

1273 1438 1330 1462 sus
1358 1433 1418 1459 aut
1453 1427 1568 1458 lentus
1600 1424 1745 1466 humor,
1779 1427 1839 1472 qui
1866 1427 1972 1460 laedit
1997 1427 2197 1467 cerebrum,
2224 1433 2257 1460 et

1274 1477 1377 1510 efficit
1411 1477 1624 1520 apoplexias.
1692 1476 1759 1510 Sed
1798 1478 1913 1510 suavis
1938 1475 2069 1511 halitus
2093 1483 2162 1516 est,
2198 1477 2257 1521 qui

1274 1534 1459 1572 postquam
1486 1527 1659 1567 ascendit,
1694 1527 1886 1570 frigiditate
1910 1528 2042 1561 cerebri
2077 1529 2256 1567 densatur,

1274 1586 1306 1612 et
1323 1578 1465 1615 defluit,
1494 1578 1611 1618 rigans
1631 1585 1663 1610 et
1683 1575 1887 1611 humectans
1907 1579 2100 1612 cerebrum.
2156 1577 2257 1612 Ideo-

1275 1640 1342 1673 que
1378 1627 1585 1661 Aristoteles
1622 1626 1758 1671 Euripo
1792 1626 1887 1661 hunc
1921 1640 2091 1672 vaporum
2123 1635 2256 1662 motum

1275 1679 1432 1717 confert,
1466 1679 1559 1722 quod
1591 1680 1815 1712 ascendentes
1836 1680 2006 1720 refluant,
2040 1687 2073 1713 et
2096 1679 2156 1712 alii
2180 1691 2258 1713 suc-

1276 1730 1415 1762 cedant.

1380 1786 1554 1820 Formalis
1573 1798 1672 1819 eausa
1698 1794 1745 1820 est
1765 1787 1851 1832 ipsa,
1879 1787 1996 1832 quies,
2024 1785 2090 1821 hoc
2105 1794 2165 1828 est,
2198 1800 2259 1821 va-

1277 1838 1366 1871 catio
1388 1849 1553 1870 sensuum
1573 1837 1782 1870 exteriorum
1803 1844 1835 1871 et
1855 1846 1971 1871 motus
1997 1838 2129 1872 localis.
2167 1837 2259 1872 ,Nam

1279 1888 1465 1922 interiores
1483 1899 1605 1920 sensus
1622 1888 1739 1921 miuus
1757 1888 2011 1932 impediuntur.

1379 1946 1527 1980 Causam
1548 1946 1752 1979 efficientem
1771 1944 1827 1979 hic
1845 1947 2033 1980 nominant
2051 1958 2144 1987 eam,
2166 1959 2261 1992 'quae

1279 1998 1471 2031 coctionem
1503 1996 1573 2028 cibi
1596 1997 1758 2036 adiuvat,
1792 1998 1886 2029 unde
1910 2009 2056 2041 vapores
2087 1995 2262 2031 exhalant.

1280 2048 1334 2082 Sit
1356 2048 1464 2091 igitur
1487 2044 1570 2079 haec
1595 2059 1715 2086 causa,
1749 2048 1821 2091 ipse
1844 2047 1939 2080 calor
1966 2048 2059 2081 intro
2081 2056 2263 2085 revocatus

1280 2099 1409 2132 virtute
1438 2097 1572 2137 cordis,
1614 2110 1680 2142 qua
1707 2099 1743 2130 in
1771 2110 1808 2131 re
1833 2098 2020 2131 consilium
2041 2105 2075 2132 et
2097 2098 2258 2132 ordinem

1281 2156 1428 2183 naturae
1446 2148 1667 2181 considerare
1685 2149 1786 2181 valde
1804 2150 1957 2193 prodest.

1382 2214 1504 2248 Toties
1520 2214 1589 2247 iam
1608 2214 1739 2247 dictum
1756 2222 1825 2255 est,
1856 2227 1936 2247 cum
1966 2221 2129 2248 naturam
2147 2212 2263 2249 homi-

1282 2278 1367 2300 num
1385 2264 1482 2298 Deus
1504 2265 1617 2309 opifex
1642 2266 1746 2298 talem
1777 2264 1995 2305 condiderit,
2018 2271 2057 2298 nt
2080 2265 2164 2299 velit
2189 2277 2262 2298 eam

1283 2316 1477 2351 nutritione
1509 2315 1660 2356 servari,
1697 2315 1805 2348 multa
1835 2315 2005 2355 instituit,
2043 2328 2131 2360 quae
2158 2316 2201 2349 ad
2227 2316 2263 2349 id

1282 2378 1371 2411 opus
1389 2367 1604 2400 conducunt.
1658 2364 1807 2408 Sumpto
1832 2365 2000 2399 alimento
2023 2366 2098 2399 fieri
2118 2366 2154 2398 in
2178 2378 2264 2399 ven-

1283 2418 1408 2451 triculo
1441 2424 1474 2450 et
1501 2423 1598 2460 epate
1623 2415 1816 2450 coctionem
1846 2427 1982 2449 necesse
2007 2421 2067 2451 est.
2127 2413 2263 2449 Eodem

1283 2475 1440 2512 tempore
1456 2467 1561 2500 simul
1581 2477 1658 2499 cum
1677 2477 1770 2498 novo
1790 2467 1960 2508 sanguine
1983 2477 2044 2499 cor
2072 2467 2205 2509 rigatur
2231 2474 2264 2500 et

1284 2518 1457 2558 reficitur,
1477 2516 1670 2560 plurimum
1696 2516 1883 2559 spirituum
1909 2516 2074 2559 gignitur.
2125 2515 2172 2552 Ut
2198 2517 2265 2560 igi-

1284 2575 1343 2602 tur
1356 2579 1416 2601 cor
1439 2566 1567 2600 actioni
1595 2566 1777 2609 propriae,
1809 2573 1843 2600 et
1876 2566 2065 2599 ventriculi
2098 2573 2131 2600 et
2156 2567 2265 2610 epatis

1285 2630 1386 2662 opem
1416 2617 1524 2657 ferat,
1564 2616 1683 2650 minus
1716 2617 1848 2661 spargit
1878 2616 2026 2650 calorem
2056 2616 2093 2650 in
2123 2623 2265 2651 externa

1284 2668 1453 2703 membra.
