2379 2948
230 138 301 174 623
496 131 703 170 SCRIPTA
732 131 806 168 PH.
830 127 946 166 MEL.
973 129 1040 167 AD
1066 131 1193 169 HIST.
1219 129 1362 169 PROF.
1389 130 1455 166 ET
1483 130 1673 168 PHILOS.
1696 131 2014 174 SPECTANTIA.
2169 136 2244 173 624

231 221 367 257 Caeteri
401 231 522 254 omnes
554 218 733 252 communi
760 224 943 263 praecepto
970 218 1212 262 obtemperare

233 274 372 307 debent.
426 271 515 305 Cum
540 269 647 312 igitur
670 280 792 302 causae
814 270 987 304 sactorum
1014 270 1084 303 sint
1107 269 1212 302 dissi-

233 323 354 363 miles,
382 334 452 355 non
476 327 674 362 congruunt
702 317 786 353 haec
810 320 911 354 sacta.
963 319 1075 354 Causa
1092 331 1213 364 regens

233 371 397 408 Abrahae
425 372 659 411 voluntatem,
695 377 745 403 est
771 377 863 404 certa
886 384 952 404 vox
971 371 1023 405 De
1039 396 1046 402 .
1100 371 1212 405 Causa

234 435 354 468 regens
379 421 654 465 Agamemnonis
678 421 915 462 voluntatem,
952 429 1001 456 est
1028 422 1112 454 falsa
1137 433 1215 465 per-

234 475 347 509 suasio
367 484 527 518 pugnans
545 484 623 505 cum
642 473 808 506 mandato
827 472 907 505 Dei.

335 532 417 566 Non
433 538 523 565 recte
541 529 728 565 cohaerent
749 530 849 564 haec:

383 590 508 624 Petrus
525 590 653 623 occidit
669 588 844 623 Ananiam
862 590 1101 630 mentientem,

385 641 480 684 Ergo
505 641 584 673 licet
609 640 816 673 docentibus
848 641 885 672 in
910 638 1063 674 Ecclesia
1097 640 1214 683 gladio

438 692 542 724 ferire
559 691 816 735 delinquentes.

336 750 432 794 Nego
453 749 756 793 consequentiam,
783 756 815 782 et
839 749 929 782 ratio
955 757 1024 791 est,
1051 750 1133 795 quia
1159 762 1216 783 ex-

237 802 350 845 empla
377 807 458 834 sunt
493 800 696 832 dissimilia:
732 799 857 832 Petrus
891 801 1019 834 occidit
1049 802 1157 834 verbo
1186 808 1219 834 et

236 861 334 886 motu
350 851 502 895 Spiritus
519 850 639 884 sancti.
688 848 783 883 Haec
801 857 882 883 sunt
900 852 1041 896 propria
1059 852 1217 885 ministe—

236 903 280 936 rii
303 901 503 944 evangelici.
558 900 626 933 Sed
652 901 769 944 gladio
789 902 932 944 punire,
960 903 1144 947 proprium
1165 903 1219 936 os-

236 953 352 986 ficium
371 959 420 986 est
436 951 573 996 politici
589 952 823 994 magistratus,

336 1011 405 1045 Sed
440 1017 531 1044 recte
562 1008 751 1044 cohaerent
779 1008 881 1051 haec,
914 1019 1048 1046 servata
1082 1012 1218 1046 ratione

237 1062 361 1095 simili:

387 1111 512 1145 Petrus
528 1111 655 1144 occidit
675 1111 921 1150 mentientem,
949 1113 1021 1146 sola
1049 1114 1219 1158 impreca-

442 1162 558 1201 tione,

388 1210 482 1255 Ergo
501 1212 581 1244 licet
598 1218 629 1244 et
646 1223 741 1244 nunc
761 1213 893 1256 pastori
918 1220 1139 1248 contumaces
1161 1227 1219 1248 oc-

438 1263 554 1295 cidere
571 1262 644 1295 sola
662 1262 926 1306 imprecatione.

338 1320 416 1354 Hoc
433 1327 678 1364 argumentum
703 1322 815 1365 valet,
842 1330 875 1356 et
898 1335 998 1367 saepe
1023 1321 1107 1357 haec
1131 1324 1221 1357 fiunt

238 1374 275 1406 in
288 1370 456 1406 Ecclesia.
501 1371 589 1404 Nam
606 1383 686 1404 vcra
704 1371 908 1415 imprecatio
926 1380 958 1406 et
978 1376 1219 1408 excommuni-

239 1423 327 1457 catio
351 1435 426 1455 non
454 1428 503 1454 est
528 1421 648 1462 irrita,
674 1429 712 1455 ut
732 1422 844 1456 scriba
864 1422 1059 1456 Stilliconis
1084 1436 1220 1458 excom-

237 1473 437 1508 municatus
462 1473 505 1505 ab
523 1470 733 1512 Ambrosio,
760 1473 877 1507 statim
902 1474 1016 1517 coepit
1042 1482 1221 1517 aegrotare

239 1531 332 1558 mota
348 1530 480 1556 mente:
509 1523 568 1555 sed
588 1535 666 1556 cum
685 1524 826 1556 tandem
848 1525 1067 1567 promitteret
1085 1537 1119 1558 se
1145 1538 1221 1559 mo-

239 1587 293 1608 res
311 1575 577 1607 emendaturum
597 1585 686 1612 esse,
714 1586 836 1607 rursus
853 1576 896 1607 ab
911 1573 1102 1609 Ambrosio
1118 1583 1150 1609 et
1167 1589 1222 1610 sa—

239 1632 342 1659 natus
360 1632 393 1659 et
409 1623 588 1658 absolutus
608 1630 670 1657 est.

654 1706 808 1742 Aliud.

392 1775 555 1821 Apostoli
569 1783 602 1810 et
613 1789 734 1810 eorum
753 1777 929 1810 auditores
948 1777 985 1810 in
998 1776 1125 1811 Iudaea
1138 1790 1222 1812 con-

443 1828 602 1861 tulerunt
618 1828 798 1861 facultates
814 1829 851 1860 in
865 1840 1062 1861 commune.

393 1876 488 1921 Ergo
513 1876 725 1912 Christianis
761 1890 834 1911 non
869 1879 950 1912 licet
983 1877 1113 1912 habere
1142 1891 1223 1923 pro-

446 1929 577 1972 prium.

344 1986 441 2030 Nego
468 1987 774 2031 consequentiam,
801 1993 834 2020 et
858 1987 947 2020 ratio
973 1994 1040 2028 est,
1067 1988 1149 2033 quia
1166 2000 1223 2021 ex—

243 2038 398 2082 emplum
415 2049 487 2070 non
505 2044 555 2070 est
572 2038 646 2076 lex,
675 2044 707 2070 et
728 2034 905 2070 habebant
928 2038 981 2069 illi
1004 2039 1223 2082 probabilem

245 2100 381 2122 causam
399 2088 452 2120 sui
469 2088 619 2121 consilii.
672 2086 820 2130 Propter
845 2088 1096 2131 professionem
1121 2101 1224 2122 excu-

244 2140 423 2173 tiebantur
439 2150 478 2171 ex
494 2139 634 2176 fundis,
663 2138 741 2171 ideo
760 2138 857 2181 prius
874 2150 931 2170 eos
948 2141 1099 2172 vendere
1116 2140 1225 2172 male-

244 2191 349 2227 bant,
382 2196 419 2222 ut
445 2189 611 2222 viaticum
638 2187 809 2222 haberent
840 2189 975 2232 expulsi
1001 2190 1124 2233 patria.
1177 2189 1224 2223 Et

245 2238 332 2273 haec
348 2240 497 2283 pecunia
518 2240 610 2284 apud
635 2239 822 2282 collegium
841 2238 1095 2283 Apostolorum
1117 2241 1225 2283 depo-

247 2291 404 2323 nebatur.
457 2289 528 2323 Nec
546 2290 806 2334 praecipiebant
820 2289 984 2333 Apostoli
1006 2289 1095 2324 hanc
1118 2291 1225 2323 colla-

247 2341 396 2380 tionem,
423 2341 482 2373 sed
498 2352 552 2374 res
580 2341 690 2374 libera
715 2347 787 2374 erat
813 2347 845 2373 ct
869 2340 943 2373 sine
968 2341 1226 2385 superstitione,

248 2403 313 2423 nec
335 2391 499 2424 omnibus
525 2391 612 2424 locis
635 2398 853 2435 opportuna,
884 2403 948 2424 nec
975 2392 1139 2425 volebant
1162 2404 1227 2425 no-

249 2452 326 2473 vam
346 2441 506 2484 politiam
522 2441 739 2475 Platonicam
765 2442 988 2476 constituere.
1043 2442 1094 2476 Ne
1120 2442 1227 2485 igitur

249 2491 465 2533 decipiamur
487 2493 672 2536 exemplis,
705 2494 899 2537 prudenter
922 2493 990 2526 dici
1018 2494 1121 2527 solet:
1154 2505 1226 2526 non

250 2541 434 2584 exemplis,
462 2544 519 2575 sed
543 2543 680 2586 legibus
704 2544 933 2577 iudicandum
961 2550 1022 2578 est.
1073 2542 1122 2578 Et
1145 2544 1226 2576 dili-

249 2598 369 2635 genter
386 2592 680 2627 considerandum
700 2601 769 2635 est,
793 2605 882 2639 quae
909 2595 1067 2637 exempla
1091 2595 1226 2638 legibus

250 2648 456 2685 congruant.
510 2642 628 2685 Quare
656 2651 689 2678 et
712 2642 966 2678 Demosthenes
999 2645 1036 2678 in
1067 2647 1226 2679 oratione

249 2699 369 2727 contra
394 2691 645 2727 Aristocratem
672 2696 714 2727 de
742 2696 877 2729 vitiosis
902 2696 1070 2741 exemplis
1093 2696 1225 2741 inquit:

1268 216 1461 262 Impudens
1494 218 1605 252 oratio
1643 226 1712 260 est,
1746 219 1880 261 dicere,
1923 222 1974 255 sic
2006 222 2134 255 factum
2168 233 2251 263 esse,

1267 266 1347 301 Non
1374 269 1489 313 enim,
1525 269 1554 303 si
1579 270 1664 315 quid
1690 277 1811 303 contra
1836 270 1929 314 leges
1953 272 2082 306 factum
2108 279 2177 314 est,
2213 272 2249 305 id

1268 318 1400 352 imitari
1424 320 1514 356 licet.
1567 320 1637 355 Sed
1660 319 1746 354 haec
1770 321 1863 355 infra
1888 322 1932 355 de
1954 322 2040 356 locis
2063 324 2250 367 repetenda

1269 377 1384 406 erunt.

1632 464 1699 503 De
1729 463 1886 505 Sorite.

1574 555 1670 596 Quid
1698 560 1754 590 est
1779 559 1922 591 Sorites
1930 555 1947 589 ‚2

1371 620 1503 654 Sorites
1521 628 1570 654 est
1589 624 1865 665 argumentatio,
1894 624 1931 655 in
1958 635 2026 668 qua
2053 624 2252 667 praedicato

1271 670 1405 714 primae
1430 671 1683 715 propositionis
1707 674 1802 706 aliud
1829 675 2067 718 praedicatum
2089 675 2255 708 attribui-

1272 727 1330 754 tur
1354 722 1550 754 necessario
1572 720 1785 766 cohaerens,
1819 726 2011 770 eodemque
2037 726 2140 758 modo
2164 726 2254 760 ulte-

1272 772 1346 804 rius
1363 772 1505 815 procedi
1522 784 1583 816 per
1604 775 1732 816 gradus
1759 781 1888 817 potest,
1914 777 2026 808 donec
2048 776 2084 808 in
2109 776 2255 809 conclu-

1273 823 1371 855 sione
1396 823 1561 856 ultimum
1585 825 1824 866 praedicatum
1850 826 1992 859 additur
2019 827 2152 870 primae
2173 838 2256 870 pro-

1273 874 1460 917 positionis
1483 874 1650 907 subiccto.
1703 873 1837 919 Estque
1861 876 1988 909 usitata
2008 877 2139 915 forma,
2175 888 2254 910 cum

1273 925 1316 956 ab
1333 924 1402 956 ima
1420 925 1533 968 specie
1549 925 1592 957 ad
1610 936 1786 958 summum
1805 937 1915 968 genus
1926 938 1987 969 per
2001 927 2115 960 media
2131 939 2256 970 genera

1273 975 1511 1014 ascendimus,
1541 975 1595 1007 vel
1621 988 1700 1008 cum
1725 988 1742 1009 a
1767 977 1880 1009 causis
1905 978 1946 1009 ad
1971 977 2148 1021 proximos
2172 978 2256 1010 effe-

1273 1032 1348 1058 ctus
1374 1026 1581 1066 transimus,
1622 1026 1683 1071 qui
1709 1039 1829 1060 rursus
1850 1034 1931 1060 sunt
1956 1039 2078 1061 causae
2104 1028 2255 1061 aliorum

1275 1076 1481 1116 effectuum,
1508 1083 1562 1109 ut:

1427 1133 1545 1167 Homo
1564 1141 1614 1167 est
1632 1134 1782 1175 animal,

1427 1183 1571 1217 Animal
1592 1192 1641 1218 est
1658 1185 1778 1218 vivum
1796 1198 1933 1230 corpuS‚

1428 1234 1557 1267 Vivum
1571 1247 1697 1280 corpus
1713 1243 1763 1270 est
1779 1237 1985 1279 substantia,

1427 1283 1522 1328 Ergo
1540 1283 1646 1319 homo
1666 1293 1715 1320 est
1729 1287 1936 1323 substantia.

1376 1351 1487 1386 Aliud
1505 1355 1703 1398 exemplum
1719 1355 1848 1396 gradus
1864 1366 2062 1387 causarum:

1428 1411 1547 1445 Nimia
1574 1412 1794 1455 iniurgitatio
1824 1413 1972 1456 impedit
1998 1414 2191 1448 coctionem
2220 1416 2258 1449 in

1482 1463 1698 1503 ventriculo,

1431 1511 1526 1545 Mala
1547 1514 1705 1546 coctione
1722 1513 1810 1546 facta
1835 1514 1872 1545 in
1896 1515 2092 1548 ventriculo
2119 1516 2157 1550 fit
2179 1528 2259 1550 san-

1481 1564 1557 1605 guis
1576 1563 1737 1606 impurus
1755 1563 1792 1596 in
1808 1570 1925 1607 epate,

1429 1611 1518 1645 Cum
1541 1614 1682 1656 sanguis
1708 1614 1744 1646 in
1770 1621 1867 1658 epate
1892 1626 1964 1647 non
1992 1623 2172 1659 percoctus
2200 1626 2260 1659 est,

1478 1671 1691 1707 sparguntur
1711 1665 1747 1697 in
1765 1671 1877 1698 totum
1895 1677 2022 1709 corpus
2041 1667 2142 1700 multi
2159 1670 2260 1702 crudi

1480 1712 1657 1747 humores.

1433 1763 1541 1798 Crudi
1567 1763 1732 1798 humores
1753 1766 1861 1809 sparsi
1887 1766 1923 1799 in
1949 1778 2095 1810 coerS,
2127 1769 2260 1803 faciunt

1481 1814 1736 1860 κακοχῑῃιιάν,
1764 1825 1796 1850 et
1812 1817 1940 1849 deinde
1954 1815 2160 1862 hydropem,

1429 1865 1525 1909 Ergo
1552 1866 1738 1900 immodica
1765 1868 1992 1910 ingurgitatio
2013 1877 2175 1903 causaest
2194 1869 2259 1915 hy-

1481 1918 1614 1961 dropis.

1379 1983 1456 2018 Etsi
1481 1991 1596 2017 autem
1616 1984 1818 2018 Aristotelis
1837 1998 1908 2019 non
1927 1986 2088 2019 nominat
2107 1985 2260 2029 Soriten,

1278 2042 1395 2069 tamen
1430 2035 1579 2067 sormam
1615 2035 1737 2068 talium
1772 2042 2058 2079 argumentorum
2096 2042 2128 2069 et
2155 2049 2257 2071 usum

1279 2085 1433 2120 ostendit
1451 2085 1488 2117 in
1506 2083 1910 2129 AntepraedicamentiS,
1936 2086 1999 2119 ubi
2019 2087 2141 2120 recitat
2157 2099 2258 2131 regu-

1279 2138 1366 2177 lam,
1392 2148 1479 2181 quae
1503 2136 1659 2170 continet
1675 2135 1834 2170 Soriten:
1865 2137 2017 2180 Quando
2042 2137 2191 2171 alterum
2216 2141 2260 2172 de

1279 2188 1401 2228 altero,
1427 2194 1465 2221 ut
1480 2187 1520 2219 de
1537 2187 1649 2230 specie
1665 2188 1896 2230 praedicatur,
1920 2187 2085 2232 quicquid
2103 2189 2146 2221 de
2159 2201 2260 2233 prae-

1279 2239 1395 2272 dicato
1413 2238 1555 2276 dicitur,
1583 2238 1619 2270 id
1637 2238 1680 2270 de
1696 2249 1734 2270 ea
1751 2239 1864 2281 specie
1880 2251 2020 2283 quoquc
2037 2239 2105 2271 dici
2121 2251 2259 2274 necesse

1280 2295 1339 2324 est.
1375 2289 1415 2322 ld
1433 2295 1499 2330 est,
1527 2288 1605 2321 talis
1630 2295 1681 2321 est
1701 2290 1789 2322 ordo
1812 2296 1844 2322 et
1868 2289 2038 2322 connexio
2063 2290 2257 2334 specierum

1280 2347 1314 2373 et
1340 2351 1526 2383 generum,
1550 2346 1600 2379 et,
1636 2339 1726 2372 sicut
1750 2340 1949 2383 proximum
1974 2352 2082 2383 genus
2106 2347 2156 2373 est
2179 2352 2258 2384 pars

1281 2391 1448 2424 essentiae
1471 2389 1615 2434 speciei,
1642 2389 1688 2422 ita
1714 2391 1893 2434 superiora
1910 2402 2035 2433 genera
2051 2396 2131 2423 sunt
2148 2390 2185 2423 in
2204 2403 2257 2424 es-

1280 2442 1388 2475 sentia
1407 2441 1545 2473 infimae
1563 2440 1659 2473 illius
1675 2441 1813 2484 speciei.
1850 2441 1973 2474 Voluit
1992 2441 2099 2484 igitur
2117 2439 2258 2475 Aristo—

1280 2493 1363 2526 teles
1380 2489 1444 2524 hac
1458 2492 1570 2523 forma
1594 2493 1800 2533 ostendere,
1827 2492 2054 2525 necessariam
2078 2503 2150 2524 esse
2173 2504 2258 2526 con-

1280 2543 1466 2576 nexionem
1485 2553 1652 2584 generum
1673 2550 1705 2576 et
1722 2543 1915 2586 specierum
1933 2541 2093 2575 continui
2110 2543 2257 2579 ordinis.

1279 2592 1415 2627 Nomen
1427 2590 1598 2638 Σωρίτης
1613 2599 1662 2626 est
1679 2605 1697 2625 a
1709 2595 1836 2638 σῶρος,
1863 2593 1956 2637 quod
1975 2592 2146 2635 significat
2161 2605 2258 2626 acer-

1279 2656 1374 2679 vum.
1427 2642 1479 2677 Ac
1506 2643 1643 2677 Stoicos
1670 2640 1734 2677 hac
1759 2644 1870 2676 forma
1899 2643 2050 2691 multum
2078 2655 2160 2677 usos
2186 2655 2258 2678 esse

1279 2695 1435 2740 conspici
1452 2700 1565 2739 potest
1579 2694 1616 2727 in
1633 2693 1817 2738 exemplis,
1843 2705 1930 2739 quae
1950 2700 2069 2728 extant
2090 2695 2183 2739 apud
2199 2694 2257 2730 Ci-
