2379 2948
111 96 184 132 837
508 94 552 131 V.

550 179 650 216 vlu.

111 290 343 324 riflcationein
370 292 520 334 piorum.

569 365 633 398 lx.

217 425 402 466 Edictum,
431 425 524 469 quod
552 425 652 457 docet
680 422 855 466 pertinere
878 423 920 454 ad
944 422 1099 455 officium

113 477 334 521 principum,
361 474 550 521 prohibere
568 481 601 508 et
621 475 747 518 punire
764 471 1012 517 blasphemias.

484 580 548 618 De
576 586 606 617 Ι.
635 584 726 618 loco.

217 655 304 690 Cum
320 653 528 695 magnitudo
548 665 665 686 rerum
685 665 757 685 non
783 652 891 696 possit
909 651 1026 684 verbis
1044 664 1102 684 ex-
1126 652 1127 683 J

116 707 257 753 plicari,
284 717 359 738 surn
380 704 541 744 brevior,
570 711 602 737 et
621 712 757 738 tantum
784 705 975 736 admonere
994 703 1102 736 lecto-

115 771 169 793 res
186 757 299 801 cupio.
354 754 513 788 Primum
532 755 639 798 igitur
655 753 709 787 hic
726 755 862 788 discant
883 755 948 798 pii,
978 754 1102 796 ingens

115 817 149 843 et
169 807 340 842 horribile
364 814 542 850 peccatum
573 818 643 839 esse
670 813 790 839 contra
820 805 972 848 primum
1003 817 1102 848 prae-

115 866 253 904 ceptum
265 885 274 898 ‚
308 858 490 891 instituere
507 865 540 891 et
557 858 746 891 defendere
764 857 878 890 cultus
902 857 977 889 sine
994 857 1101 889 verbo
1126 858 1128 883 ἰ

113 909 193 945 Dei.

216 961 266 994 Ac
299 961 447 993 sciamus
483 971 555 992 non
591 972 703 993 unum
730 958 1014 1001 Nabogdonosor
1048 955 1103 990 hic

114 1011 320 1056 significari,
354 1012 412 1045 sed
446 1010 647 1044 idolatriam
683 1010 791 1044 totius
815 1009 953 1044 mundi.

115 1114 285 1158 opinione
317 1113 519 1156 religioni5‚
552 1113 705 1146 instituit
734 1112 887 1151 cultum,
919 1111 967 1144 ita
1001 1110 1105 1143 multi

116 1166 274 1198 fecerunt
290 1165 369 1197 aliis
386 1165 617 1208 temporibus.
661 1163 809 1207 imperia
831 1163 1028 1206 plerunque
1046 1162 1106 1193 de-

115 1217 267 1249 fendunt
287 1215 504 1248 idolatriam:
541 1215 578 1248 in
598 1213 754 1248 Ecclesia
780 1226 863 1246 vero
889 1213 988 1256 impii
1017 1224 1104 1255 pon-

114 1268 222 1300 tifices
240 1278 344 1310 regna
363 1266 429 1299 sibi
446 1267 676 1304 constituunt,
693 1272 724 1298 et
738 1264 907 1297 muniunt
926 1270 1106 1307 praetextu

115 1330 291 1351 novorum
315 1318 494 1356 cultuum,
528 1317 617 1349 sicut
640 1316 824 1349 leroboam
850 1315 943 1349 serit.
996 1313 1041 1347 lit
1066 1325 1106 1345 eo

114 1369 282 1414 spectavit
308 1367 495 1401 consilium
523 1365 823 1409 Nabogdonosor,
855 1372 894 1398 ut
923 1377 985 1398 suo
1010 1364 1106 1397 cultu
1129 1375 1132 1396 2

114 1420 331 1455 consociaret
353 1425 473 1461 gentes
492 1424 555 1453 etc.

218 1478 302 1511 Ideo
329 1477 555 1520 cogitandum
582 1482 650 1517 est,
680 1475 802 1518 ingens
829 1480 1010 1518 peccatum
1036 1485 1108 1506 esse
1130 1484 1132 1488 ’

116 1529 321 1576 pontificum
339 1535 370 1562 et
393 1528 604 1571 principum,
631 1526 689 1572 qui
709 1526 903 1559 defendunt
920 1526 1034 1558 cultus
1052 1525 1108 1556 in-

119 1582 261 1616 stitutos
285 1580 360 1613 sine
384 1580 491 1611 verbo
518 1579 601 1617 Dei,
629 1585 661 1611 et
688 1584 883 1621 pugnantes
901 1589 978 1609 cum
1000 1577 1106 1608 verbo

118 1632 183 1665 Dei
199 1660 206 1672 ,
243 1630 409 1669 Missam,
441 1627 697 1668 Monacbatus‚
724 1635 757 1661 et
782 1628 866 1660 alias
888 1627 1107 1661 traditiones.

119 1682 301 1719 UtEsaiae
313 1681 370 1715 29.
389 1681 533 1714 dicitur:
564 1679 710 1713 Miscuit
728 1680 826 1711 vobis
841 1677 1017 1711 Dominus
1034 1678 1107 1721 spi·

119 1736 228 1768 ritum
253 1733 389 1778 soporis
412 1739 496 1773 etc.,
532 1731 614 1777 quia
637 1730 821 1764 coluerunt
847 1742 902 1762 me
933 1729 1108 1762 mandatis
1131 1740 1133 1747 ’

120 1784 306 1819 hominum
326 1791 389 1819 etc.

223 1843 271 1879 Et
296 1843 382 1877 lere.
405 1845 456 1877 ΞΛ

123 1896 389 1940 dereliquerunt
408 1895 559 1934 sontem,
587 1900 618 1926 et
633 1892 698 1925 sibi
718 1893 874 1924 fecerunt
895 1892 1072 1924 cisternas.

226 1954 320 1988 Haec
339 1954 522 1997 cogitanda
540 1959 642 1992 sunt,
670 1963 713 1984 ne
738 1962 803 1983 nos
828 1951 1028 1994 polluamus
1053 1962 1108 1983 so-
1131 1957 1134 1967 ⁴

126 2008 247 2041 cietate
264 2005 529 2039 defendentium
547 2003 674 2046 impios
692 2003 821 2042 cultus,
848 2014 892 2034 ne
918 2003 966 2035 eis
991 2013 1106 2035 assen—

125 2059 273 2098 tiamur,
301 2070 344 2090 ne
362 2069 419 2090 eos
436 2056 643 2090 adiuvemus
662 2061 727 2087 etc.

591 2152 640 2182 II.

230 2216 458 2259 Colligendae
473 2222 553 2248 sunt
576 2214 787 2254 sententiae,
814 2224 903 2258 quae
921 2210 1111 2246 hortantur

126 2281 210 2309 nos,
237 2275 276 2301 ut
293 2264 588 2310 reprehendamus
605 2266 732 2309 impios
749 2265 876 2304 cultus,
902 2270 940 2296 ut
957 2264 1108 2308 primurn

127 2325 352 2365 praeceptum
369 2317 435 2350 ait:
466 2316 545 2349 Non
563 2315 708 2349 habebis
724 2315 817 2349 Deos
835 2315 979 2348 alienos.

231 2372 335 2403 ltein:
366 2367 439 2410 Qui
457 2379 529 2400 non
544 2367 768 2401 confitebitur
789 2379 842 2399 me
860 2378 975 2399 coram
994 2364 1110 2399 homi-

127 2423 234 2457 nibus
247 2449 254 2463 ‚
285 2419 479 2453 confitebor
497 2430 574 2450 eum
593 2430 708 2451 coram
727 2417 830 2452 Patre
846 2417 997 2451 coelesti.

223 2473 323 2506 item:
353 2470 460 2513 Quod
478 2469 744 2502 anteferendum
762 2470 806 2502 sit
822 2470 1027 2501 mandatum
1046 2467 1110 2499 Dei

130 2525 266 2568 legibus
286 2521 463 2559 humanis,
491 2526 523 2552 et
540 2519 712 2562 potestati.
741 2518 839 2552 quta
856 2520 962 2553 illud:
991 2517 1112 2563 Opor-

129 2575 270 2621 tegDeo
287 2572 397 2615 magis
415 2571 559 2603 obedire
577 2582 679 2614 quam
699 2567 917 2606 hominibus.

237 2625 321 2658 [tem
347 2625 390 2656 de
417 2622 607 2655 scandalis:
643 2620 758 2654 Sinite
785 2620 881 2659 illos,
910 2621 999 2654 caeci
1021 2627 1114 2661 sunt,

130 2684 162 2711 et
178 2678 282 2710 duces
298 2685 491 2708 caecorum.

606 93 656 128 IN
682 90 943 129 DANIELEM
970 89 1287 127 PROPHETAM
1313 90 1732 130 COMMENTARIUS.

1006 1008 1103 1042 Sicut
1128 1006 1129 1013 ¹

114 1063 396 1106 Nabogdonosor
414 1060 580 1095 horribili
599 1062 757 1099 audacia,
786 1067 818 1094 et
835 1068 950 1094 tamen
967 1071 1104 1092 summa
1127 1055 1130 1090 ἲ

492 1841 572 1875 Duo
604 1841 694 1873 mala
726 1840 808 1873 fecit
840 1840 1013 1884 populus,
1048 1838 1134 1871 Me*

2059 93 2132 127 838

1119 177 1126 224 l
1594 181 1690 214 1111.-

212 238 408 273 Conversio
430 239 538 283 regis,
573 251 722 285 sequens
744 237 949 272 concionem
974 243 1006 270 et
1024 236 1098 279 glo·
1120 225 1125 274 l,

1249 242 1326 277 Rex
1350 256 1422 277 non
1449 246 1562 279 solum
1586 246 1762 290 praecepit
1795 243 1967 279 honorem
2001 252 2132 279 statuae

1122 290 1124 336 ζ
1148 292 1281 335 haberi,
1308 297 1368 328 sed
1387 297 1524 329 addidit
1543 298 1761 330 manifestam
1778 294 2045 341 blasphemiam,
2065 308 2133 340 qua

1123 357 1246 394 =suam
1279 347 1469 388 potentiam
1505 348 1653 380 antefert
1686 349 1839 381 divinae.
1891 346 1937 381 Et
1969 347 2135 380 omnibus

1122 397 1368 439 ¹÷temp01·ibus
1403 398 1545 442 tyranni
1581 398 1743 431 derident
1779 399 1872 442 pios,
1915 404 2135 442 expectantes

1123 471 1126 491 ,
1151 448 1321 480 auxilium
1346 448 1528 485 divinum,
1563 449 1644 492 quia
1676 457 1735 482 aut
1757 456 1836 482 sunt
1855 448 2041 493 Epicurei,
2075 455 2136 482 aut

1123 494 1127 568 ᾖ
1151 499 1215 531 sibi
1240 500 1449 543 persuadent
1473 510 1508 531 se
1531 511 1603 532 esse
1627 499 1813 542 praecipua
1837 501 1993 533 membra
2012 499 2136 546 populi

1124 572 1127 595 1
1152 549 1235 590 Dei,
1263 550 1352 583 sicut
1371 547 1551 582 Pharisaei
1569 551 1611 583 de
1627 561 1699 582 sese
1714 550 1925 584 sentiebant.

1125 598 1128 613 Ι

1257 609 1355 642 Deus
1383 615 1496 641 autem
1524 610 1721 653 plerunque
1747 609 1946 651 insignibus
1971 606 2137 654 exemplis

1125 693 1128 703 δ
1153 667 1183 693 et
1201 660 1377 703 corporali
1398 660 1608 692 liberatione
1626 660 1781 693 xindicat
1808 660 1956 702 gloriam
1982 661 2136 693 nominis

1127 712 1225 753 *sui,
1269 718 1308 745 ut
1337 710 1370 747 4.
1401 710 1489 754 lieg,
1519 711 1575 745 19,
1618 711 1660 743 de
1690 708 1923 744 Senacberib:
1972 710 2138 745 Insanisti

1153 764 1318 795 adversus
1359 775 1429 802 me,
1469 762 1632 806 superbia
1675 769 1733 794 tua
1769 762 1924 794 ascendit
1960 762 2001 794 ad
2039 774 2139 794 aures

1154 824 1245 845 meas
1274 820 1337 845 etc.

1252 863 1299 897 ,Et
1328 871 1404 906 post
1426 864 1721 897 subsannationes
1739 863 1774 895 in
1800 861 1945 896 historia
1968 864 2140 907 passionis

1127 912 1129 944 ἶ
1152 912 1282 947 Christi
1304 916 1417 948 statim
1437 921 1633 960 sequuntur
1651 922 1893 954 terraemotus,
1920 912 2080 958 Eclipsis,
2108 922 2140 948 et

1156 967 1225 1009 ipsa
1245 978 1360 999 rerum
1384 973 1509 999 natura
1534 973 1697 1005 testatur,
1726 977 1761 997 se
1779 963 1972 998 abhorrere
1996 964 2042 999 ab
2068 966 2141 998 istis

1156 1015 1399 1060 blasphemiis,
1429 1019 1476 1051 ita
1501 1018 1587 1050 solet
1604 1017 1703 1062 sequi
1723 1017 1875 1059 gloriosa
1895 1017 2063 1051 vindicta.

1128 1091 1131 1100 =
1257 1076 1369 1109 Porro
1395 1076 1443 1120 pii
1467 1076 1553 1109 tales
1575 1073 1811 1119 blasphemias
1827 1075 2050 1109 dissimulare
2068 1088 2142 1108 non

1128 1101 1131 1161 l
1155 1128 1296 1167 debent,
1323 1128 1382 1160 sed
1403 1134 1519 1170 aperte
1536 1128 1700 1166 refutare,
1728 1126 1817 1158 sicut
1835 1123 1891 1158 hic
1909 1126 2050 1160 dicunt:
2078 1124 2142 1161 Est

1128 1167 1132 1222 ἕ
1158 1179 1248 1212 Deus
1274 1185 1394 1211 noster
1419 1190 1521 1222 quem
1549 1178 1715 1216 colimus,
1749 1177 1808 1221 qui
1829 1184 1941 1221 potest
1966 1189 2029 1210 nos
2053 1177 2143 1210 libe·-

1129 1231 1131 1266 l
1157 1242 1243 1263 rare.
1299 1229 1436 1262 Diserte
1463 1235 1579 1261 autem
1608 1228 1749 1273 dicunt,
1778 1240 1882 1272 quem
1909 1228 2075 1266 colimus,
2103 1235 2143 1262 ut

1130 1298 1131 1304 κ
1156 1281 1351 1323 significent
1376 1291 1411 1311 se
1431 1280 1632 1322 praedicare
1658 1279 1758 1311 illum
1785 1279 1898 1311 solum
1926 1290 1998 1311 esse
2012 1278 2141 1318 Deum,

1129 1328 1132 1368 ξ
1155 1332 1215 1375 qui
1244 1329 1310 1363 boc
1339 1331 1484 1362 verbum
1509 1337 1539 1362 et
1567 1328 1630 1362 bos
1662 1329 1776 1361 cultus
1805 1329 1907 1363 certis
1933 1330 2144 1363 testimoniis

1157 1382 1318 1421 tradidit,
1346 1392 1433 1425 quos
1451 1381 1602 1424 populus
1623 1379 1730 1415 lsrael
1748 1377 1911 1414 habebat.

1258 1438 1378 1481 Quare
1411 1439 1586 1471 discamus
1612 1437 1726 1471 Deum
1761 1449 1833 1470 non
1859 1437 2001 1480 agnosci
2031 1449 2144 1482 neque

1130 1504 1132 1518 ἢ
1156 1491 1220 1523 coli
1241 1490 1306 1523 nisi
1327 1490 1362 1522 iu
1382 1490 1443 1522 illo
1464 1490 1589 1529 verbo,
1619 1489 1712 1534 quod
1736 1488 1807 1532 ipse
1825 1489 1929 1521 nobis
1952 1489 2145 1533 proposuit,

1131 1564 1132 1574 ι
1156 1540 1201 1575 Et
1227 1541 1465 1584 repudiandos
1490 1552 1561 1573 esse
1593 1540 1706 1574 cultus
1730 1546 1761 1572 et
1791 1539 1978 1583 opiniones
2002 1541 2044 1572 de
2068 1539 2143 1573 Deo

1130 1605 1133 1631 J
1156 1600 1249 1626 extra
1266 1590 1332 1624 hoc
1352 1593 1511 1632 verbum,
1540 1592 1626 1624 sicut
1643 1592 1744 1624 docet
1761 1588 1935 1632 Christus,
1958 1590 2142 1635 inquiens:

1158 1644 1229 1686 Qui
1249 1655 1303 1676 me
1322 1643 1436 1683 videt,
1465 1643 1557 1675 videt
1582 1641 1732 1675 Patrem.

1630 1737 1670 1772 V.

1131 1826 1134 1843 ,
1260 1803 1327 1837 Hic
1350 1805 1391 1837 de
1417 1803 1712 1848 promissionibus
1737 1804 1976 1848 quaerendum
2011 1809 2078 1843 est,
2113 1810 2145 1836 et

1159 1861 1282 1888 natura
1299 1855 1379 1887 fidei
1397 1855 1664 1893 consideranda,
1685 1855 1864 1898 quomodo
1881 1860 2035 1898 expectet
2054 1854 2144 1887 libe-

1131 1924 1134 1944 ι
1160 1905 1356 1940 rationem?
1398 1905 1486 1938 Nam
1507 1912 1619 1938 textus
1637 1913 1752 1948 aperte
1772 1905 1946 1947 praedicat
1961 1906 2063 1937 fidem
2080 1902 2145 1937 ho-

1161 1969 1236 1990 rum
1274 1957 1529 1989 confitentium.
1601 1954 1831 1999 Respondeo:
1886 1954 2145 1988 Promissiones

1132 2012 1134 2035 Ι
1159 2020 1280 2041 omnes
1295 2008 1480 2052 requirunt
1498 2014 1696 2051 utrunque,
1720 2007 1868 2047 scilicet,
1896 2013 1933 2040 ut
1952 2007 2146 2046 credamus,

1160 2059 1273 2092 Deum
1299 2066 1332 2092 et
1360 2070 1457 2102 posse
1485 2065 1516 2091 et
1541 2059 1629 2091 velle
1656 2058 1757 2090 nobis
1778 2058 1956 2100 opitulari.
2008 2056 2075 2090 Sed
2102 2058 2145 2089 de

1161 2111 1340 2143 voluntate
1356 2110 1545 2143 discrimen
1563 2117 1629 2147 est,
1657 2108 1849 2141 Promissio
1872 2109 2002 2151 gratiae
2025 2114 2145 2151 postu-

1161 2162 1218 2201 lat,
1246 2168 1284 2194 ut
1302 2161 1512 2194 nominatim
1530 2161 1711 2193 credamus
1728 2159 1794 2192 hoc
1812 2159 1926 2203 ipsum
1945 2158 2063 2196 tribui,
2091 2158 2145 2190 vi-

1161 2212 1285 2246 delicet
1308 2212 1550 2245 remissionem
1578 2218 1798 2255 peccatorum
1824 2217 1855 2243 et
1879 2209 2145 2254 imputationem

1161 2263 1335 2303 iusticiae‚
1365 2270 1397 2296 et
1413 2263 1519 2296 vitam
1540 2269 1729 2296 aeternam,
1782 2260 1871 2294 Nam
1898 2257 1954 2293 hic
1978 2260 2145 2302 expressit

1161 2314 1255 2348 Deus
1282 2326 1379 2347 susm
1404 2314 1644 2351 voluntatem,
1679 2318 1710 2344 et
1742 2309 1826 2344 haec
1852 2313 2000 2355 petenda
2028 2318 2060 2343 et
2086 2322 2144 2343 ex-

1133 2381 1136 2404 1
1163 2366 1329 2410 pectauda
1355 2372 1436 2398 sunt
1462 2363 1672 2396 nominatim
1699 2363 1775 2394 sine
1798 2363 1913 2405 aliqua
1930 2361 2144 2402 conditione,

1161 2417 1248 2450 sicut
1269 2423 1383 2450 textus
1400 2415 1536 2462 inquit:
1574 2411 1702 2445 Omnis
1726 2413 1786 2457 qui
1811 2413 1919 2445 credit
1944 2412 1980 2445 in
1999 2411 2144 2452 Filium,

1162 2466 1266 2501 habet
1284 2467 1390 2500 vitam
1407 2473 1594 2499 aeternam.

1264 2516 1310 2551 Et
1326 2515 1410 2550 haec
1433 2517 1516 2548 fides
1537 2525 1672 2558 semper
1691 2514 1793 2546 debet
1810 2514 2011 2557 praelucere
2027 2521 2060 2548 et
2081 2525 2144 2557 gu—

1136 2601 1138 2613 Ι
1163 2570 1309 2602 beruare
1327 2567 1599 2610 expectationem
1620 2565 1856 2608 corporalium
1881 2565 2144 2598 beneficiorum.

1136 2621 1138 2633 ³
1165 2620 1376 2662 Quanquam
1402 2623 1517 2650 autem
1546 2615 1796 2660 promissiones
1823 2616 2059 2659 corporalium
2084 2617 2145 2648 be-

1136 2678 1141 2706 ι
1166 2669 1370 2703 neficiorum
1397 2667 1501 2702 etiam
1530 2666 1737 2714 requirunt,
1769 2673 1808 2700 ut
1835 2668 2036 2705 credamus,
2072 2678 2145 2699 non

1592 2714 1673 2750 53*
