2379 2948
71 989 74 992 ·
120 966 340 1010 dignitatem.

127 118 197 154 901
476 114 520 152 V.

225 200 418 247 Postquam
437 206 554 235 autem
580 201 688 235 totius
705 200 830 246 capitis
853 199 1115 233 enarrationem

124 253 361 294 absolvimus,
396 251 465 286 iam
489 252 666 286 studiosus
700 252 809 286 lector
838 257 972 295 repetat
996 250 1115 284 animo

124 304 333 350 praecipuos
357 303 473 344 locos,
500 309 662 348 utquam
684 299 770 336 haec
796 301 900 335 lectio
924 301 1114 335 utilitatem

126 355 305 396 attulerit,
331 354 540 389 consideret.
593 352 700 386 Initio
723 352 876 386 traditur
893 353 1054 386 doctrina
1072 354 1115 386 de

124 406 362 451 poenitentia,
389 406 432 438 de
446 404 515 438 fide
530 416 569 436 ac
587 415 667 436 vera
685 403 919 438 invocatione.
973 402 1042 437 Hic
1057 403 1113 437 lo-

125 469 185 491 cus
212 457 370 491 continet
393 456 531 488 illustre
552 454 793 489 testimonium
817 465 1008 488 consensus
1032 466 1114 499 pro-

124 506 256 553 phetici
283 514 315 541 et
341 505 534 551 apostolici.
589 504 677 538 Nam
696 516 838 550 prorsus
854 505 1018 549 congruit
1033 517 1114 539 sen·

124 558 234 593 tentia
257 557 414 592 Danielis
443 568 523 590 cum
548 554 679 598 Paulo,
713 568 792 590 curn
823 556 941 602 inquit
967 555 1113 590 Daniel:

123 607 324 643 Precamur
349 619 420 640 non
445 610 592 654 propter
614 606 800 640 iusticiam
832 611 1018 649 nostram,
1050 605 1117 641 sed

121 664 268 708 propter
291 656 543 692 miserationes
574 661 658 692 tuas
682 656 834 694 multas.
896 657 943 693 Et
968 659 1113 704 quidem

125 712 239 746 addit:
265 707 418 755 Propter
430 707 657 751 Dominum,
685 710 848 743 videlicet
869 717 1014 755 propter
1031 722 1113 755 pro-

83 779 88 787 ι
124 763 269 797 missum
294 761 532 796 liberatorem.

226 812 322 846 Haec
346 823 489 856 prorsus
513 817 715 854 congruunt
738 824 816 845 cum
846 811 1007 845 Paulinis
1028 824 1113 846 con-

121 863 302 904 cionibus,
336 874 425 908 quae
449 863 587 896 dicunt:
625 861 698 896 Nos
726 863 794 896 fide
824 863 934 907 recipi
970 870 1114 908 propter

121 915 317 949 Dominum
358 914 608 954 mediatorem,
658 926 732 946 non
773 920 918 958 propter
956 921 1112 948 nostram

395 964 467 999 Nec
485 965 580 998 aliud
600 965 701 998 docet
719 964 866 1006 Paulus,
894 978 999 1010 quam
1019 966 1111 1010 quod

120 1023 295 1051 monstrat
309 1017 508 1061 exemplum
528 1015 704 1056 Danielis,
732 1016 818 1049 utile
837 1023 888 1049 est
903 1023 1020 1050 autem
1046 1016 1114 1060 piis

121 1068 241 1102 videre
270 1079 480 1102 consensum
520 1064 805 1111 propheticarum
842 1068 1054 1101 concionum
1082 1073 1114 1100 et

122 1119 237 1160 Pauli,
265 1126 304 1153 ut
320 1119 519 1161 intelligant
535 1130 643 1150 uuam
661 1125 864 1162 perpetuam
883 1130 954 1152 esse
972 1125 1113 1152 senten-

123 1171 208 1204 tiam
228 1168 418 1204 catholicae
435 1169 611 1202 Ecclesiae
628 1167 692 1202 Dei
705 1194 713 1207 ,
742 1181 847 1214 quam
868 1170 1013 1212 professi
1033 1176 1115 1203 sunt

123 1221 231 1266 primi
248 1220 388 1262 Patres,
418 1218 633 1264 Prophetae,
659 1217 821 1253 Christus
840 1227 871 1253 et
890 1219 1064 1264 Apostoli.

227 1270 362 1317 Estque
385 1271 553 1304 memoria
584 1271 712 1313 dignus
735 1272 851 1310 locus,
879 1273 975 1316 quod
999 1271 1116 1304 nomi-

126 1324 238 1358 natim
270 1321 328 1356 hic
358 1322 520 1362 invocat,
549 1318 703 1367 Propter
726 1319 952 1363 Dominum,
988 1323 1023 1355 id
1056 1328 1117 1363 est,

125 1381 271 1420 propter
297 1373 508 1418 promissum
543 1373 780 1407 liberatorem.
843 1371 936 1406 Haec
961 1381 1011 1407 est
1035 1385 1116 1406 vera

124 1425 303 1460 Ecclesiae
328 1437 415 1463 vox,
443 1424 646 1457 discernens
670 1423 932 1457 invocationem
961 1431 1116 1457 nostram

125 1478 169 1511 ab
202 1474 342 1510 ethnica
374 1481 407 1509 et
437 1473 693 1508 Mahometica:
732 1486 814 1507 nam
840 1473 993 1514 Gentes,
1029 1486 1118 1520 quae

126 1540 199 1561 non
237 1534 372 1561 norunt
410 1526 543 1559 Filium
581 1525 666 1564 Dei,
715 1537 788 1558 non
825 1533 917 1560 recte
951 1527 1119 1559 invocant

125 1579 261 1617 Deum,
289 1590 353 1611 nec
370 1584 529 1611 statuunt
545 1588 623 1610 suas
644 1588 762 1620 preces
778 1577 905 1621 recipi,
934 1578 1015 1623 quia
1034 1578 1119 1610 nul-

126 1631 196 1663 lam
216 1636 338 1664 tenent
354 1628 635 1673 promissionem.
672 1627 745 1661 Nos
762 1640 845 1661 vero
862 1629 989 1662 scimus
1007 1635 1119 1662 aeter-

127 1693 213 1714 num
244 1687 380 1726 patrem
421 1691 485 1723 per
515 1678 647 1712 Filium
681 1679 910 1713 mediatorem
945 1680 1119 1724 placatum

127 1744 219 1772 esse,
258 1738 291 1765 et
320 1730 591 1776 promissionem
623 1730 807 1771 traditam,
842 1731 936 1775 quod
974 1737 1121 1775 propter

128 1781 225 1816 hunc
243 1794 361 1827 preces
378 1789 515 1815 nostras
535 1788 738 1824 recepturus
755 1781 810 1815 sit.
857 1780 940 1815 Ideo
957 1780 1121 1815 Christus

128 1834 260 1879 inquit:
277 1833 457 1879 Quicquid
476 1832 646 1877 petieritis
662 1839 799 1876 patrem
816 1833 853 1865 in
869 1833 1014 1865 nomine
1031 1844 1120 1871 meo,

128 1885 226 1919 dabit
244 1884 355 1918 vobis.

231 1936 421 1971 Discamus
444 1935 551 1978 igitur
575 1932 667 1967 hanc
689 1946 761 1967 esse
782 1932 1043 1966 invocationem
1061 1946 1121 1967 ve-

131 1999 225 2028 ram,
250 1995 368 2031 petere
387 1993 531 2031 propter
547 1985 680 2019 Filium
704 1985 953 2024 mediatorem,
981 1992 1012 2018 et
1029 1985 1121 2017 fidu-

134 2039 184 2071 cia
208 2038 469 2071 misericordiae
495 2044 640 2082 propter
662 2037 776 2080 ipsum
801 2035 993 2080 promissae
1011 2042 1122 2069 aeter-

135 2101 220 2122 num
247 2095 381 2133 patrem
406 2089 582 2123 invocare.
636 2086 790 2121 Eeontra
815 2098 898 2119 vero
916 2084 1074 2120 ethnicas
1090 2094 1122 2120 et

135 2137 389 2173 Mabometicas
406 2140 646 2173 invocationes
661 2150 873 2176 execremur,
891 2149 978 2183 quae
989 2137 1122 2171 Filium

134 2190 203 2224 Dei
221 2191 276 2223 vel
296 2202 368 2222 non
385 2198 519 2223 norunt
536 2191 591 2223 vel
607 2189 820 2224 contumelia
838 2189 1008 2224 efficiunt.
1051 2188 1122 2223 De-

135 2248 278 2286 pravata
314 2248 364 2275 est
393 2242 587 2282 invocatio,
624 2248 657 2275 et
683 2242 777 2286 apud
811 2241 1032 2274 adversarios
1058 2252 1123 2273 no-

138 2300 229 2327 stros
241 2317 250 2330 ,
277 2292 339 2337 qui
355 2291 551 2325 doctrinam
569 2293 611 2326 de
627 2293 695 2326 fide
712 2293 888 2332 obruunt,
916 2303 980 2325 nec
997 2293 1126 2325 docent

136 2343 302 2377 fiduciam
333 2343 537 2376 mediatoris
566 2345 608 2377 ad
640 2343 753 2377 Deum
784 2343 1011 2376 adferendam
1044 2355 1126 2385 esse,

137 2396 197 2429 sed
225 2395 278 2427 vel
303 2394 466 2427 fiduciam
492 2395 654 2437 propriae
679 2394 880 2437 dignitatiS,
908 2395 963 2427 vel
982 2395 1126 2428 dubita-

137 2446 270 2480 tionem
283 2472 292 2486 ,
321 2457 408 2490 quae
425 2445 517 2477 nihil
534 2445 653 2478 differt
670 2446 714 2478 ab
730 2443 869 2479 ethnica
891 2445 1128 2479 invocatione.

138 2496 258 2530 Habes
284 2497 392 2540 igitur
416 2496 453 2529 in
479 2493 545 2529 hoc
569 2496 680 2541 capite
698 2496 897 2531 doctrinam
914 2497 1038 2530 utilem
1063 2497 1129 2530 toti

141 2548 245 2582 vitae.

243 2599 414 2645 Sequitur
450 2598 655 2632 vaticinium
691 2599 733 2630 de
771 2605 928 2643 tempore
958 2599 1131 2632 adventus

142 2649 311 2692 Messiae‚
346 2651 390 2683 de
418 2657 528 2683 morte
553 2648 724 2689 Messiae,
758 2650 801 2682 de
828 2649 975 2682 delenda
1007 2650 1130 2694 politia

142 2700 293 2736 Iudaica.
346 2700 414 2735 Hic
430 2702 528 2735 locus
544 2700 768 2734 manifestum
789 2700 1029 2734 testimonium
1047 2712 1131 2734 con-

576 114 627 150 ΙΝ
653 111 916 149 DANIELEM
942 110 1259 149 PROPHETAM
1288 111 1706 149 COMMENTARIUS.

2086 114 2161 149 902

1169 199 1258 233 tinet
1274 199 1317 232 de
1337 199 1475 232 duobus
1491 199 1649 233 articulis
1661 225 1668 239 ,
1696 199 1739 231 de
1755 199 1885 244 quibus
1911 199 2059 232 maxime
2084 200 2156 234 liti-

1168 256 1250 294 gant
1269 249 1401 284 Iudaei.
1442 250 1551 284 Docet
1569 249 1735 284 Messinm
1753 247 1949 284 exhibitum
1967 262 2051 289 esse,
2075 252 2155 294 quia

1167 308 1337 335 venturus
1355 308 1428 335 erat
1448 299 1563 334 adhuc
1580 302 1730 335 durante
1746 301 1869 345 politia
1887 299 2041 336 Iudaica.
2082 299 2156 334 Do-

1166 360 1219 387 cet
1242 353 1324 386 item
1350 362 1496 394 regnum
1523 351 1675 385 Messiae
1698 363 1771 385 non
1796 352 1870 385 sore
1891 353 2017 386 mundi
2043 352 2156 396 impe—

1166 403 1257 437 rium
1283 415 1343 437 seu
1360 401 1557 436 Mosaicam
1583 402 1764 446 politiam,
1791 404 1874 448 quia
1898 403 1956 436 hic
1974 403 2156 437 manifeste

1166 461 1199 489 et
1215 454 1335 488 multis
1350 454 1467 487 verbis
1484 453 1624 494 dicitur,
1647 452 1840 486 Mosaicam
1860 453 2017 498 politiam
2034 455 2156 488 delen—

1165 507 1245 539 dam
1263 517 1347 540 esse.

1268 562 1363 607 Ergo
1382 563 1430 596 sic
1446 569 1568 606 regnat
1583 561 1731 596 Messias
1750 562 1990 601 resuscitatus,
2016 570 2054 597 ut
2071 564 2152 597 dato

1164 612 1361 659 Evangelio
1377 621 1476 647 vocet
1492 615 1535 647 ad
1557 613 1665 646 vitam
1681 621 1858 647 aeternam
1872 625 1942 654 eos,
1965 614 2026 658 qui
2040 614 2153 658 ipsum

1165 673 1360 709 agnoscunt
1378 677 1449 699 esse
1466 664 1737 709 propiciatorem
1749 691 1757 705 ‚
1786 672 1819 698 et
1836 664 1952 698 incoet
1968 664 2005 697 in
2026 666 2074 698 eis
2094 678 2154 708 per

1165 716 1339 761 Spiritum
1364 723 1523 750 sanctum
1550 727 1679 748 novam
1705 716 1818 748 lucem
1844 722 1877 748 et
1905 715 2156 755 obedientiam,

1165 769 1280 802 deleat
1299 775 1457 812 peccata,
1485 774 1518 801 et
1542 767 1585 800 sit
1606 767 1752 800 daturus
1770 766 1877 799 vitam
1902 773 2078 799 aeternam
2104 766 2157 805 iis,

1166 820 1202 852 in
1219 821 1348 865 quibus
1365 819 1458 852 lucet
1475 819 1578 858 fides,
1607 825 1639 851 et
1655 817 1793 850 iusticia
1812 829 1903 850 nova
1923 817 2059 850 incoata
2077 824 2136 852 est.

1549 927 1685 980 Caput
1720 927 1773 969 X.

1268 1002 1472 1041 Revelatio‚
1500 1013 1588 1047 quae
1608 1001 1821 1034 describitur
1847 1001 1883 1033 in
1908 1000 2083 1048 superiori
2103 1013 2158 1033 ca-

1168 1055 1257 1099 pite,
1287 1055 1375 1087 facta
1401 1061 1451 1086 est
1475 1066 1569 1085 anno
1596 1052 1711 1096 primo
1737 1052 1843 1097 Cyri,
1879 1064 1949 1096 quo
1975 1052 2157 1096 aliquanto

1167 1112 1244 1150 post
1262 1102 1353 1138 hanc
1375 1104 1646 1141 revelationem,
1675 1102 1758 1148 Cyri
1780 1103 1932 1136 edictum
1953 1103 1994 1135 de
2016 1103 2158 1136 restitu—

1167 1158 1265 1190 tione
1294 1156 1526 1201 lerosolymae
1554 1153 1771 1198 propositum
1800 1160 1868 1195 est,
1896 1160 1928 1187 et
1953 1154 2068 1186 redire
2093 1153 2157 1185 ali-

1167 1220 1235 1253 qua
1262 1206 1472 1240 ludaeorum
1497 1205 1637 1249 agmina
1667 1211 1878 1248 coeperunt,
1908 1216 1946 1238 ac
1972 1204 2161 1237 incoarunt

1167 1258 1457 1292 aedificationem.
1496 1255 1630 1290 Omnia
1649 1262 1731 1289 tunc
1750 1255 1924 1296 laeticiae,
1953 1255 2160 1299 gratulatio-

1168 1322 1254 1343 num
1283 1321 1321 1342 ac
1344 1309 1458 1341 bonae
1481 1307 1553 1352 spei
1578 1307 1681 1351 plena
1707 1313 1824 1347 erant,
1852 1306 1901 1350 pii
1931 1306 2058 1349 gratias
2083 1304 2158 1338 Deo

1169 1361 1336 1403 agebant,
1363 1360 1459 1404 quod
1487 1357 1664 1391 Ecclesiae
1690 1358 1903 1390 reddebatur
1931 1364 2029 1390 vetus
2054 1357 2162 1395 sedes,

1169 1411 1360 1456 templum,
1396 1409 1528 1448 cultus,
1564 1409 1791 1442 celebrabant
1824 1407 2031 1442 vaticinium
2068 1406 2160 1440 lere—

1169 1462 1277 1503 miae‚
1305 1461 1497 1495 laudabant
1512 1459 1646 1500 Deum,
1673 1459 1733 1504 qui
1753 1470 1837 1492 voce
1863 1457 2032 1492 Ieremiae
2054 1458 2161 1491 mira-

1169 1514 1290 1547 biliter
1312 1518 1509 1546 servaverat
1527 1511 1640 1553 gentis
1666 1510 1845 1556 reliquias.
1898 1509 1984 1543 Erat
2007 1509 2161 1543 iuniori-

1170 1565 1234 1598 bus
1251 1565 1353 1598 dulce
1368 1563 1488 1596 videre
1504 1562 1678 1595 maiorum
1697 1561 1858 1606 patriam,
1880 1561 2064 1605 templum,
2088 1560 2162 1593 cul-

1170 1623 1226 1649 tus
1243 1615 1415 1649 divinitus
1434 1614 1632 1653 institutos,
1659 1613 1730 1646 frui
1749 1613 1920 1651 libertate,
1942 1611 2067 1645 studiis
2084 1611 2163 1654 piis,

1170 1667 1405 1711 agnoscebant
1429 1666 1533 1697 etiam
1554 1662 1618 1696 hoc
1637 1676 1738 1696 suum
1762 1663 1904 1696 exilium
1930 1662 2101 1707 profuisse
2118 1663 2161 1694 ad

1171 1717 1354 1752 doctrinae
1386 1715 1686 1760 propagationem.
1751 1713 1928 1747 Videbant
1960 1712 2094 1758 Cyrum
2128 1720 2160 1745 et

1172 1770 1301 1803 multos
1319 1768 1407 1801 alios
1423 1768 1465 1800 ad
1483 1778 1601 1799 veram
1620 1766 1785 1809 pietatem
1803 1776 1990 1798 conversos
2008 1775 2100 1804 esse,
2130 1770 2163 1796 et

1171 1821 1372 1865 gaudebant
1388 1830 1422 1851 se
1439 1815 1568 1851 habere
1585 1817 1759 1850 faventem
1778 1827 1905 1860 regem,
1931 1815 1993 1860 qui
2013 1814 2161 1858 imperio

1172 1879 1206 1905 et
1242 1871 1372 1904 virtute
1414 1876 1498 1903 tunc
1542 1868 1709 1901 omnibus
1749 1867 1889 1910 regibus
1921 1866 2163 1900 antecellebat.

1172 1922 1267 1956 Haec
1284 1921 1409 1965 gaudia
1429 1920 1504 1953 seni
1520 1918 1661 1952 Danieli
1679 1919 1781 1952 etiam
1809 1918 1952 1951 exilium
1973 1917 2163 1953 leniebant,

1172 1974 1233 2020 qui
1259 1980 1342 2007 tunc
1369 1972 1528 2005 abfuerat
1551 1982 1568 2003 a
1591 1969 1704 2014 patria
1730 1980 1842 2002 annos
1869 1968 1928 2003 86.
1981 1967 2070 2000 Nam
2101 1968 2163 2000 ab-

1173 2028 1300 2058 ductus
1316 2030 1460 2057 estante
1480 2021 1674 2061 leconiam,
1701 2028 1740 2054 ut
1761 2026 1907 2053 testatur
1924 2018 2065 2052 initium
2093 2019 2163 2063 pri-

1173 2077 1221 2110 mi
1244 2075 1379 2120 capitis.

1276 2134 1344 2169 Sed
1364 2133 1455 2174 vide,
1486 2133 1605 2172 lector,
1634 2130 1821 2174 imaginem
1839 2129 2026 2163 Ecclesiae.
2069 2128 2163 2161 Haec

1175 2194 1269 2222 tanta
1295 2186 1421 2229 gaudia
1441 2191 1518 2229 post
1543 2182 1737 2217 triennium
1761 2181 1919 2226 sequitur
1944 2180 2164 2213 tristissimus

1175 2240 1303 2273 luctus.
1343 2235 1501 2270 Discedit
1518 2247 1557 2268 ex
1574 2246 1681 2277 regno
1698 2231 1821 2278 Cyrus,
1845 2229 2054 2276 prohibetur
2072 2242 2165 2263 novo

1176 2290 1291 2324 edicto
1326 2287 1523 2321 aedificatio
1564 2284 1697 2328 templi.
1752 2282 1949 2327 Aliquanto
1983 2288 2061 2326 post
2092 2281 2165 2324 ipse

1175 2340 1290 2388 Cyrus
1306 2338 1526 2373 interficitur.
1562 2335 1602 2369 In
1621 2335 1698 2368 aula
1715 2335 1753 2367 fit
1771 2346 1887 2366 rerum
1904 2332 2063 2366 omnium
2082 2344 2166 2365 con-

1177 2392 1307 2432 versio,
1336 2391 1591 2428 excluduntur,
1625 2392 1796 2428 urgentur
1822 2384 1930 2424 odiis,
1956 2382 2168 2427 opprimun-

1178 2452 1236 2479 tur
1258 2443 1326 2488 pii,
1351 2442 1411 2488 qui
1438 2448 1538 2474 antea
1564 2437 1751 2471 autoritate
1775 2436 1867 2479 apud
1890 2433 2022 2480 Cyrum
2047 2434 2168 2466 value-

1178 2502 1268 2529 rant.
1323 2492 1558 2528 Renovantur
1573 2485 1733 2521 ethnicae
1757 2486 2041 2531 superstitiones,
2071 2485 2169 2528 prin-

1180 2547 1273 2590 cipes
1297 2543 1417 2588 impii,
1447 2540 1583 2574 inimici
1609 2550 1710 2572 verae
1735 2537 1915 2571 doctrinae
1933 2543 2106 2569 vocantur
2133 2536 2169 2568 in

1180 2598 1309 2631 aulam.
1364 2593 1431 2626 Hic
1448 2592 1576 2626 Daniel
1593 2591 1629 2623 in
1650 2596 1782 2634 quanto
1801 2589 1897 2622 luctu
1913 2588 2017 2621 fuerit
2030 2614 2039 2626 ,
2065 2599 2170 2620 nemo

1181 2648 1265 2682 satis
1282 2645 1454 2689 explicare
1473 2649 1596 2688 potest.
1650 2640 1801 2674 Dolebat
1818 2640 1908 2682 regis
1925 2639 2026 2671 amici
2044 2649 2172 2674 casum,

1183 2698 1326 2732 dolebat
1348 2694 1561 2730 contumelia
1591 2692 1682 2726 affici
1712 2703 1842 2725 nomen
1867 2690 1954 2730 Dei,
1990 2689 2174 2734 praecipue

1610 2740 1691 2778 57·
