2379 2948
218 132 287 166 103

217 215 350 259 purius.
400 211 448 247 Ut
472 213 507 245 in
525 212 629 251 vino,
655 208 816 243 dum'vis
839 213 889 241 est
913 205 1064 249 integra,
1090 204 1191 238 facile.

219 268 254 298 iu
285 272 446 298 naturam
471 262 641 296 convertit
669 258 862 303 pauxillum
890 268 1012 302 aquae.
1070 255 1138 290 Sed
1164 255 1193 288 si

221 315 387 360 paulatim
408 314 486 358 plus
517 323 625 356 aquae
654 309 880 347 infundatur,
915 308 953 341 fit
976 307 1098 340 vinum
1127 306 1194 338 im-

222 365 355 410 purius.

325 415 382 449 Sic
399 414 503 456 igitur
519 417 551 444 et
568 410 640 444 vita
655 409 789 449 deficit,
816 408 897 453 quia
924 420 987 440 nec
1004 406 1129 440 caloris
1142 404 1196 437 vi-

223 478 286 510 gor
300 470 435 502 manet,
461 474 524 494 nec
548 461 669 505 pabuli
684 460 831 504 puritas.
883 457 1009 492 Mutua
1025 457 1131 500 igitur
1146 455 1198 488 la-

224 515 452 550 befactatione
474 518 662 556 utrumque
688 509 911 552 extinguitur.
973 506 1195 552 Aequisitum

225 565 410 599 humidum
431 574 503 595 non
525 568 575 595 est
600 561 744 606 aequale
769 559 923 592 radicali.
975 557 1034 591 Fit
1058 568 1140 599 ergo
1166 561 1200 588 et

226 616 320 648 calor
337 613 549 647 imbecillior
564 612 736 645 deteriore
752 610 893 653 pabulo.
946 607 992 642 Et
1011 618 1130 640 rursus
1144 617 1200 638 ca-

225 667 279 698 lor
294 664 482 707 languidus
499 662 615 695 minus
629 661 799 693 foeliciter
813 659 985 692 convertit
1003 657 1200 691 nutrimen—

224 723 314 749 tum.
366 713 481 747 Simul
512 724 591 755 ergo
619 711 808 750 labuntur,
841 715 875 742 et
898 707 1083 742 humidum
1106 705 1200 739 radi-

227 765 310 805 cale,
336 770 369 797 et
385 764 523 796 nativus
540 763 644 795 calor.
672 760 765 793 Hinc
781 760 931 802 intelligi
950 764 1071 803 potest,
1096 768 1202 801 quare

228 813 325 859 ἀκμὴ
342 826 413 847 non
429 813 474 846 sit
489 818 672 856 perpetua,
701 817 732 844 et
757 810 824 843 cito
846 811 984 843 accedat
1006 814 1177 841 senectus,

331 864 412 898 Ideo
436 862 642 895 Aristoteles
678 861 835 894 definivit
869 866 1016 894 mortem
1043 869 1115 891 esse
1145 869 1203 890 ex-

229 915 434 949 tinctionem
453 913 565 946 innati
583 911 725 951 caloris,
753 911 916 944 videlicet
936 911 1120 952 absumpto
1147 919 1204 940 ra-

228 966 331 999 ‹licali
348 962 508 997 humido.
556 960 785 1003 Extinguitur
808 968 922 994 autem
946 958 1130 993 humidum
1147 969 1205 990 ra-

229 1016 340 1049 dicale
358 1014 525 1058 paulatim
549 1012 609 1044 illa
627 1012 701 1055 ipsa
726 1011 885 1055 acquisiti
912 1009 1119 1044 nutrimenti
1139 1008 1205 1040 im-

229 1066 391 1110 puritate.
451 1062 497 1097 Et
517 1063 709 1095 accelerant
729 1062 976 1094 extinctionem
1003 1071 1122 1092 causae
1147 1070 1206 1090 ex-

230 1123 349 1150 ternae
364 1121 396 1148 et
411 1114 583 1146 violentae
600 1112 747 1150 multae,
769 1109 1050 1155 intemperantia,
1078 1107 1208 1147 inedia,

231 1166 385 1210 pravitas
402 1163 469 1196 cibi
487 1170 519 1196 et
538 1169 658 1205 potus,
685 1161 948 1203 defatigationes
965 1159 1080 1192 omnis
1102 1169 1207 1201 gene—

231 1217 290 1251 ris.
349 1214 426 1247 Hae
456 1223 577 1246 causae
607 1223 646 1244 eo
673 1211 943 1244 considerandae
969 1216 1068 1247 sunt,
1101 1215 1141 1242 ut
1170 1208 1207 1240 in

231 1265 372 1299 tuendis
394 1271 539 1297 naturae
563 1268 702 1295 nostrae
719 1261 855 1295 viribus
872 1261 981 1294 simus
1005 1258 1208 1302 diligentio-

232 1327 284 1349 res
296 1343 305 1356 ,
332 1315 426 1361 quod
445 1320 477 1347 et
492 1312 586 1346 Deus
602 1312 780 1356 praecipit.

394 1413 490 1455 Quid
519 1416 575 1447 est
602 1413 825 1458 yenerativa
851 1408 1051 1454 potentia?

334 1486 397 1521 Est
413 1486 567 1532 potentia
590 1485 627 1517 in
650 1484 888 1518 animantibus
904 1494 1072 1526 generans
1087 1482 1212 1522 simile,

237 1539 395 1573 ordinata
417 1539 458 1571 ad
481 1536 607 1580 speciei
631 1534 943 1569 conservationem.
1000 1531 1132 1577 Estque
1155 1531 1211 1565 hic

236 1591 323 1622 ordo
342 1588 627 1622 considerandus.
679 1585 858 1618 Nutritiva
881 1590 1062 1617 conservat
1081 1583 1212 1615 indivi-

237 1642 357 1673 duum.
409 1636 679 1680 Augmentativa
697 1633 858 1679 provehit
874 1635 916 1667 ad
935 1634 1059 1667 iustam
1076 1633 1212 1676 magni-

238 1690 409 1724 tudinem.
462 1686 675 1721 Generativa
694 1692 875 1719 conservat
891 1684 1051 1728 speciem.

339 1745 415 1780 Etsi
431 1753 544 1779 autem
563 1745 600 1777 in
623 1751 694 1778 tota
716 1750 840 1777 natura
862 1743 949 1775 ordo
973 1740 1212 1776 testimonium

239 1806 299 1840 est,
325 1810 398 1831 non
418 1796 567 1830 extitisse
585 1795 757 1827 mundum
775 1805 875 1833 casu,
901 1799 1015 1826 tamen
1032 1789 1098 1824 hoc
1120 1790 1214 1823 indi-

240 1850 331 1882 cium
350 1848 486 1880 illustre
509 1853 576 1886 est,
602 1845 694 1889 quod
718 1850 886 1888 perpetuo
911 1848 1055 1875 manent
1073 1842 1212 1874 eaedem

243 1899 392 1942 species,
420 1903 453 1930 et
478 1897 573 1941 quod
603 1895 639 1926 in
659 1894 814 1939 qualibet
840 1893 953 1937 specie
974 1897 1214 1936 propagantur

243 1949 388 1988 similia,
414 1958 478 1979 nec
499 1946 537 1979 fit
562 1945 753 1988 specierum
777 1943 954 1981 confusio,
988 1943 1081 1987 quod
1107 1943 1214 1981 fieret,

244 1999 272 2032 si
289 2010 369 2032 casu
385 2004 417 2030 et
432 2003 578 2035 temere,
604 1994 678 2027 sine
693 1993 827 2037 opificis
843 1993 989 2025 consilio
1006 1992 1124 2025 omnia
1142 1992 1215 2024 ori-

244 2055 378 2084 rentur.
431 2045 590 2090 Cumque
619 2042 676 2077 hic
701 2045 787 2076 ordo
814 2043 850 2075 in
876 2050 1001 2076 natura
1034 2042 1216 2076 institutus

245 2100 306 2138 sit,
332 2105 370 2132 ut
395 2097 525 2141 species
548 2093 613 2127 hoc
635 2094 741 2127 modo
771 2099 1022 2126 conserventur
1043 2103 1215 2136 propaga-

246 2150 341 2184 tione
363 2147 551 2186 similium,
575 2145 705 2178 dictum
732 2150 781 2177 est
801 2144 845 2176 ab
870 2143 1074 2176 Aristotele:
1104 2142 1215 2175 Natu-

246 2199 456 2233 ralissimum
471 2207 559 2240 opus
576 2202 625 2229 est
642 2195 678 2228 in
688 2194 897 2234 viventibus,
912 2204 1076 2235 generare
1093 2192 1217 2226 simile.

347 2258 403 2291 De
417 2255 557 2298 organis
573 2252 808 2297 generationis
831 2264 933 2295 supra
953 2251 989 2283 in
1012 2251 1218 2284 anatomicis

247 2307 540 2352 descriptionibus
559 2305 691 2338 dictum
713 2309 773 2335 est.
823 2301 937 2335 Pauca
962 2307 1076 2334 autem
1102 2299 1159 2334 hic
1175 2301 1218 2333 de

249 2360 378 2392 semine
396 2364 428 2391 et
450 2355 661 2389 formatione
677 2354 789 2386 foetus
813 2353 992 2385 addemus.

350 2415 477 2449 Semen
501 2413 663 2446 animalis
684 2418 733 2445 est
750 2411 847 2444 utilis
865 2409 1084 2453 superfluitas
1101 2409 1217 2442 ultimi

248 2466 405 2500 alimenti
424 2464 602 2505 sanguinei
618 2475 679 2506 per
694 2468 806 2495 totum
826 2471 950 2504 corpus
968 2459 1127 2502 dispersi,
1141 2466 1218 2502 post

247 2523 404 2561 quartam
424 2513 650 2555 digestionem
670 2512 794 2550 decisa,
820 2522 908 2556 quae
924 2507 1112 2543 attrahitur
1124 2521 1141 2541 a
1158 2519 1218 2542 va-

249 2568 294 2599 sis
319 2564 532 2602 seminariis,
560 2569 592 2595 et
616 2562 793 2604 perficitur
813 2573 850 2594 ac
873 2567 1096 2594 conservatur
1114 2559 1150 2590 in
1167 2565 1218 2592 te-

249 2617 359 2650 stibus
376 2617 417 2648 ad
442 2613 712 2657 generationem.
766 2611 856 2644 Sunt
879 2618 993 2644 autem
1009 2621 1088 2643 vasa
1114 2609 1218 2641 semi-

451 123 658 163 SCRIPTA
684 124 759 159 PH.
785 122 902 158 MEL.
927 118 993 155 AD
1019 117 1146 156 HIST.
1173 116 1319 154 PROF.
1345 114 1411 152 ET
1437 115 1627 153 PHILOS.
1652 115 1971 155 SPECTANTIA.

2141 118 2213 153 104

1243 215 1337 245 cam,
1365 215 1470 247 supra
1501 203 1539 236 in
1569 201 1804 247 descriptione
1835 203 2030 238 anatomica
2057 203 2220 238 conside-

1244 261 1378 289 rentur.

1346 303 1498 346 Quidam
1517 315 1634 337 semen
1651 303 1738 337 oriri
1763 310 1899 337 tantum
1918 315 1938 336 a
1955 305 2095 339 cerebro
2119 311 2222 349 puta—

1246 360 1349 394 runt,
1381 355 1440 387 sed
1466 360 1601 388 constat
1631 354 1824 398 plurimum
1856 353 1998 399 quidem
2026 366 2045 387 a
2070 356 2226 395 cerebro,

1248 404 1307 436 sed
1330 410 1443 437 totum
1466 405 1510 437 ab
1532 405 1697 438 omnibus
1719 405 1888 438 membris
1913 404 2079 439 derivari.
2135 403 2226 438 Cum

1249 453 1342 486 enim
1362 466 1402 486 ex
1418 465 1459 487 eo
1475 454 1596 487 omnia
1619 455 1775 488 membra
1798 455 2014 495 formentur,
2042 461 2226 487 consenta-

1250 515 1355 537 neum
1372 511 1433 542 est,
1453 504 1566 547 ipsum
1584 505 1628 538 ab
1644 505 1809 538 omnibus
1825 505 1993 539 membris
2011 504 2108 539 oriri.
2135 503 2226 537 Nam

1251 554 1381 586 similia
1404 554 1577 587 similibus
1600 562 1839 599 procreantur.
1892 555 2012 600 Itaque
2029 554 2229 599 Hippocra-

1251 611 1301 637 tes
1318 603 1450 648 inquit:
1495 603 1660 648 Ἔρχεται
1680 601 1790 652 γόνος
1812 602 1883 638 ἀπὸ
1905 603 2041 644 παντὸς
2064 608 2130 639 τοῦ
2156 601 2228 638 σώ-

1250 666 1377 699 ματος,
1405 651 1469 687 καὶ
1486 651 1558 686 ἀπὸ
1580 652 1649 699 μὲν
1665 657 1742 689 τῶν
1756 653 1928 702 ὑγιεινῶν
1950 652 2126 702 ὑγιεινὸς,
2155 652 2228 688 ἀπὸ

1253 701 1292 738 δὲ
1310 706 1386 738 τῶν
1401 705 1566 749 νοσερῶν
1580 701 1739 751 ιὀσερός.
1768 705 1815 739 Ut
1829 705 1936 747 igitur
1950 706 2158 746 similitudo,
2181 706 2230 738 ita

1254 754 1478 787 imbecillitas
1504 761 1678 788 certorum
1701 755 1940 788 membrorum
1964 755 2000 788 in
2026 756 2231 799 parentibus

1256 811 1467 849 propagatur
1484 805 1521 837 in
1538 806 1685 850 prolem,
1712 811 1750 838 ut
1766 805 1916 847 cerebri,
1943 805 2071 850 epatis,
2099 805 2233 838 ventri-

1255 855 1343 893 culi,
1371 866 1508 890 renum.

1359 912 1452 955 Quia
1474 919 1589 946 autem
1623 923 1740 945 semen
1763 913 1849 946 utile
1873 913 2080 948 alimentum
2107 920 2175 955 est,
2201 921 2234 948 et

1257 963 1400 1008 plenum
1426 963 1566 1006 copioso
1591 963 1689 996 vitali
1712 963 1855 1007 spiritu,
1880 976 2026 1008 corpora
2050 964 2150 997 valde
2174 964 2236 997 de-

1258 1014 1444 1047 bilitantur
1460 1013 1568 1045 nimia
1587 1013 1788 1056 profusione
1805 1014 1961 1048 seminis.
2001 1014 2090 1047 Nam
2109 1021 2141 1048 et
2157 1026 2235 1047 cor-

1258 1064 1335 1107 pori
1353 1063 1559 1097 alimentum
1578 1061 1795 1104 detrahitur,
1823 1071 1856 1098 et
1879 1064 2074 1108 plurimum
2099 1064 2236 1098 eiicitur

1259 1113 1411 1157 spiritus.

1359 1171 1462 1205 Nunc
1490 1171 1644 1205 breviter
1669 1173 1712 1205 de
1736 1173 1946 1206 formatione
1976 1174 2088 1207 foetus
2110 1173 2235 1206 dicam.

1260 1221 1349 1255 Cum
1375 1222 1501 1255 matrix
1528 1222 1660 1266 excepit
1686 1234 1803 1256 semen
1835 1224 1921 1264 viri,
1953 1223 2111 1266 iungitur
2142 1222 2238 1255 virili

1262 1273 1387 1305 semini
1409 1273 1582 1305 muliebre
1605 1283 1734 1307 semen.
1800 1272 1868 1306 Hic
1884 1284 2006 1315 magna
2035 1280 2238 1306 controver-

1262 1323 1311 1355 sia
1332 1329 1391 1355 est.
1419 1320 1477 1354 An
1494 1322 1621 1355 mulier
1639 1329 1823 1355 concurrat
1839 1322 1948 1354 active
1963 1323 2007 1354 ad
2024 1323 2238 1366 procreatio-

1263 1384 1342 1405 nem
1371 1373 1510 1404 foetus'?
1549 1371 1754 1404 Aristoteles
1774 1383 1846 1403 non
1868 1371 1993 1405 tribuit
2017 1384 2135 1405 semen
2159 1384 2239 1404 mu-

1264 1422 1360 1461 lieri,
1393 1421 1452 1454 sed
1474 1420 1573 1461 dixit,
1597 1421 1779 1454 materiam
1803 1422 1916 1454 foetus
1939 1433 2011 1455 esse
2034 1422 2239 1465 sanguinem

1263 1477 1502 1511 menstruum,
1536 1477 1570 1504 et
1592 1471 1659 1503 viri
1681 1483 1799 1504 semen
1823 1469 1951 1504 habere
1977 1483 2011 1504 se
2036 1473 2165 1510 active,
2199 1484 2238 1505 ac

1265 1522 1351 1554 verti
1370 1521 1406 1553 in
1428 1521 1610 1565 spiritum,
1637 1527 1670 1554 et
1685 1533 1745 1554 sua
1762 1522 1796 1554 vi
1817 1521 1983 1566 tanquam
2002 1522 2139 1555 fabrum
2162 1534 2239 1554 ma·

1264 1572 1386 1605 teriam
1403 1571 1500 1604 illam
1518 1571 1715 1615 disponere,
1740 1578 1779 1604 ut
1795 1572 1877 1604 inde
1893 1572 2006 1605 foetus
2027 1579 2240 1616 procreetur.

1264 1622 1360 1655 Haec
1378 1628 1428 1655 est
1445 1632 1579 1654 summa
1603 1621 1794 1655 sententiae
1808 1619 2019 1658 Aristotelis.

1365 1687 1432 1722 Sed
1446 1686 1623 1721 Galenum
1641 1699 1838 1734 sequamur,
1860 1688 1919 1733 qui
1937 1689 2107 1729 adfirmat,
2126 1689 2242 1723 iuncta

1265 1738 1396 1772 semina
1412 1737 1480 1771 viri
1496 1745 1528 1772 et
1543 1738 1701 1771 mulieris
1722 1750 1794 1772 esse
1818 1739 1999 1772 materiam
2020 1740 2153 1780 foetus,
2179 1740 2242 1772 etsi

1266 1789 1304 1821 in
1321 1786 1376 1821 his
1393 1788 1460 1821 viri
1475 1799 1591 1821 semen
1607 1788 1755 1821 calidius
1770 1795 1803 1822 et
1819 1789 1967 1822 crassius
1989 1796 2056 1827 est,
2084 1789 2242 1822 mulieris

1264 1851 1348 1872 vero
1366 1850 1483 1872 semen
1498 1835 1679 1872 humidius
1695 1851 1733 1872 ac
1747 1839 1919 1882 frigidius,
1945 1845 1979 1872 et
1995 1840 2041 1872 ob
2057 1836 2147 1872 hanc
2161 1851 2244 1872 cau-

1266 1901 1338 1923 sam
1358 1888 1452 1922 velut
1467 1889 1724 1922 nutrimentum
1747 1900 1819 1922 esse
1834 1888 1930 1921 virili
1947 1889 2092 1930 semini,
2118 1889 2243 1934 inquit.

1365 1955 1455 1989 Cum
1494 1955 1602 1998 igitur
1630 1955 1758 1989 matrix
1784 1956 1913 1999 accepit
1948 1956 2066 1990 iuncta
2102 1956 2246 1997 semina,

1267 2006 1441 2052 principio
1464 2006 1559 2038 calor
1580 2006 1754 2047 matricis,
1781 2006 1877 2039 velut
1899 2006 2014 2047 furni,
2042 2007 2165 2040 leviter
2189 2018 2244 2039 as-

1267 2059 1376 2091 sando
1402 2056 1503 2089 efficit
1521 2056 1769 2100 panniculum,
1796 2063 1961 2102 tanquam
1981 2063 2130 2090 crustam
2154 2057 2244 2090 circa

1268 2119 1405 2147 semen,
1432 2113 1550 2151 estque
1566 2104 1651 2140 haec
1670 2107 1771 2140 initio
1789 2107 1884 2140 velut
1902 2108 1960 2139 ovi
1986 2107 2132 2150 species,
2160 2107 2241 2151 quia
2273 2128 2279 2129 ν

1268 2158 1470 2191 membrana
1502 2157 1682 2191 circundat
1707 2169 1826 2190 semen
1848 2156 1942 2190 intus
1962 2156 2137 2198 bulliens,
2163 2168 2242 2190 cum

1269 2208 1312 2241 sit
1344 2207 1444 2240 valde
1472 2207 1711 2250 spirituosum.
1771 2207 1823 2239 Ac
1844 2207 1881 2240 fit
1905 2206 2114 2249 panniculus
2130 2219 2168 2240 ex
2185 2218 2244 2239 ex-

1270 2259 1396 2292 teriore
1418 2257 1590 2290 seminum
1613 2264 1727 2301 parte,
1753 2269 1792 2290 ac
1812 2256 1996 2300 praecipue
2014 2268 2052 2289 ex
2069 2257 2243 2298 muliebri,

1270 2309 1361 2353 quod
1380 2314 1428 2340 est
1445 2305 1625 2340 humidius
1641 2313 1673 2340 et
1688 2307 1794 2349 magis
1807 2306 1943 2339 extendi
1961 2313 2083 2350 potest.
2110 2306 2142 2341 Is
2157 2319 2243 2351 pan-

1269 2359 1407 2391 niculus
1425 2356 1557 2390 Graece
1573 2357 1776 2390 nominatur
1795 2352 1942 2401 χόριον,
1969 2356 2105 2390 Latinis
2120 2369 2244 2390 secun—

1270 2410 1353 2447 dae,
1380 2407 1484 2449 vulgo
1511 2407 1712 2439 secundina.
1764 2404 1811 2439 Et
1835 2417 1906 2438 non
1935 2407 2046 2439 solum
2072 2408 2167 2440 locus
2193 2415 2243 2441 est

1271 2459 1406 2501 reliquo
1424 2457 1568 2496 semini,
1594 2457 1652 2489 sed
1673 2457 1775 2490 etiam
1795 2454 1899 2489 habet
1917 2456 2003 2488 alios
2025 2468 2118 2492 usus.
2170 2456 2243 2490 De·

1271 2509 1391 2541 sinunt
1406 2506 1500 2538 enim
1520 2507 1556 2538 in
1575 2507 1751 2540 matricem
1769 2506 1953 2539 innumera
1979 2505 2111 2540 orificia
2137 2519 2243 2540 vena-

1270 2569 1347 2591 rum
1377 2563 1409 2589 et
1440 2556 1663 2597 arteriarum,
1698 2564 1730 2590 et
1754 2563 1795 2590 ut
1819 2568 1881 2600 per
1904 2567 1941 2588 ea
1973 2558 2111 2598 sanguis
2143 2569 2243 2589 men-

1269 2615 1384 2640 struus
1409 2606 1552 2647 influat,
1589 2613 1621 2640 et
1654 2613 1692 2640 ut
1715 2607 1823 2640 foetui
1848 2605 2104 2641 transmittatur
2127 2607 2243 2641 nutri-

247 2667 344 2699 naria
369 2672 481 2699 certae
500 2674 626 2702 venae,
654 2673 800 2707 quarum
829 2662 1002 2704 picturae,
1028 2666 1067 2693 ut
1089 2660 1136 2693 ita
1161 2659 1216 2692 di-
1240 2644 1247 2691 i
1267 2666 1434 2692 mentum.
