2379 2948
206 100 280 138 687

309 182 414 217 Valet
441 184 516 226 lege
540 182 684 221 divina,
717 178 798 224 quia
822 177 919 211 Deus
942 184 992 212 est
1009 184 1124 212 custos
1141 177 1196 211 di-

210 235 400 280 sciplinae,
429 241 463 267 et
494 233 623 267 atrocia
656 229 785 264 scelera
813 228 1009 262 manifestis
1030 228 1196 273 exemplis

211 286 335 331 punit,
367 292 403 319 ut
435 283 603 327 scriptum
636 288 703 315 est:
736 279 809 323 Qui
833 280 989 324 gladium
1015 280 1196 323 acceperit,

214 338 331 381 gladio
362 335 502 379 peribit.
570 331 723 376 Magnus
750 343 834 365 usus
860 338 910 365 est
936 328 1042 364 huius
1067 331 1134 364 loci
1160 330 1197 362 in

213 388 311 420 omni
335 387 424 423 vita,
453 391 491 417 ut
516 384 553 416 in
576 382 893 417 deliberationibus
909 382 1099 425 diligenter
1116 393 1199 425 pro-

215 437 435 481 spiciendum
460 441 528 475 est,
561 446 650 479 quae
675 435 768 467 bona
794 434 847 466 vel
872 434 962 466 mala
988 433 1200 467 comitentur

215 488 387 527 actiones,
414 498 499 531 quas
517 485 746 520 instituimus.

554 583 703 616 Secunda
726 581 846 624 reqnlu.

317 653 407 689 Cum
424 665 442 687 a
459 660 693 699 consequente
708 659 995 696 argumentamur
1009 651 1050 683 ad
1063 656 1201 683 antece-

217 707 319 746 dens,
344 705 546 751 quaerimus
563 704 759 737 necessario
776 702 1028 737 antecedentia.
1082 700 1202 743 Quare

217 757 330 801 posito
350 762 598 801 consequente,
626 762 709 789 tunc
729 755 818 788 valet
836 759 1095 796 argumentum,
1122 763 1200 784 cum

217 807 436 841 ostendimus
468 805 693 850 praecessisse
724 805 813 838 illud
842 804 1069 843 antecedens,
1106 802 1200 847 quod

216 870 353 902 semper
370 858 576 901 praecedere
595 857 693 891 solet.

372 907 538 942 Pervenit
554 908 594 940 ad
616 913 755 946 metam,

425 957 518 1002 Ergo
536 959 602 991 iter
618 958 698 991 fecit
717 969 779 1001 per
796 957 913 1000 priora
931 956 1058 999 spacia.

370 1007 568 1054 Prophetae
585 1015 765 1052 utrunque
784 1007 1006 1051 praedicunt,
1036 1003 1201 1038 Messian]

424 1067 547 1093 natum
565 1071 604 1091 ex
619 1059 752 1091 semine
762 1057 890 1098 David,
918 1055 1202 1090 interficiendum

424 1122 514 1150 esse,
543 1116 576 1143 et
598 1115 715 1141 tamen
731 1109 895 1152 deinceps
915 1119 1062 1151 regnum
1080 1117 1204 1149 perpe-

424 1169 524 1196 tuum
542 1157 748 1193 habiturum
768 1170 853 1199 esse,

371 1211 515 1245 Necesse
545 1217 595 1243 est
625 1210 734 1253 igitur
760 1209 927 1243 Messiam
955 1216 1032 1253 post
1055 1214 1204 1240 mortem

424 1262 651 1301 reviviscere,
686 1273 767 1294 nam
793 1259 928 1305 alioqui
953 1272 1026 1293 non
1045 1264 1206 1302 regnaret

423 1324 542 1347 semen
560 1312 725 1346 Davidis.

320 1372 399 1406 Hoc
421 1378 666 1414 argumentum
691 1383 730 1403 ex
751 1376 987 1414 consequente
1006 1370 1048 1402 ad
1069 1375 1204 1401 antece-

222 1426 309 1458 dens
328 1423 468 1456 firmum
494 1428 528 1454 et
549 1421 685 1454 illustre
711 1421 951 1454 testimonium
977 1427 1026 1453 est
1046 1430 1204 1452 resurre-

221 1474 347 1509 ctionis
366 1471 499 1506 Christi
520 1472 612 1515 apud
631 1469 835 1514 Prophetas.
890 1469 1077 1514 Utrunque
1096 1481 1206 1502 mem-

220 1526 324 1560 brum
344 1530 393 1557 est
412 1524 451 1556 in
468 1534 543 1566 cap.
558 1519 619 1557 53.
640 1520 785 1554 Iesaiae:

374 1573 522 1609 Messias
546 1572 719 1606 abscissus
741 1579 791 1605 est
817 1573 859 1605 de
885 1579 978 1605 terra
997 1570 1206 1609 viventium,

427 1626 463 1658 id
489 1630 554 1664 est,
590 1622 793 1655 interfectus
818 1629 879 1656 est.
947 1621 1084 1656 Deinde
1109 1620 1206 1653 addit

427 1676 578 1709 alterurn
601 1673 818 1711 membrum,
847 1685 887 1706 ex
911 1672 1069 1715 angustia
1095 1677 1127 1704 et
1150 1671 1206 1703 iu·

427 1726 520 1760 dicio
539 1731 678 1768 ereptus
694 1730 754 1758 est.

374 1776 469 1820 Ergo
485 1782 669 1820 postquam
688 1773 894 1807 interfectus
911 1780 976 1813 est,
1005 1773 1133 1806 deinde
1150 1783 1206 1805 re—

426 1827 610 1861 suscitatus
628 1832 689 1860 est.

323 1887 545 1922 conterenda
567 1892 648 1918 sunt
670 1884 778 1927 igitur
794 1883 949 1916 membra
962 1909 971 1923 ,
999 1889 1031 1915 et
1050 1882 1206 1926 pruden-

222 1948 275 1974 ter
300 1938 490 1973 iudicanda
516 1933 683 1969 adhibitis
708 1932 762 1967 his
789 1934 938 1977 regulis,
973 1945 1061 1978 quae
1086 1933 1205 1977 aliquo

222 1991 328 2024 modo
347 1988 517 2022 iudicium
536 1993 675 2020 acuunt.

375 2037 559 2073 Iustificati
574 2037 641 2069 fide
660 2047 778 2078 pacem
795 2033 976 2076 habemus,

376 2089 598 2123 Praecedunt
622 2086 728 2129 igitur
751 2097 899 2129 pavores
923 2093 954 2119 et
972 2085 1091 2128 magni
1106 2085 1207 2118 dolo-

424 2152 478 2174 res
500 2140 539 2172 in
563 2138 743 2181 agnitione
768 2137 839 2169 irae
855 2135 921 2170 Dei
947 2137 1113 2170 adversus
1128 2148 1207 2180 pec-

424 2198 551 2226 catum.

325 2250 384 2286 Sic
401 2249 521 2285 Cicero
538 2250 577 2282 in
595 2247 755 2280 oratione
772 2257 834 2290 pro
854 2244 984 2280 Roscio
1002 2253 1142 2290 narrat,
1169 2258 1207 2279 ex

225 2308 458 2348 consequente
475 2300 668 2333 iudicatum
686 2308 773 2330 esse:

377 2351 519 2386 Inventi
550 2355 631 2383 sunt
653 2348 717 2380 filii
743 2346 959 2381 dormientes
982 2346 1020 2380 in
1044 2348 1206 2381 cubiculo

431 2401 605 2436 interfecti
621 2399 740 2443 patris,

375 2451 471 2497 Ergo
495 2452 688 2486 iudicatum
713 2456 782 2489 est,
815 2459 873 2482 eos
895 2461 968 2483 non
990 2450 1110 2483 fecisse
1133 2461 1209 2483 cae-

428 2505 519 2537 dem.

330 2562 425 2605 Quia
454 2561 594 2595 videtur
624 2559 864 2604 impossibile,
896 2560 986 2593 facto
1018 2559 1208 2603 parricidio

228 2624 432 2659 conspersos
460 2611 629 2654 sanguine
661 2617 826 2655 paterno,
861 2623 941 2643 mox
971 2622 1091 2644 rursus
1123 2612 1209 2644 dor-

228 2665 317 2698 mire
334 2675 442 2708 posse.

449 94 659 132 SCRIPTA
686 93 764 128 PH.
792 91 908 127 MEL.
938 90 1004 126 AD
1033 91 1160 127 IIIST.
1190 91 1333 129 PROF.
1362 92 1427 129 ET
1454 91 1645 128 PHlLOS.
1675 93 1995 130 SPECTANTIA.

2155 93 2229 128 688

1596 178 1663 219 Ab
1687 177 1883 219 absurdo.

1354 260 1557 297 Absurdum
1584 261 1624 295 in
1646 258 1903 305 Philosophia,
1930 260 2059 295 dicitur
2083 261 2233 295 manife-

1251 319 1301 346 ste
1318 313 1464 355 falsum,
1491 313 1572 359 quia
1592 313 1794 347 immediate
1811 317 1943 356 pugnat
1960 323 2039 344 cum
2055 312 2234 346 communi

1252 375 1375 405 sensu,
1406 365 1443 397 id
1469 371 1538 404 est,
1573 376 1651 397 cum
1677 363 1860 408 principiis
1882 368 2008 396 natura
2032 363 2142 403 notis,
2175 370 2236 397 aut

1252 415 1444 448 universali
1468 415 1693 459 experientia.
1745 414 1797 447 Ac
1819 420 1910 447 recte
1928 413 2060 446 mentio
2076 413 2114 446 fit
2129 411 2235 447 huius

1252 466 1322 499 loci
1342 467 1380 498 in
1397 466 1600 506 dialecticis,
1627 466 1708 511 quia
1725 466 1868 509 prodest
1885 462 1947 498 has
1965 464 2102 507 regulas
2118 475 2234 497 nosse:

1253 514 1307 550 Ex
1333 529 1416 550 vero
1442 517 1495 549 nil
1518 517 1587 549 nisi
1612 529 1745 551 verum.
1797 514 1844 550 Et
1867 527 1947 548 vera
1970 515 2061 548 veris
2087 526 2236 548 consen-

1253 567 1358 603 tiunt.
1410 565 1457 601 Et
1480 567 1517 599 in
1543 568 1766 610 dogmatibus
1790 568 1819 600 si
1844 566 1929 612 quid
1952 566 2097 599 absurdi
2120 565 2238 609 sequi-

1254 625 1311 651 tur
1323 642 1332 656 ‚
1360 629 1499 651 necesse
1518 625 1568 652 est
1585 618 1720 663 aliquid
1737 618 1866 651 erroris
1883 618 1919 650 in
1939 616 2139 662 praemissis
2154 628 2238 651 esse.

1255 668 1311 702 Sit
1340 668 1448 712 igitur
1471 666 1556 701 haec
1581 669 1719 711 regula,
1752 668 1917 702 Absurda
1939 668 2130 701 reiicienda
2154 679 2237 708 esse,

1225 654 1229 783 ι
1255 726 1287 752 et
1304 716 1534 764 hypotheses,
1561 731 1600 752 ex
1617 719 1747 764 quibus
1764 727 1960 764 sequuntur
1975 720 2144 759 absurda,
2171 718 2238 751 fal-

1255 781 1308 803 sas
1333 781 1403 803 esse
1427 781 1565 803 necesse
1588 777 1655 810 est,
1681 770 1763 815 quia
1786 781 1825 802 ex
1845 781 1927 803 vero
1945 770 1998 802 nil
2016 770 2085 802 nisi
2103 781 2238 803 verum.

1226 785 1230 865 i
1257 820 1322 861 Ut,
1350 833 1389 853 ex
1401 819 1547 864 Epicuri
1564 821 1725 863 dogmate
1744 821 1786 854 de
1806 821 1984 864 voluptate
2003 821 2161 865 sequitur
2177 820 2239 853 ab-

1227 867 1229 879 '
1256 872 1421 911 surdum,
1449 871 1556 914 igitur
1581 872 1705 914 dogma
1729 872 1855 905 salsum
1879 878 1947 912 est,
1975 872 2056 916 quia
2081 873 2111 904 si
2137 871 2240 904 volu-

1256 929 1332 966 ptas
1349 922 1428 955 finis
1445 929 1495 955 est
1513 929 1545 955 et
1563 922 1786 955 anteferenda
1806 919 1999 962 honestati,
2025 923 2139 966 reipsa
2155 933 2241 955 con-

1256 974 1354 1006 cedet
1377 973 1486 1006 multa
1506 973 1647 1016 flagitia.
1700 973 1752 1006 Ita
1770 972 1973 1006 reiiciantur
1991 979 2022 1005 et
2040 971 2241 1008 Stoicorum

1256 1025 1407 1056 absurda
1439 1031 1471 1065 et
1504 1024 1614 1057 multa
1645 1024 1815 1063 aliorum,
1847 1031 1899 1056 ut:
1936 1021 2069 1056 Omnia
2103 1029 2241 1067 peccata

1258 1081 1340 1108 sunt
1378 1074 1494 1118 paria,
1538 1071 1695 1108 Affectus
1731 1081 1813 1108 sunt
1846 1074 2052 1118 opiniones,
2094 1073 2174 1108 Vita
2208 1080 2243 1107 et

1229 1093 1233 1251 ἱ
1257 1127 1351 1159 bona
1372 1126 1535 1158 valetudo
1561 1137 1633 1157 non
1656 1126 1764 1168 magis
1781 1126 1992 1168 expetendae
2008 1132 2108 1163 sunt,
2135 1137 2242 1170 quam

1258 1187 1352 1209 mors
1378 1183 1437 1209 aut
1461 1176 1597 1216 morbi,
1625 1183 1687 1209 etc.
1741 1175 1810 1209 Sed
1834 1176 1871 1208 in
1888 1177 2047 1209 doctrina
2066 1174 2242 1209 Ecclesiae

1258 1238 1423 1260 vocamus
1443 1228 1656 1266 absurdum,
1684 1228 1779 1272 quod
1803 1233 1933 1270 pugnat
1951 1239 2029 1259 cum
2049 1227 2243 1270 praecipuis

1258 1278 1450 1322 praeceptis
1473 1278 1686 1316 moralibus,
1714 1284 1773 1310 aut
1797 1277 1955 1310 articulis
1979 1278 2079 1318 fidei,
2106 1285 2146 1311 ut
2163 1289 2243 1310 cum

1259 1329 1404 1361 dicitur:
1432 1328 1470 1362 Si
1496 1328 1619 1361 oculus
1640 1335 1720 1362 tuus
1737 1328 1891 1361 offendet
1910 1335 1962 1366 te,
1991 1328 2135 1361 effodias
2151 1340 2243 1363 eum.

1259 1379 1326 1412 Hic
1356 1392 1429 1412 non
1460 1379 1698 1421 intelligamus
1718 1379 1870 1422 praecipi
1896 1379 2141 1412 lacerationem
2165 1391 2242 1412 cor-

1259 1431 1372 1474 poris,
1399 1441 1488 1474 quae
1512 1430 1696 1462 manifesto
1719 1435 1902 1473 praecepto
1920 1430 2046 1462 morali
2065 1427 2243 1472 prohibita

1259 1487 1309 1514 est
1332 1481 1368 1513 in
1390 1478 1443 1513 his
1462 1480 1593 1513 verbis:
1620 1479 1701 1512 Non
1720 1480 1869 1514 occidas,
1923 1479 2093 1512 Tenenda
2112 1487 2162 1512 est
2177 1480 2243 1523 igi-

1259 1538 1316 1564 tur
1341 1531 1476 1574 regula:
1512 1530 1686 1563 Vitandae
1712 1530 1940 1563 absurditatis
1964 1542 2084 1570 causa,
2119 1531 2244 1563 decur-

1259 1583 1409 1615 rendum
1429 1588 1479 1614 est
1495 1582 1537 1614 ad
1559 1581 1701 1623 figuras,
1730 1587 1762 1613 et
1779 1582 1978 1625 quaerenda
1997 1581 2170 1614 concinna
2187 1581 2243 1614 in-

1259 1632 1474 1676 terpretatio.
1529 1629 1689 1664 Effodias
1703 1631 1865 1671 oculum,
1892 1631 1927 1664 id
1944 1638 2010 1673 est,
2037 1632 2148 1665 abiice
2164 1644 2245 1676 per-

1259 1683 1458 1716 suasionem
1482 1682 1624 1720 falsam,
1653 1682 1813 1726 quamvis
1838 1682 1995 1723 dulcem,
2025 1695 2113 1728 quae
2130 1684 2245 1725 abdu—

1259 1734 1305 1767 cit
1327 1746 1345 1766 a
1366 1733 1461 1772 Deo„
1485 1745 1547 1766 seu
1573 1744 1645 1765 uon
1669 1733 1873 1766 assentiaris
1896 1734 2032 1767 doctori
2060 1734 2115 1767 vel
2132 1735 2243 1768 amico

1259 1784 1448 1818 abducenti
1467 1784 1625 1817 animum
1643 1795 1661 1817 a
1680 1784 1771 1818 Deo.

1361 1850 1419 1884 Sic
1452 1857 1484 1883 et
1512 1851 1686 1893 generalia
1712 1851 1804 1885 dicta
1829 1852 1994 1885 vitandae
2018 1852 2243 1887 absurditatis

1260 1913 1362 1935 causa
1393 1901 1637 1945 restringenda
1670 1909 1773 1942 sunt,
1807 1909 1847 1935 ut
1875 1914 1953 1935 cum
1980 1903 2126 1936 dicitur:
2161 1902 2243 1937 Non

1260 1953 1478 1986 vindicantes
1504 1963 1564 1984 vos
1591 1952 1667 1996 ipsi.
1731 1953 1942 1986 Absurditas
1967 1960 2073 1993 esset,
2108 1954 2243 1987 intelli-

1259 2015 1355 2046 geres
1388 2003 1635 2036 universaliter
1663 2015 1802 2036 omnem
1832 2003 2022 2037 vindictam
2050 2002 2243 2048 prohiberi,

1261 2055 1296 2087 id
1313 2061 1375 2094 est,
1403 2053 1533 2086 iudicia
1553 2060 1585 2086 et
1604 2054 1759 2095 legitima
1775 2054 1878 2089 bella.
1914 2054 2008 2096 Quia
2026 2055 2062 2087 in
2080 2056 2149 2089 alio
2166 2056 2243 2089 loco

1258 2103 1492 2147 Evangeliurn
1522 2106 1694 2147 approbat
1715 2105 1936 2146 magistratus
1961 2113 1991 2139 et
2018 2118 2138 2139 eorum
2167 2107 2245 2140 osfi-

1261 2157 1329 2193 cia,
1366 2156 1473 2198 igitur
1501 2155 1677 2188 vindictae
1705 2152 1900 2200 prohibitio
1926 2157 1966 2189 ad
1994 2157 2165 2201 privatam
2189 2170 2243 2191 re·-

1261 2206 1464 2250 stringenda
1480 2212 1539 2240 est.

1588 2323 1628 2361 A
1659 2324 1917 2364 necessario.

1363 2404 1443 2438 Non
1468 2404 1647 2449 loquimur
1673 2406 1715 2438 de
1739 2407 1845 2440 stoica
1870 2407 2089 2446 necessitate,
2117 2406 2176 2439 sed
2200 2407 2243 2439 de

1262 2468 1319 2497 ea,
1355 2457 1398 2489 de
1423 2467 1490 2500 qua
1514 2455 1551 2488 in
1576 2457 1710 2490 artibus
1732 2458 1880 2498 dicitur,
1908 2465 1947 2492 ut
1970 2458 2242 2491 demonstratio-

1261 2519 1322 2540 nes
1339 2506 1552 2540 necessariae
1569 2514 1666 2541 sunt:
1695 2508 1776 2541 item
1796 2510 1840 2541 de
1857 2521 1895 2541 ea
1905 2505 2044 2552 ‚⁸quam
2060 2508 2116 2541 lex
2131 2508 2243 2549 affert,

1261 2565 1300 2591 ut
1331 2564 1431 2602 pater
1456 2558 1649 2591 necessario
1675 2559 1736 2593 alit
1760 2560 1937 2599 sobolem,
1973 2558 2123 2597 scilicet,
2159 2559 2242 2604 quia

1234 2633 1236 2656 t
1262 2610 1315 2642 lex
1333 2610 1525 2652 praecepit:
1554 2620 1613 2642 seu
1629 2611 1670 2642 de
1687 2621 1740 2647 ea,
1767 2610 1907 2654 quaein
1926 2610 2076 2649 delectu,
2103 2617 2141 2644 ut
2157 2610 2242 2643 vitet

1235 2660 1512 2704 impossibilia,
1549 2660 1645 2702 eligit
1672 2660 1871 2704 possibilia,
1907 2667 1959 2693 ut:
1996 2660 2074 2693 'Non
2100 2672 2240 2705 possum
