2379 2948
163 113 258 150 1163

162 200 204 232 iis
229 197 291 243 qui
315 197 465 231 credunt
495 195 611 229 abolet
643 199 823 237 peccatum
854 198 888 225 et
915 198 1078 229 mortem,
1112 195 1148 222 et

159 251 269 282 donat
296 249 344 281 eis
368 247 540 280 iusticiam
564 252 596 278 et
613 244 721 278 vitam
754 250 952 284 aeternam,
983 249 1024 276 ut
1047 240 1147 274 Psal-

160 311 238 333 inus
256 299 388 344 inquit:
423 296 610 335 Ascendit,
639 295 811 338 captivam
838 294 938 327 duxit
964 291 1147 336 captivita-

161 358 230 384 tem
250 357 310 383 etc.
365 348 466 381 Item:
494 345 726 388 Evangelium
751 352 801 378 est
825 344 981 389 potentia
1010 342 1076 376 Dei
1103 342 1145 375 ad

161 402 308 434 salutem
332 398 430 432 omni
457 397 624 431 credenti.
684 395 865 440 Significat
900 395 1007 438 igitur
1034 400 1067 427 et
1090 390 1147 425 hic

162 451 320 484 Psalinus
347 449 480 482 abolito
503 447 699 481 ministerio
723 447 901 487 Levitico,
933 444 1146 488 agnitionem

162 500 268 535 huius
283 500 412 534 summi
430 499 619 532 sacerdotis
635 510 770 542 semper
788 498 825 530 in
841 495 994 530 Ecclesia
1006 520 1014 533 ‚
1042 495 1144 528 etiam

163 553 200 584 in
215 550 282 585 bac
297 550 439 584 mortali
465 551 535 583 vita
554 561 755 582 mansuram
775 560 866 588 esse,
894 548 974 592 quia
996 545 1148 578 incoatio

162 602 336 635 Ecclesiae
363 602 399 634 fit
427 601 464 633 in
490 599 554 633 hac
577 601 669 643 vita,
705 600 793 633 sicut
820 606 852 632 et
881 610 984 641 snpra
1015 596 1147 629 dictum

163 661 230 687 est:
261 652 406 694 Virgam
432 651 530 695 regni
550 652 602 684 tui
628 651 762 684 emittet
784 649 958 682 Dominus
981 659 1020 680 ex
1047 646 1151 687 Zion,

165 713 197 738 et
216 704 398 737 dominare
415 702 452 734 in
474 702 589 734 medio
607 702 835 734 inimicorum
853 706 1007 732 tuorum.

265 753 359 786 Haec
377 753 569 786 consolatio
587 750 650 785 hoc
668 753 743 784 loco
762 750 945 793 cogitanda
968 755 1037 787 est,
1065 746 1150 779 etin

164 806 228 840 liae
246 804 385 838 mortali
406 804 474 836 vita
495 815 632 847 semper
655 803 789 846 aliquas
806 802 880 834 sore
900 799 1068 843 reliquias
1083 795 1151 830 Ec-

164 857 289 891 clesiae
305 854 393 894 Dei,
421 865 530 898 usquc
549 855 590 886 ad
608 852 898 886 resurrectionem
918 857 1152 888 mortuorum,

164 919 251 953 quae
271 912 390 949 postea
406 917 485 937 cum
511 917 647 937 summo
663 904 841 936 sacerdote
861 903 898 934 in
922 901 1021 934 omni
1041 906 1152 932 aeter-

164 959 273 992 nitate
290 956 402 995 vivet,
431 963 462 988 et
480 954 592 988 Deum
611 954 820 993 celebrabit,
845 953 941 985 iuxta
958 949 1043 984 haec
1062 950 1152 982 dicta

164 1005 294 1042 Matth.
311 1007 389 1041 ult.:
419 1004 508 1038 Ecce
525 1017 586 1048 ego
606 1005 786 1037 vobiscum
804 1015 880 1036 sum
899 1002 1066 1035 omnibus
1080 1001 1154 1033 die—

164 1061 231 1093 bus
249 1069 359 1102 usque
374 1058 417 1089 ad
435 1055 774 1089 consummationem
792 1054 911 1088 seculi.
947 1052 1066 1087 1.C0r‚
1081 1051 1154 1084 11.:

165 1108 392 1144 Annunciate
409 1114 557 1139 mortem
570 1105 716 1139 Domini
734 1106 847 1138 donec
864 1104 992 1136 veniat.
1027 1099 1156 1135 Matth.

165 1161 226 1195 24.
241 1173 246 1191 :
283 1157 362 1191 Erit
377 1158 466 1191 sicut
483 1157 519 1189 in
537 1157 661 1189 diebus
677 1155 772 1196 Noe,
800 1157 870 1188 duo
887 1161 989 1188 erunt
1009 1153 1045 1186 in
1063 1163 1157 1194 agro,

166 1221 258 1245 unus
292 1214 510 1247 assumetur,
553 1208 641 1241 alter
682 1207 904 1251 relinquetur
934 1212 998 1239 etc.
1050 1202 1155 1236 Item:

167 1261 251 1296 Dies
267 1260 325 1293 isti
341 1259 644 1292 abbreviabuntur
655 1264 798 1301 propter
814 1257 950 1290 electos.
977 1254 1069 1289 Dan.
1084 1254 1157 1287 12:

168 1313 209 1346 In
235 1319 391 1353 tempore
418 1309 479 1342 illo
505 1316 621 1351 surget
637 1306 793 1342 Michaell
812 1309 882 1341 dux
904 1317 1070 1349 magnus,
1098 1303 1158 1348 qui

170 1369 238 1396 stat
260 1373 324 1405 pro
349 1360 429 1393 filiis
452 1359 576 1403 populi
602 1360 675 1399 sui,
700 1365 733 1391 et
761 1359 828 1392 erit
850 1365 987 1401 tempus
1009 1355 1160 1389 tribula-

170 1413 298 1451 tionis,
323 1412 426 1455 quale
452 1422 525 1442 non
548 1410 615 1442 suit
635 1422 675 1442 ex
696 1421 765 1454 quo
791 1415 909 1451 gentes
928 1408 1088 1445 fuerunt,
1116 1405 1157 1437 ad

170 1465 207 1497 id
233 1469 391 1506 tempus,
425 1467 459 1494 et
488 1459 551 1493 illo
584 1466 739 1503 tempore
769 1459 979 1492 liberabitur
1008 1455 1161 1500 populus

171 1522 274 1553 tuus,
301 1512 417 1545 omnis
435 1511 497 1555 qni
516 1510 665 1554 scriptus
685 1511 849 1542 inventus
866 1509 973 1542 fuerit
999 1508 1036 1540 in
1054 1507 1159 1539 libro.

172 1564 296 1598 Esaiae
311 1561 387 1596 46.:
418 1561 615 1596 Gestamini
632 1561 669 1592 in
685 1567 787 1593 utero
809 1571 903 1600 meo,
932 1559 1035 1592 etiam
1053 1558 1090 1589 in
1107 1568 1161 1588 se-

172 1621 274 1648 necta
292 1620 325 1646 et
343 1612 380 1644 in
398 1611 530 1644 canicie
550 1623 611 1643 vos
626 1611 780 1654 gestabo.
833 1608 959 1643 Esaiae
973 1607 1050 1641 59.:
1080 1606 1161 1650 Spi-

174 1667 263 1699 ritus
280 1674 377 1696 meus
395 1662 455 1707 qui
480 1668 529 1694 est
547 1661 584 1693 in
602 1668 652 1701 te,
681 1668 713 1694 et
730 1661 839 1693 verba
862 1672 938 1693 mea
957 1670 1045 1704 quae
1062 1657 1162 1701 posui

175 1718 213 1749 in
231 1727 291 1749 ore
313 1721 394 1751 tuo,
420 1725 491 1745 non
516 1713 680 1744 recedent
698 1712 741 1744 ab
766 1723 826 1743 ore
848 1717 928 1751 tuo,
954 1721 1019 1742 nec
1043 1709 1086 1741 ab
1104 1719 1164 1740 ore

176 1765 321 1800 seminis
346 1764 418 1803 tui,
443 1763 528 1796 dicit
550 1761 746 1799 Dominus,
775 1773 871 1794 nunc
896 1768 928 1794 et
946 1760 1111 1802 deinceps
1128 1758 1164 1790 in

177 1825 373 1851 aeternum.

280 1867 336 1899 Ad
349 1863 433 1898 haec
445 1863 645 1898 testimonia
664 1863 877 1905 adiungatur
887 1867 919 1893 et
935 1857 1003 1892 hoc
1015 1859 1165 1892 dictum:

179 1918 239 1951 Tu
255 1929 290 1950 es
317 1917 477 1949 sacerdos
496 1915 533 1947 in
551 1921 731 1946 aeternum
753 1919 816 1946 etc.
869 1910 915 1943 Et
935 1911 1085 1944 recitans
1111 1921 1164 1942 ar-

179 1968 328 2002 ticulum
361 1966 398 1998 in
425 1965 604 2010 symbolo:
639 1963 754 1997 Credo
789 1961 983 1996 Ecclesiam
1018 1958 1168 1994 catholi-

182 2031 276 2057 cam,
301 2015 367 2049 hac
383 2023 416 2049 te
434 2015 675 2048 consolatione
699 2019 908 2052 sustentato,
935 2012 1028 2056 quod
1055 2009 1169 2044 adhuc

182 2070 227 2103 sit
240 2066 396 2102 Ecclesia
413 2065 497 2106 Dei,
523 2066 617 2110 quod
636 2076 708 2097 non
725 2064 891 2096 reiectum
911 2062 955 2095 sit
980 2068 1092 2095 totum
1111 2073 1169 2104 ge-

182 2131 251 2153 nus
267 2117 463 2151 humanum
482 2115 584 2149 aDeo
596 2142 604 2155 ,
633 2115 727 2160 quod
744 2113 993 2158 promissiones
1009 2125 1082 2145 non
1101 2112 1171 2145 sint

184 2170 325 2210 irritae,
352 2175 386 2202 et
405 2168 532 2210 cogites
553 2178 641 2211 quae
668 2173 701 2199 et
717 2165 777 2198 ubi
796 2164 839 2197 sit
854 2161 1011 2196 Ecclesia
1029 2163 1113 2203 Dei,
1140 2170 1169 2196 et

186 2221 338 2265 teipsum
356 2220 556 2252 membrum
580 2228 652 2250 esse
669 2215 863 2253 Ecclesiae,
891 2221 923 2247 et
940 2214 1002 2247 tibi
1021 2213 1171 2258 promis-

188 2273 302 2305 siones
320 2277 412 2303 ratas
430 2281 502 2302 esse
520 2268 718 2301 firmissime
736 2265 879 2300 statuito
891 2291 899 2305 ,
925 2271 959 2297 et
983 2265 1173 2297 confessio—

187 2335 251 2363 ne,
277 2320 500 2354 invocatione
524 2326 557 2353 et
582 2319 764 2351 voluntate
786 2316 990 2360 ubicunque
1012 2327 1047 2347 es
1064 2322 1095 2348 te
1115 2327 1174 2347 ve-

189 2385 247 2406 rae
263 2370 441 2405 Ecclesiae
465 2370 660 2413 adiungito.
718 2368 817 2401 Haec
841 2377 918 2410 spes
943 2377 1084 2411 qnoque
1109 2366 1172 2399 tibi

192 2424 331 2456 dolores
356 2422 481 2461 leniat,
521 2427 625 2465 teque
654 2420 690 2452 in
715 2418 897 2452 doctrinae
923 2416 1175 2461 propagatione

193 2474 395 2512 confirmet,
432 2473 526 2516 quod
552 2477 683 2504 certum
709 2477 760 2503 est
785 2470 827 2503 ad
851 2474 1007 2512 posteros
1037 2479 1176 2512 quoque

193 2535 393 2557 mansuram
418 2534 489 2555 esse
514 2520 729 2562 Ecclesiam,
756 2527 789 2553 et
809 2520 927 2564 aliqua
945 2517 1121 2551 Ecclesiae
1144 2525 1176 2551 et

196 2573 375 2608 doctrinae
398 2570 561 2616 hospitia.

296 2622 398 2656 Hanc
417 2623 692 2656 consolationem
720 2622 811 2656 inter
827 2628 940 2654 tantas
964 2620 1085 2653 ruinas
1110 2620 1176 2652 im-

197 2675 394 2720 periorum,
422 2673 458 2704 in
481 2674 586 2707 tantis
611 2672 921 2718 dissipationibus,
949 2670 1178 2704 necessariam

757 104 881 141 PHIL.
909 102 1028 142 MEL.
1054 100 1265 140 SCRIPTA
1292 97 1594 135 EXEGETICA.

2093 102 2190 138 1164

1201 199 1292 228 esse,
1317 185 1484 220 omnibus
1502 184 1726 230 perspicuum
1744 191 1814 226 est,
1841 192 1874 219 et
1890 185 2031 231 quidem
2049 187 2128 222 ideo
2146 189 2189 221 de

1201 247 1376 284 postrema
1395 243 1530 270 senecta
1548 236 1694 276 mundi,
1721 236 1915 279 singulares
1939 238 2189 281 promissiones

1200 289 1350 323 traditae
1366 294 1468 327 sunt,
1497 288 1579 332 quia
1602 287 1713 320 moles
1731 287 1967 330 periculorum
1991 295 2024 321 et
2044 289 2188 322 calami-

1202 347 1312 374 tatum
1336 339 1448 371 maior
1472 339 1556 378 erit,
1584 350 1688 382 quam
1705 338 1773 371 suit
1796 345 1907 371 antea.
1962 337 2044 371 ldeo
2066 339 2102 371 in
2118 339 2191 373 Da-

1202 391 1294 424 niele
1310 390 1455 423 dicitur:
1485 386 1640 422 Michael
1658 390 1728 422 dux
1747 400 1893 432 magnus
1909 390 2014 423 stabit
2032 402 2094 433 pro
2110 390 2192 423 filiis

1201 441 1323 486 populi
1345 441 1417 480 sui,
1444 438 1539 473 bunc
1557 441 1680 472 ducem
1706 440 1927 480 invocemus,
1954 447 1992 474 ut
2011 452 2075 473 nos
2097 447 2193 484 regat

1203 499 1235 526 et
1259 492 1459 532 confirmet,
1487 497 1600 523 servet
1623 488 1798 523 Ecclesiae
1825 490 1991 534 reliquias
2013 491 2105 524 inter
2127 502 2192 524 nos

1205 543 1309 576 etiam
1329 543 1371 574 ad
1392 541 1647 585 posteritatem,
1674 547 1708 574 et
1730 542 1882 585 depellat
1901 541 2080 583 diabolos,
2102 554 2194 586 quo-

1203 606 1282 627 rum
1309 605 1348 626 eo
1366 604 1461 624 nunc
1483 592 1598 624 rabies
1622 591 1734 624 maior
1752 599 1821 633 est,
1851 592 1932 637 quia
1954 592 2070 625 sciunt
2093 591 2195 625 brevi

1205 650 1392 677 venturum
1422 653 1492 675 csse
1522 642 1714 682 iudicium,
1742 642 1821 675 ideo
1846 643 1882 675 in
1903 643 1950 675 eis
1967 643 2077 686 magis
2094 643 2195 676 ardet

1205 695 1378 738 cupiditas
1395 693 1589 731 vindictae,
1617 699 1650 725 et
1669 694 1793 726 caeteri
1807 694 1966 737 furores,
1994 693 2077 727 item
2099 694 2196 737 apud

1206 744 1346 779 Esaiam
1366 755 1524 787 expresse
1542 743 1675 776 dictum
1699 750 1764 777 est:
1793 743 1832 777 In
1854 752 1989 778 senecta
2007 751 2040 777 et
2060 743 2195 778 canicie

1207 804 1240 831 te
1258 795 1399 838 gestabo
1411 821 1420 835 ,
1448 795 1535 827 sicut
1550 794 1693 837 gravida
1713 800 1824 827 mater
1841 795 1973 828 foetum
1990 802 2053 829 etc.

1307 845 1497 890 Postquam
1521 846 1564 877 de
1591 845 1786 878 sacerdotio
1805 845 1912 886 dixit,
1940 846 2031 879 redit
2054 846 2096 878 ad
2114 856 2198 879 nar-

1208 897 1381 930 rationem
1399 895 1581 928 victoriam
1601 906 1689 939 quae
1713 896 1853 939 proprie
1873 896 2080 929 tribuuntur
2097 896 2196 939 regio

1208 948 1339 980 officio:
1373 944 1564 978 Dominus
1589 958 1612 978 a
1639 943 1780 978 dextris
1804 945 1877 984 luis
1900 945 2055 992 percutit
2078 945 2117 979 in
2142 945 2199 979 die

1209 999 1286 1031 irae
1310 1009 1399 1030 suae
1427 1007 1543 1041 reges,
1580 995 1716 1029 iudicat
1741 995 1836 1029 inter
1859 1001 2000 1041 gentes,
2037 995 2199 1030 cumulat

1209 1046 1408 1086 cadavera,
1435 1046 1588 1092 percuti!
1605 1046 1643 1079 in
1659 1051 1755 1079 terra
1779 1052 1886 1093 caput
1903 1059 2089 1093 magnum.
2132 1047 2200 1081 His

1209 1100 1326 1133 verbis
1342 1099 1499 1131 defensio
1513 1096 1689 1131 Ecclesiae
1706 1098 1743 1131 in
1761 1096 1826 1131 hac
1844 1099 1932 1139 vita,
1960 1106 1993 1133 et
2007 1106 2126 1143 postea
2143 1098 2202 1131 in-

1210 1159 1305 1194 tegra
1337 1149 1500 1182 liberatio
1525 1149 1793 1189 describuntur,
1829 1156 1861 1182 et
1885 1149 2075 1182 collatione
2099 1161 2202 1194 prae-

1211 1201 1363 1235 sentium
1389 1200 1629 1244 periculorum
1653 1207 1686 1233 et
1712 1200 1953 1241 miseriarum,
1990 1207 2023 1233 et
2046 1207 2203 1234 servatae

1212 1251 1388 1286 Ecclesiae
1413 1251 1578 1283 omnibus
1602 1251 1840 1294 temporibus,
1866 1251 1904 1285 fit
1927 1251 2100 1285 illustrior
2121 1262 2203 1284 sen-

1213 1303 1340 1336 tentia:
1370 1301 1505 1335 etiamsi
1526 1301 1656 1345 pariter
1671 1301 1824 1339 diaboli,
1853 1308 1887 1335 et
1912 1302 2079 1346 imperia,
2106 1301 2203 1334 Tur-

1213 1355 1345 1391 cicum,
1372 1352 1620 1392 Pontificium,
1648 1350 1778 1394 Regia,
1812 1363 2019 1395 magnarum
2042 1351 2200 1395 gentium

1215 1404 1314 1441 odia,
1350 1400 1606 1435 baereticorum
1633 1408 1666 1435 et
1692 1408 1866 1435 sectarum
1890 1403 2049 1441 furores,
2084 1402 2201 1435 delere

1214 1453 1406 1487 Ecclesiam
1432 1459 1622 1492 conantur,
1648 1458 1765 1485 tamen
1789 1464 1864 1485 eam
1890 1459 2050 1498 proteget
2073 1459 2107 1486 et
2130 1464 2202 1485 ser-

1215 1505 1311 1537 vabit
1337 1503 1500 1543 Messias,
1535 1510 1568 1536 et
1596 1504 1738 1535 tandem
1771 1503 1936 1536 omnibus
1964 1501 2018 1536 bis
2043 1501 2205 1536 hostibus

1216 1554 1399 1598 repressis,
1428 1560 1461 1586 et
1484 1553 1643 1597 imperiis
1665 1553 1792 1586 mundi
1818 1553 1962 1595 deletis,
1988 1564 2134 1598 prorsus
2161 1553 2207 1586 li-

1218 1604 1354 1638 berabit
1373 1615 1458 1636 eam.

1320 1655 1473 1687 Accedat
1505 1660 1622 1686 autem
1654 1653 1739 1687 fides
1771 1655 1812 1687 ad
1848 1652 1911 1687 has
1943 1654 2208 1699 promissiones,

1219 1717 1285 1751 qua
1303 1717 1368 1737 nos
1388 1705 1480 1748 ipsos
1497 1704 1589 1737 inter
1606 1704 1744 1738 assidua
1770 1705 1941 1749 pericula,
1968 1717 2032 1738 nos
2050 1703 2105 1738 his
2121 1717 2208 1738 con-

1219 1756 1453 1790 solationibus
1479 1761 1723 1788 sustentemus.
1787 1755 1947 1789 Sciamus
1972 1753 2066 1789 hunc
2091 1767 2208 1799 regem

1221 1807 1352 1840 Filium
1371 1805 1436 1838 Dei
1460 1817 1540 1838 vere
1565 1806 1749 1839 nobiscum
1775 1817 1865 1845 esse,
1892 1806 1981 1841 sicut
2003 1807 2209 1841 nominatur

1221 1857 1409 1897 Emanuel,
1437 1868 1501 1889 nos
1517 1868 1597 1889 vere
1612 1857 1748 1900 protegi
1766 1863 1797 1889 et
1814 1858 1945 1890 servari
1963 1858 2007 1890 ab
2024 1870 2065 1890 eo
2081 1864 2112 1890 et
2129 1865 2209 1891 tan-

1222 1920 1328 1954 quam
1351 1908 1426 1940 eius
1449 1919 1556 1940 manu
1581 1907 1725 1949 gestari,
1754 1908 1842 1940 sicut
1862 1907 2035 1942 Israelitas
2058 1908 2094 1940 in
2119 1908 2209 1941 mari

1222 1960 1331 1993 rubro
1357 1965 1487 1998 servat,
1515 1969 1575 1991 seu
1600 1958 1787 1991 Danielem
1812 1958 1905 1992 inter
1926 1959 2054 1991 leones.
2113 1957 2210 1992 Haec

1223 2009 1416 2044 consolatio
1441 2009 1642 2052 saepissime
1656 2009 1801 2052 repetita
1829 2015 1897 2048 est,
1931 2016 1971 2042 ut
1994 2007 2140 2042 zachar.
2158 2008 2210 2045 4.:

1225 2061 1316 2094 Cum
1335 2060 1494 2092 rediisset
1512 2071 1550 2092 ex
1562 2058 1744 2104 Babylone
1760 2059 1904 2092 inermis
1922 2060 2115 2093 multitudo
2132 2072 2211 2093 cum

1224 2111 1360 2154 magnis
1386 2110 1585 2152 agminibus
1611 2109 1820 2147 mulierum,
1850 2110 2069 2153 puellarum,
2092 2110 2213 2144 infan-

1226 2170 1300 2196 tum
1326 2173 1389 2194 nec
1416 2160 1599 2205 praesidiis
1630 2171 1665 2193 se
1690 2160 1896 2199 defendere,
1932 2173 1996 2194 nec
2025 2161 2213 2195 moenibus

1227 2221 1340 2255 tegere
1357 2218 1506 2255 possent,
1529 2211 1732 2244 consolatur
1747 2222 1805 2244 eos
1819 2209 2005 2253 Dominus,
2030 2211 2213 2257 inquiens:

1228 2264 1307 2297 Non
1331 2263 1368 2295 in
1391 2262 1564 2301 exercitu,
1596 2274 1668 2294 non
1694 2261 1730 2294 in
1755 2262 1900 2302 robore,
1933 2264 1992 2296 sed
2024 2263 2061 2295 in
2087 2263 2214 2307 spiritu

1229 2326 1323 2354 meo,
1348 2313 1433 2346 dicit
1450 2312 1645 2352 Dominus,
1672 2312 1707 2345 id
1728 2320 1796 2353 est,
1822 2313 1969 2347 servabo
1994 2325 2070 2354 eos,
2099 2320 2132 2347 et
2152 2326 2212 2347 ero

1229 2376 1351 2398 murus
1367 2364 1490 2407 igneus
1504 2363 1541 2395 in
1559 2363 1708 2396 circuitu
1731 2375 1851 2396 eorum
1863 2391 1872 2404 ,
1899 2364 2033 2398 etiamsi
2053 2376 2117 2397 nec
2132 2376 2215 2398 mu-

1230 2427 1288 2449 ros
1305 2413 1437 2448 habent
1454 2426 1517 2446 nec
1535 2411 1687 2447 humana
1704 2414 1892 2457 praesidia.
1941 2413 1989 2449 Et
2000 2421 2117 2448 tamen
2134 2414 2215 2448 talis

1229 2473 1279 2500 est
1317 2465 1538 2498 imbecillitas
1576 2462 1783 2505 bominum,
1824 2471 1864 2499 ut
1896 2476 2032 2509 semper
2062 2465 2215 2498 circum·-

1230 2523 1385 2561 spectent
1416 2515 1527 2555 oculi,
1572 2523 1743 2560 quaerant
1780 2516 2020 2555 defensiones,
2060 2512 2216 2549 bumana

1230 2567 1423 2612 praesidia,
1457 2567 1618 2606 foedera,
1652 2567 1841 2607 exercitus,
1875 2578 1939 2600 nec
1962 2566 2072 2600 velint
2095 2578 2114 2599 a
2138 2565 2215 2599 Deo

1231 2625 1410 2662 expectare
1429 2617 1679 2650 defensionem.
1734 2616 1858 2651 Postea
1876 2616 1979 2650 motis
1998 2617 2103 2650 armis
2122 2617 2216 2650 mul-

1234 2677 1266 2703 ta
1282 2669 1371 2703 fiunt
1391 2680 1463 2701 non
1481 2668 1690 2712 pertinentia
1713 2669 1758 2702 ad
1777 2667 1978 2702 Ecclesiam.
2032 2667 2217 2702 Discamus
