2379 2948
149 111 221 147 195
707 112 773 152 111.

150 249 291 283 ciendas
310 257 343 284 et
359 251 595 284 observandas
621 257 730 283 metas
756 250 794 282 in
820 250 1019 283 iudicandis
1039 249 1132 282 mul-

149 300 194 334 tis
209 301 449 344 opinionibus.
502 301 596 334 Haec
618 300 832 334 adsuefactio
849 300 1132 335 moderationem

149 357 183 384 et
205 352 291 386 alias
310 363 453 394 magnas
474 351 619 384 virtutes
642 350 716 385 alit.

314 450 417 494 Quod
444 454 499 485 est
525 449 736 486 subiectum
762 450 963 497 physices?

248 526 393 569 Semper
408 525 542 558 artibus
567 526 622 558 vel
654 526 820 567 ambitio,
847 527 902 559 vel
927 525 1131 570 petulantia,
1155 536 1157 542 ⁴

147 577 202 609 vel
220 577 370 611 stulticia
390 576 614 618 ingeniorum
633 577 760 610 multas
788 577 909 610 inanes
935 577 1130 610 cavillatio-

147 639 208 660 nes
222 627 370 660 miscuit.
423 626 474 660 lta
500 634 532 659 et
548 628 590 659 de
608 627 788 668 subiectis,
815 640 894 661 cum
918 627 955 660 in
977 627 1056 660 aliis
1073 638 1130 660 ar-

146 678 239 712 tibus
255 684 329 711 tum
353 689 436 710 vero
454 678 490 709 in
511 675 652 721 physica
679 679 810 711 multae
831 679 926 711 rixae
953 678 1130 720 leguntur,

144 738 229 773 quas
249 740 322 761 non
338 739 512 763 recenseo,
547 727 701 762 Tantum
728 730 926 762 monendus
947 735 997 761 est
1020 729 1130 761 lector

143 783 185 816 de
202 780 385 813 vocabulo.
437 773 642 811 Subiectum
660 779 831 821 significat
848 779 1041 819 materiam,
1068 790 1129 811 seu

143 837 248 875 caput
280 829 435 873 negocii,
485 830 527 862 de
566 842 635 874 quo
670 830 913 873 principaliter
942 829 978 862 in
1008 829 1128 874 aliquo

143 882 271 925 scripto
287 881 435 921 dicitur,
461 887 499 913 ut
518 880 653 913 Aeneas
670 887 718 914 est
739 881 936 914 subiectum
954 880 1127 924 poematis

144 931 345 975 Virgiliani.

248 981 360 1025 Vulgo
379 988 494 1014 autem
521 981 645 1015 dieunt
668 982 797 1026 duplex
821 993 894 1014 esse
919 981 1127 1021 subiectum,

143 1033 289 1077 simplex
319 1039 352 1066 et
377 1032 610 1076 complexum.
681 1032 838 1077 Simplex
864 1039 1011 1072 vocant,
1047 1043 1126 1064 cum

142 1084 237 1117 velut
252 1084 356 1117 titulo
374 1095 443 1116 una
461 1095 544 1115 voce
562 1083 797 1125 significatur,
826 1084 869 1115 de
888 1094 955 1126 qua
974 1094 1010 1115 re
1026 1094 1128 1125 prae-

142 1135 243 1178 cipue
261 1141 394 1177 agatur.
430 1132 517 1166 Tale
533 1135 728 1167 subiectum
746 1134 783 1165 in
802 1131 953 1178 physicis
972 1140 1022 1166 est
1038 1131 1125 1165 Cor-

142 1197 207 1228 pus
226 1185 394 1218 naturale.
449 1183 496 1216 Et
515 1185 654 1227 propria
675 1185 788 1227 passio
807 1185 881 1217 eius
902 1190 951 1216 cst
978 1183 1126 1216 Mobile.

143 1235 218 1268 Hoc
236 1241 304 1274 est,
335 1235 378 1267 de
402 1245 547 1277 corpore
573 1235 726 1268 naturali
751 1241 971 1278 quaeruntur
995 1244 1128 1274 causae,

140 1298 180 1319 ex
196 1285 324 1330 quibus
339 1285 521 1324 oriuntur,
549 1291 581 1317 et
596 1291 815 1329 quaeruntur
828 1296 950 1318 causae
966 1290 1126 1317 motuum

143 1344 175 1369 et
192 1336 426 1368 mutationum
444 1334 480 1365 in
499 1344 551 1366 eo.

241 1385 309 1419 Sed
323 1384 543 1427 complexum
561 1383 757 1417 subiectum
770 1391 896 1416 vocant
915 1384 1126 1427 propositio-

140 1448 221 1470 nem
237 1435 468 1480 principalem
486 1434 619 1478 operis‚
646 1446 789 1478 prorsus
811 1441 850 1468 ut
876 1432 1034 1467 rhetores
1056 1441 1126 1467 sta-

139 1496 215 1522 tum
232 1486 418 1520 nominant
443 1485 480 1517 in
498 1485 669 1518 oratione.

242 1536 402 1570 Dicimus
431 1535 537 1579 igitur
567 1536 603 1568 in
629 1533 783 1581 physicis
805 1535 1001 1568 subiectum
1031 1547 1127 1568 com-

139 1591 280 1636 plexum
296 1599 368 1621 esse
387 1584 468 1627 hoc,
496 1597 622 1631 corpus
646 1585 806 1619 naturale
827 1583 930 1619 habet
947 1597 1026 1618 suas
1043 1598 1127 1630 pro-

140 1642 324 1686 prietates,
359 1649 445 1682 quas
470 1637 605 1682 inquiri
628 1648 766 1670 necesse
789 1643 859 1677 est,
889 1643 1044 1676 motum,
1073 1636 1126 1669 lo-

141 1704 241 1729 cum,
269 1697 426 1731 tempuS,
459 1688 694 1722 alterationes.

243 1740 318 1773 Hac
336 1739 434 1772 brevi
459 1739 703 1771 admonitione
721 1739 763 1770 de
788 1737 945 1771 subiecto
968 1737 1127 1771 contenti

143 1794 271 1829 simus,
299 1791 336 1822 in
358 1801 426 1834 qua
451 1789 572 1822 volens
597 1789 720 1822 omitto
744 1788 938 1821 ineruditas
957 1795 990 1822 et
1004 1788 1126 1830 longas

143 1844 335 1876 multorum
366 1841 476 1879 rixas,
517 1851 607 1884 quae
639 1851 712 1872 non
737 1838 921 1872 continent
946 1850 1000 1871 res
1023 1839 1126 1871 utiles

140 1892 302 1928 discenti,
355 1890 423 1924 Sed
451 1891 533 1923 satis
565 1897 615 1922 est
645 1889 823 1922 auditores
853 1889 1127 1929 commonefieri,

142 1947 184 1978 de
209 1942 273 1977 hac
297 1939 497 1975 scholarum
523 1940 795 1978 consuetudine,
824 1952 891 1984 qua
911 1939 1063 1982 primum
1083 1941 1126 1972 de

143 1996 299 2030 subiecto
319 1993 511 2038 quaeritur,
535 1992 630 2036 quod
649 2003 689 2024 eo
705 1991 752 2031 fit,
777 1997 815 2023 ut
832 1990 935 2023 initio
953 1991 1125 2032 significe—

142 2054 221 2089 tur,
247 2057 314 2090 qua
340 2044 383 2076 de
401 2055 438 2076 re
457 2043 586 2076 dicturi
603 2043 723 2082 simus,
750 2047 782 2074 et
799 2041 884 2074 sciat
902 2041 1043 2074 auditor
1059 2041 1126 2074 ali-

144 2097 340 2142 quomodo,
374 2094 462 2139 quid
486 2094 738 2137 expectandum
754 2092 810 2129 sit,
836 2099 873 2125 ut
893 2104 973 2124 cum
992 2092 1028 2124 in
1046 2104 1126 2125 ora-

144 2149 240 2182 tione
257 2153 364 2180 status
381 2157 440 2178 seu
457 2144 663 2188 principalis
677 2143 871 2188 propositio
888 2142 1126 2179 constituitur.

144 2199 288 2238 Fateor,
313 2196 427 2241 inquit
445 2195 587 2236 Cicero,
614 2194 780 2228 Clodium
809 2206 827 2226 a
853 2192 991 2226 Milone
1015 2194 1125 2227 inter-

144 2251 271 2283 fectum
290 2259 372 2282 esse.
425 2246 494 2281 Sed
519 2247 670 2279 defendo
696 2245 772 2278 iure
796 2244 1018 2277 interfectum
1043 2256 1127 2285 esse,

144 2308 176 2334 et
194 2305 376 2344 propterea
393 2297 567 2330 Milonem
585 2296 718 2330 absolvi
739 2302 829 2339 peto,
882 2294 978 2328 Haec
995 2308 1126 2340 propo-

144 2352 223 2385 sitio
251 2348 448 2383 subiectum
474 2355 523 2381 est
541 2347 761 2381 Milonianae
779 2345 961 2382 orationis.

242 2455 345 2494 Quae
372 2453 429 2484 est
457 2447 650 2484 methodus
673 2453 712 2485 in
738 2448 811 2483 Ῐιασ
839 2446 1037 2483 doctrina?

248 2527 453 2560 Aristoteles
468 2524 506 2557 in
524 2525 666 2557 exordio
684 2536 765 2558 suae
782 2522 942 2570 physices
961 2536 1034 2557 non
1051 2523 1127 2556 sine

146 2590 246 2614 causa
258 2576 324 2611 hoc
340 2578 454 2621 ipsum
466 2574 612 2620 quaerit,
629 2576 722 2607 unde
739 2575 782 2608 sit
798 2574 939 2620 physica
956 2575 1127 2615 doctrina,
1149 2581 1152 2597 ³

825 110 984 150 INITIA
1009 109 1304 148 DOCTRINAE
1332 111 1588 152 PHYSICAE.

149 197 328 240 doctrina,
355 210 436 233 cum
451 206 544 235 recte
560 206 594 235 et
608 199 726 234 sobrie
743 199 906 240 traditur,
933 199 977 232 ad
994 198 1134 243 pros'pi-
1185 197 1323 230 ostendi
1341 207 1504 242 possunt,
1537 201 1721 237 dubitatur
1742 203 1785 236 de
1808 203 2029 240 certitudine.

2098 123 2168 158 194

2082 208 2165 242 Dixi

1183 255 1299 281 autem
1317 259 1420 292 supra
1439 250 1505 283 tria
1531 264 1602 285 esse
1625 250 1794 300 κριτήρια
1820 255 1967 297 artium,
1993 257 2165 303 principia

1157 337 1159 343 γ
1183 304 1216 331 et
1234 299 1483 342 experientiam
1509 302 1761 345 universalem,
1789 312 1821 339 et
1845 306 2061 340 intellectum
2080 321 2166 342 con-

1183 349 1394 392 sequentiae.
1449 349 1512 382 llis
1537 353 1669 385 normis
1698 356 1747 387 uti
1766 368 1829 389 nos
1847 357 1883 389 in
1902 355 2074 402 physici5‚
2101 372 2165 404 po·-

1182 406 1251 431 stea
1269 407 1431 432 cernetur
1452 400 1488 432 in
1509 401 1579 443 ipsa
1599 403 1778 438 doctrinae
1804 407 1902 442 serie.

1286 449 1493 483 Aristoteles
1519 453 1729 493 generaliter
1753 459 1958 499 respondet,
1985 460 2071 493 duas
2092 473 2164 495 esse

1184 500 1256 532 vias
1287 501 1548 541 doctrinarum,
1586 502 1670 535 alias
1697 506 1838 546 procedi
1864 519 1883 539 a
1910 509 2022 542 causis
2046 513 2090 544 ad
2113 512 2165 545 ef-

1180 551 1301 591 fectus,
1326 563 1386 583 seu
1405 552 1448 584 ab
1467 552 1509 584 iis
1526 564 1615 596 quae
1635 560 1760 587 natura
1778 556 1894 598 priora
1914 566 1996 592 sunt
2014 562 2057 594 ad
2078 574 2165 596 con-

1181 601 1380 645 sequentia,
1408 608 1446 634 ut
1469 602 1566 645 prius
1592 603 1679 637 dicit
1704 613 1880 648 geometer
1903 608 1946 640 de
1970 610 2166 654 triangulis,

1181 658 1299 695 postea
1318 653 1360 684 de
1378 653 1640 697 quadrangulis.

1282 701 1383 735 Alias
1420 704 1621 747 proceditur
1649 705 1693 737 ab
1726 705 1906 741 effectibus
1930 714 1964 742 et
1991 710 2098 753 signis
2121 715 2166 746 ad

1180 763 1316 792 causas,
1341 765 1402 786 seu
1420 755 1464 787 ab
1483 755 1525 787 iis
1543 767 1632 799 quae
1656 762 1781 789 natura
1805 759 1998 800 posteriora
2023 768 2105 795 sunt
2122 764 2166 796 ad

1180 805 1442 846 praecedentia,
1476 811 1515 838 ut
1545 806 1702 839 medicus
1727 819 1767 839 ex
1791 809 1918 851 signis,
1947 810 2079 853 rigore,
2107 825 2165 846 ca-

1180 854 1266 893 lore,
1295 862 1393 888 motu
1410 855 1569 896 arteriae,
1595 856 1727 890 iudicat
1741 869 1868 902 corpus
1887 860 2046 894 laborare
2062 862 2164 897 febri.

1180 903 1227 938 Ut
1249 911 1365 938 autem
1398 906 1531 939 medica
1557 918 1613 939 ars
1638 919 1763 950 magna
1787 921 1826 941 ex
1853 917 1969 953 parte,
2004 923 2044 944 ex
2063 925 2166 957 expe-

1180 955 1306 988 rientia
1327 956 1520 995 extruitur,
1549 964 1582 990 et
1607 958 1651 990 ad
1678 955 1769 991 hanc
1794 960 1968 1005 principia
1993 965 2166 1006 quaedam

1179 1006 1390 1039 conserenda
1407 1014 1500 1045 sunt,
1529 1014 1568 1041 ut
1586 1020 1664 1040 cum
1682 1010 1852 1052 comperit
1865 1023 1990 1055 corpus
2006 1012 2167 1048 laborare

1179 1056 1289 1096 febri,
1336 1058 1490 1090 remedia
1530 1056 1694 1098 adhibet,
1745 1060 1813 1092 alia
1853 1073 1941 1106 quae
1980 1060 2166 1098 humorem

1181 1106 1344 1138 biliosum
1391 1108 1591 1150 expellunt,
1645 1109 1712 1142 alia
1751 1122 1840 1154 quae
1882 1110 2070 1155 prohibent
2110 1116 2166 1148 in-

1179 1157 1302 1189 cendia
1329 1155 1517 1190 humorum
1544 1165 1576 1191 et
1602 1160 1732 1203 epatis,
1761 1160 1867 1193 simul
1891 1170 2005 1195 autem
2032 1165 2165 1207 princi—

1180 1207 1234 1248 pia
1260 1208 1428 1247 consulit,
1463 1215 1596 1241 remota
1623 1221 1742 1250 causa,
1778 1220 1979 1246 removetur
2012 1215 2165 1258 effectus,

1179 1264 1355 1291 contraria
1374 1259 1557 1291 contrariis
1582 1267 1762 1294 curantur.

1282 1307 1331 1340 lta
1350 1309 1509 1341 doctrina
1529 1306 1672 1354 physica
1690 1322 1814 1353 magna
1832 1324 1871 1345 ex
1885 1321 1982 1357 parte
2006 1322 2164 1351 extructa

1180 1364 1229 1391 est
1253 1369 1291 1390 ex
1316 1359 1547 1402 experientia,
1574 1360 1610 1391 in
1636 1372 1704 1404 qua
1728 1362 1925 1407 plerunque
1942 1365 2104 1399 ducimur
2120 1369 2165 1401 ab

1179 1408 1359 1440 effectibus
1386 1415 1417 1441 et
1441 1409 1549 1451 signis
1575 1410 1618 1441 ad
1645 1421 1778 1444 causas.
1824 1411 1872 1446 Ut
1899 1414 1979 1458 quia
2005 1416 2165 1452 videmus

1180 1465 1348 1502 perpetuo
1367 1459 1500 1491 moveri
1519 1458 1637 1492 Solem
1665 1461 1856 1495 certissima
1880 1464 1972 1506 lege,
1998 1467 2164 1501 adfirma-

1180 1519 1256 1541 mus
1276 1508 1394 1542 Solem
1414 1521 1485 1542 non
1505 1521 1576 1542 esse
1594 1522 1777 1545 accensum
1798 1525 1963 1556 vaporem
1982 1522 2074 1549 terra
2090 1519 2165 1551 edi-

1179 1565 1266 1593 tum.
1310 1559 1400 1592 Nam
1426 1558 1462 1592 hi
1495 1572 1642 1605 vapores
1664 1574 1681 1595 e
1706 1569 1797 1596 terra
1830 1562 2032 1600 exhalantes
2068 1569 2164 1602 varie

1179 1617 1394 1653 sparguntur
1410 1610 1446 1642 in
1464 1611 1556 1644 ae're.

1281 1658 1358 1693 Etsi
1383 1661 1490 1704 igitur
1513 1662 1690 1696 interdum
1717 1669 1750 1697 et
1776 1664 1830 1698 via
1857 1666 1935 1706 illa,
1963 1679 2051 1713 quae
2068 1670 2165 1705 ducit

1179 1723 1196 1744 a
1214 1711 1331 1755 priore
1348 1712 1502 1752 utimur,
1530 1719 1646 1746 tamen
1669 1711 1754 1747 haec
1783 1728 1801 1748 a
1827 1719 2018 1759 posteriore
2041 1733 2164 1763 proce-

1179 1763 1265 1795 dens
1282 1763 1501 1807 frequentior
1520 1770 1580 1799 est.
1626 1763 1730 1797 Videt
1749 1763 1913 1810 physicus
1932 1769 1997 1801 alia
2014 1781 2163 1815 corpora

1180 1813 1258 1845 aliis
1297 1813 1511 1856 simpliciora
1547 1820 1579 1846 et
1621 1815 1839 1849 durabiliora
1869 1829 1959 1859 esse,
1994 1820 2163 1855 discernit

1179 1863 1285 1905 igitur
1304 1863 1460 1903 coelum,
1489 1865 1582 1908 quod
1609 1871 1659 1897 est
1684 1873 1913 1909 perpetuum,
1941 1869 1984 1902 ab
2008 1871 2164 1905 elemen-

1179 1914 1235 1953 tis,
1258 1925 1346 1957 quae
1363 1920 1444 1946 sunt
1460 1915 1611 1947 obnoxia
1629 1914 1735 1948 variis
1748 1918 2015 1961 mutationibus,
2032 1922 2164 1956 discer-

1179 1964 1231 1996 nit
1264 1964 1434 1997 elementa
1468 1964 1560 1998 inter
1585 1977 1676 2006 sese,
1712 1978 1791 1999 cum
1815 1967 1989 2011 inveniat,
2024 1978 2162 2006 tantum

1179 2015 1248 2047 duo
1266 2026 1411 2058 corpora
1432 2015 1549 2048 minus
1568 2016 1676 2049 mixta
1699 2028 1838 2050 sursum
1863 2020 1965 2061 ferri,
1993 2022 2109 2065 ignem
2129 2031 2163 2058 et

1177 2066 1313 2104 aerem,
1341 2066 1411 2098 duo
1432 2067 1615 2104 deorsum,
1641 2078 1766 2112 aquam
1791 2075 1821 2100 et
1842 2076 1981 2104 terram.

1280 2116 1421 2149 Deinde
1445 2129 1523 2150 cum
1548 2117 1707 2150 omnium
1733 2119 1918 2162 qualitates
1943 2121 2099 2157 inveniat
2123 2126 2160 2158 in

1178 2166 1420 2200 animantibus
1443 2174 1476 2201 et
1507 2167 1544 2200 in
1571 2168 1718 2211 plantis,
1749 2169 1999 2206 animadvertit
2025 2185 2064 2206 ex
2087 2175 2159 2209 ele-

1178 2218 1306 2251 mentis
1323 2218 1409 2251 oriri
1427 2216 1511 2251 haec
1535 2218 1660 2259 mixta,
1696 2226 1728 2252 et
1763 2220 1971 2264 qualitatum
2003 2224 2158 2260 diversas

1177 2269 1332 2302 actiones
1349 2280 1431 2304 esse.
1466 2268 1571 2303 Calor
1586 2269 1673 2312 agit,
1700 2277 1885 2312 congregat
1902 2280 2059 2315 cognata,
2082 2277 2158 2318 pel-

1179 2321 1237 2361 lit,
1264 2320 1392 2353 dividit
1415 2320 1546 2360 aliena,
1581 2320 1734 2363 pascitur
1757 2318 1915 2356 humore.
1969 2323 2158 2363 Frigiditas

1177 2370 1355 2413 astringit,
1382 2382 1597 2413 congregans
1619 2376 1763 2412 cognata
1787 2377 1819 2403 et
1847 2371 1974 2408 aliena.
2027 2374 2158 2411 Humi-

1178 2422 1268 2454 ditas
1285 2421 1414 2464 replet,
1448 2421 1525 2453 fluit
1553 2427 1584 2454 et
1612 2419 1807 2464 liquefacit,
1829 2420 1964 2456 siccitas
1980 2427 2157 2466 terminat.

1144 2476 1147 2477 ’
1177 2471 1334 2504 Humida
1354 2472 1460 2504 mixta
1477 2471 1639 2503 destituta
1654 2470 1769 2503 calore
1786 2478 2002 2514 putrescunt.
2032 2475 2155 2514 Calida

1178 2523 1284 2556 mixta
1319 2522 1482 2555 destituta
1513 2518 1661 2553 humore
1691 2518 1865 2555 exhalant.
1923 2523 2087 2560 Calidum
2124 2539 2157 2565 et

1177 2574 1306 2607 siccum
1339 2572 1500 2613 dissipat,
1542 2570 1695 2604 calidum
1723 2578 1756 2605 et
1789 2570 1975 2608 humidum
2016 2579 2157 2614 ae'reum

149 2641 236 2676 quae
261 2629 305 2662 sit
326 2629 400 2660 eius
425 2623 631 2665 methodus,
663 2637 702 2658 ex
728 2625 858 2669 quibus
885 2625 1126 2658 fundamentis
1149 2618 1152 2656 l
1180 2624 1301 2666 exigua
1318 2621 1471 2655 siccitate
1495 2622 1651 2655 terrestri
1674 2622 1900 2658 terminatum
1928 2627 2096 2670 glutinat,
2123 2639 2156 2666 et

147 2680 244 2714 certis
267 2684 466 2718 extruatur,
503 2675 581 2722 quis
601 2676 644 2708 sit
669 2675 768 2709 ordo.
823 2674 900 2708 Nisi
924 2675 1019 2709 enim
1041 2673 1127 2709 haec
1148 2667 1152 2706 l

193 2732 369 2763 Mur-mirra.
400 2730 503 2762 Orza.
532 2728 614 2759 Vor-
634 2727 730 2760 XIII.

1178 2675 1216 2708 fit
1233 2674 1402 2706 viscosum
1422 2672 1610 2716 quiddam,
1636 2674 1731 2717 quod
1752 2682 1876 2709 vocant
1901 2676 2087 2724 γλισχρὸν.

1603 2722 1650 2757 13
