2379 2948
208 92 277 127 827

679 169 723 203 II.

313 237 416 280 Quod
435 235 528 268 Deus
545 230 756 264 mirabiliter
772 236 923 272 praestat
937 227 1196 273 promissiones,

209 297 241 323 et
257 295 369 322 servat
387 298 482 319 suam
497 282 700 322 Ecclesiam,
726 280 830 313 etiam
847 292 924 313 cum
943 280 1043 324 punit
1058 278 1195 322 impios.

670 356 734 390 111.

311 422 363 454 De
386 418 627 452 moderatione
646 416 825 449 victoriae.
890 414 991 455 Item,
1019 414 1113 458 quod
1142 424 1197 445 re-

210 486 290 518 gum
309 472 463 506 officium
482 470 526 502 sit
544 480 685 509 curare,
713 475 751 501 ut
768 468 930 500 iuventus
947 464 1163 498 instituatur.

665 542 745 576 llll.

311 606 471 641 Danielis
495 612 528 637 et
550 604 657 637 trium
676 601 950 634 Adolescentum
967 601 1051 632 fides
1071 606 1103 633 et
1119 611 1199 643 per-
1224 598 1227 611 ¹

801 82 926 116 PHIL.
958 80 1073 116 MEL.
1105 77 1316 115 SCRIPTA
1344 76 1645 115 EXEGETICA.

2161 83 2234 118 828

1714 170 1764 201 Il.

1351 226 1403 260 De
1423 228 1578 261 secundo
1597 227 1674 260 loco
1694 227 1796 260 etiam
1813 233 1931 261 extant
1948 228 2078 262 multae
2094 230 2236 262 concio-

1249 290 1310 311 nes
1334 280 1426 322 apud
1443 278 1647 319 Ieremiam,
1677 278 1782 320 Quod
1806 278 2056 321 promissiones
2074 291 2146 312 non
2165 280 2236 314 sint

1222 324 1224 375 s
1250 329 1386 370 irritae,
1414 337 1446 363 et
1463 336 1579 363 tamen
1596 329 1694 373 impii
1714 328 1927 372 puniantur,
1954 336 1988 362 et
2004 329 2138 363 interea
2155 343 2237 375 pro-

1222 382 1224 406 ἰ
1249 380 1433 413 missiones
1450 380 1662 413 mirabiliter
1677 386 1880 419 serventur,
1907 380 1986 413 aliis
2003 380 2116 413 modis
2132 393 2235 425 quam

1252 429 1405 464 humana
1426 431 1597 475 sapientia
1618 430 1756 474 cogitat.

1357 489 1438 523 Ideo
1466 489 1629 524 Ieremias
1660 496 1753 524 taxat
1783 490 1906 524 stultas
1936 501 2012 533 spes
2036 490 2240 534 impiorum,

1252 541 1311 586 qui
1344 541 1593 584 promissiones
1626 554 1665 574 eo
1695 542 1970 586 detorquebant,
2005 548 2043 574 ut
2072 548 2240 584 negarent

1225 613 1227 632 ι
1253 604 1382 634 poenas
1406 592 1484 624 illas
1508 598 1673 625 venturas
1691 604 1775 625 esse.
1831 591 1916 627 lere.
1934 593 1984 625 7.:
2019 591 2137 625 Nolite
2155 604 2240 625 con-

212 658 427 695 severanfia'
461 655 567 698 Quod
596 665 669 686 non
702 652 904 685 defecerunt
937 664 955 683 a
981 652 1055 693 lege
1079 651 1198 683 divina
1226 680 1227 687 ἵ
1252 643 1360 675 fidere
1392 642 1429 674 in
1461 643 1565 675 verba
1599 643 1792 683 mendaCil,
1831 643 2006 683 (licentes,
2049 642 2239 687 'remplum

212 713 305 745 inter
327 706 519 745 Etlinicos,
553 716 616 737 nec
647 703 702 735 vel
732 702 899 745 exemplis
930 702 984 734 vel
1008 701 1201 744 voluptati—

212 764 295 799 bus,
324 760 377 792 vel
401 755 633 790 admiratione
657 754 835 798 potentiae
859 753 1050 797 impiorum
1073 754 1200 796 depra-

212 814 282 846 vati
304 818 394 844 sunt.

682 879 727 914 Υ.

314 944 473 979 Praemia
491 941 686 986 corporalia
704 948 737 974 et
754 939 949 982 spiritualia
969 951 1031 982 pro
1049 939 1108 972 illa
1125 939 1203 978 fide,

214 995 472 1044 perseverantia
501 1001 535 1026 et
566 992 807 1036 temperantia.
876 989 966 1023 Data
1002 997 1051 1022 est
1076 990 1203 1022 melior

213 1048 397 1086 valetudo,
430 1045 538 1088 gratia
568 1044 660 1087 apud
692 1054 807 1085 regem
839 1048 872 1074 et
906 1041 1101 1084 principes,
1137 1042 1203 1073 do—

214 1102 325 1134 ctrina
351 1105 384 1131 et
406 1094 599 1140 prophetia.
654 1092 749 1126 Haec
776 1093 868 1125 dona
894 1091 942 1124 eis
967 1092 1202 1134 contigerunt,

214 1152 297 1197 quia
318 1150 411 1184 Deus
434 1146 554 1180 testari
578 1145 719 1177 volebat
744 1156 779 1176 se
806 1154 944 1175 servare
964 1154 1062 1175 suam
1081 1141 1203 1176 Eccle-
1228 1160 1231 1195 Ι

1092 1193 1203 1226 Docet
1229 1203 1231 1232 ᾗ

213 1204 319 1237 siam,
354 1207 387 1232 et
420 1196 669 1240 promissiones
700 1206 773 1227 non
798 1205 869 1226 esse
896 1193 1024 1226 irritas.

213 1255 297 1286 item
316 1249 384 1283 hoc
404 1248 601 1291 exemplum
620 1245 695 1279 Deo
715 1246 852 1290 placere
866 1242 952 1277 haec
969 1244 1050 1276 fidei
1070 1252 1102 1277 et
1118 1257 1203 1278 con-

213 1301 375 1336 sessionis
393 1299 523 1339 officia,
552 1305 585 1331 et
604 1298 731 1330 mereri
751 1295 907 1339 ingentia
925 1295 1092 1339 praemia.

319 1436 593 1472 Observandum
619 1439 669 1465 est
685 1433 726 1465 ad
748 1443 851 1476 quem
868 1432 972 1464 finem
994 1432 1118 1465 debeat
1134 1443 1205 1465 esse

216 1491 391 1525 destinata
421 1484 663 1529 temperantia.
731 1481 860 1516 Daniel
885 1482 1036 1515 abstinet
1060 1495 1077 1515 a
1102 1484 1206 1526 regiis

217 1542 324 1579 cibis,
350 1551 424 1572 non
442 1543 585 1581 propter
602 1533 776 1568 humanas
793 1534 1020 1572 traditiones,
1049 1535 1106 1566 sed
1125 1546 1207 1577 pro-

216 1601 293 1639 pter
322 1592 431 1633 legem
458 1586 546 1627 Dei,
575 1585 669 1628 Quia
695 1585 797 1617 multi
824 1584 910 1627 regii
935 1584 1003 1616 cibi
1027 1585 1207 1617 interdicti

217 1650 316 1677 erant
333 1639 491 1675 Iudaeis,
522 1644 559 1669 ut
586 1637 741 1680 lepores,
771 1635 933 1677 sanguiS‚
960 1641 994 1667 et
1015 1635 1126 1668 multa
1152 1635 1207 1679 pi-

216 1695 326 1728 scium
349 1702 487 1734 genera.

319 1742 406 1774 Vini
425 1751 508 1774 usus
527 1750 599 1771 non
619 1744 691 1770 erat
710 1733 929 1780 prohibitus,
957 1743 989 1770 et
1007 1735 1135 1770 Daniel
1153 1736 1209 1768 in-

216 1797 269 1829 fra
289 1794 417 1837 legitur
442 1790 573 1824 bibisse
598 1789 733 1822 vinum.
787 1786 868 1820 Non
891 1798 972 1830 ergo
994 1794 1068 1820 tum
1086 1799 1208 1831 super-

217 1847 359 1880 stitione
384 1857 402 1877 a
427 1843 510 1874 vino
537 1839 726 1878 abstinuit,
753 1839 811 1871 sed
838 1846 983 1882 propter
1005 1839 1209 1871 adolescen-
1234 1862 1235 1870 1

217 1899 301 1931 tiam
321 1903 353 1929 et
371 1893 524 1928 cavenda
545 1890 707 1924 sodalitia
725 1896 786 1923 etc.

597 1986 654 2018 De
682 1986 711 2017 1.
741 1983 830 2017 loco.

323 2055 379 2090 Ad
403 2055 557 2099 primum
581 2060 615 2085 et
633 2052 825 2085 secundum
845 2051 960 2084 locum
979 2063 1068 2094 pene
1089 2062 1210 2084 omnes
1235 2064 1237 2067 ’

221 2108 387 2143 Ieremiae
410 2105 597 2139 conciones
622 2103 816 2147 pertinent,
845 2102 904 2146 qui
929 2102 1142 2134 vaticinatur
1167 2103 1210 2135 de
1235 2099 1237 2133 ζ

219 2171 350 2206 poena,
379 2165 411 2190 et
436 2166 555 2189 causas
572 2154 735 2196 exponit,
764 2159 801 2185 ut
823 2164 896 2196 cap.
912 2153 989 2187 22:
1025 2152 1144 2195 Quare
1162 2153 1210 2185 sic

219 2212 301 2245 fecit
318 2208 493 2243 Dominus
513 2204 595 2239 huic
614 2204 768 2244 civitati,
797 2202 890 2245 Quia
909 2204 1129 2248 reliquerunt
1146 2216 1210 2250 pa—

221 2270 315 2296 ctum
333 2259 399 2293 Dei
418 2259 489 2297 sui,
516 2264 549 2290 et
566 2257 803 2289 adoraverunt
819 2253 912 2287 Deos
931 2254 1073 2287 alienos.

325 2311 410 2345 Item
436 2311 478 2342 de
501 2307 649 2341 Ioiakim
664 2334 672 2347 ,
708 2306 806 2338 cuius
827 2303 886 2338 hic
909 2306 946 2338 fit
970 2305 1121 2345 mentio,
1155 2305 1211 2337 in-

223 2364 315 2409 quit:
353 2361 541 2405 Sepultura
565 2358 654 2392 asini
682 2356 888 2401 sepelietur,
917 2356 1093 2400 proiectus
1116 2363 1211 2389 extra

223 2421 342 2458 portas
364 2411 564 2445 Ierusalem.

325 2463 509 2497 Discamus
525 2461 632 2504 igitur
649 2460 773 2492 timere
791 2457 962 2491 iudicium
982 2465 1014 2491 et
1029 2458 1115 2490 iram
1133 2457 1211 2499 Dei,

226 2522 260 2548 et
291 2515 465 2556 fugiamus
495 2511 623 2555 impios
651 2510 766 2543 cultus
788 2516 819 2542 et
844 2509 911 2541 alia
934 2508 1084 2551 flagitia,
1118 2508 1210 2551 Quia
1236 2532 1238 2554 J

226 2565 255 2599 si
282 2564 335 2597 illi
367 2564 496 2606 populo
521 2561 617 2595 Deus
647 2573 719 2594 non
746 2560 919 2604 pepercit,
954 2561 1010 2592 cui
1037 2560 1213 2604 amplissi-

225 2627 300 2649 mas
327 2613 575 2658 promissiones
597 2613 757 2650 dederat,
787 2611 899 2645 multo
925 2612 1043 2645 minus
1069 2612 1213 2644 caeteris
1237 2610 1239 2612 ’

225 2672 353 2712 parcet.

1226 718 1228 729 >
1253 693 1418 734 Domini,
1446 693 1637 737 Templum
1659 693 1801 727 Domini
1822 701 1885 729 etc.

1357 751 1444 795 Cap.
1461 753 1521 787 28.
1556 750 1645 785 Cum
1663 750 1846 785 Hananias
1870 752 2140 794 vaticinaretur,
2165 760 2242 797 post

1255 804 1437 837 biennium
1464 803 1640 837 redituros
1664 815 1736 836 esse
1753 802 1902 836 ludaeos
1921 815 1961 836 ex
1976 802 2182 850 Babylone,
2210 811 2243 838 et

1227 876 1229 888 A
1256 855 1406 898 rupisset
1432 862 1589 888 catenam
1615 866 1720 899 quam
1745 855 1900 897 gestabat
1917 853 2101 896 Ieremias,
2129 855 2243 888 incre-

1257 913 1314 949 pat
1338 918 1417 938 eum
1443 905 1624 945 Ieremias,
1658 912 1691 938 et
1712 906 1827 946 addit,
1860 904 2061 938 Hananiam
2084 918 2124 939 eo
2147 918 2243 939 anno

1256 957 1470 990 moriturum
1496 968 1586 997 esse,
1620 956 1702 1000 quia
1729 957 1896 989 adversus
1921 956 2120 989 Dominum
2144 956 2244 991 locu-

1256 1015 1311 1041 tus
1326 1008 1389 1048 sit,
1418 1020 1456 1041 ac
1473 1007 1657 1052 respondit
1674 1014 1819 1040 eventus
1836 1007 2002 1040 vaticinio
2021 1005 2199 1041 Ieremiae.

1360 1065 1413 1100 Ex
1438 1065 1502 1100 hac
1524 1065 1673 1101 historia
1699 1073 1841 1112 apparet
1857 1067 2045 1100 maximam
2061 1067 2169 1100 fuisse
2184 1079 2246 1101 au-

1258 1119 1434 1153 toritatem
1446 1116 1853 1162 pseudoprophetarum,
1879 1118 1960 1162 quia
1973 1118 2149 1151 iactabant
2163 1130 2246 1162 pro—

1257 1170 1462 1210 missiones,
1491 1170 1551 1202 sed
1577 1170 1668 1202 male
1692 1171 1858 1204 detortas,
1911 1167 2065 1202 Econtra
2086 1168 2248 1202 Ieremias

1259 1221 1480 1264 praedicebat
1504 1233 1652 1264 poenas,
1689 1228 1722 1254 et
1746 1227 1864 1254 tamen
1888 1220 2137 1253 consolabatur
2159 1220 2247 1264 pios,

1229 1277 1231 1316 ξ
1257 1279 1296 1305 ut
1316 1272 1352 1304 in
1369 1272 1596 1316 sequentibus
1614 1270 1799 1315 Capitibus
1814 1270 1864 1305 29
1878 1277 1911 1304 et
1922 1271 1983 1306 50.
2001 1283 2040 1304 ac
2058 1271 2233 1315 deinceps.

1362 1330 1444 1375 Cap.
1461 1331 1521 1365 30.
1547 1331 1680 1376 inquit:
1710 1329 1898 1372 Castigabo
1922 1338 1954 1363 te
1971 1331 2009 1362 in
2026 1329 2178 1370 iudicio,
2203 1342 2248 1363 ne

1258 1382 1321 1415 tibi
1347 1382 1497 1414 videaris
1521 1382 1700 1414 innocens.
1754 1379 1912 1413 Vulnera
1936 1387 1995 1414 tua
2019 1381 2150 1413 sanabo
2173 1387 2249 1421 etc„

1259 1432 1320 1466 ubi
1339 1433 1458 1471 docet,
1486 1444 1593 1476 quare
1607 1431 1701 1464 Deus
1718 1430 1755 1463 in
1773 1430 1843 1463 illis
1860 1431 2108 1465 communibus
2126 1431 2249 1475 poenis

1260 1483 1522 1526 corporalibUS‚
1551 1482 1699 1516 sanctos
1723 1493 1792 1514 una
1810 1482 1944 1524 rapiat,
1970 1480 2063 1523 Quia
2079 1479 2144 1515 hos
2160 1494 2249 1527 quo-

1231 1534 1233 1570 }
1260 1547 1327 1579 qne
1363 1534 1439 1567 vult
1470 1544 1677 1576 agnoscere,
1713 1533 1807 1576 quod
1840 1529 1993 1564 habeant
2026 1539 2183 1576 peccata,
2216 1540 2250 1566 et

1261 1581 1415 1617 detrabit
1435 1584 1484 1616 eis
1508 1583 1671 1617 fiduciam
1692 1582 1854 1626 propriae
1868 1582 2037 1617 iusticiae.
2094 1581 2143 1617 lta
2159 1582 2249 1617 Pro-

1260 1632 1365 1679 pheta
1399 1635 1499 1668 docet
1530 1635 1573 1667 de
1604 1633 1842 1678 poenitentia,
1878 1640 1912 1667 et
1934 1641 2051 1677 postea
2075 1634 2249 1678 promittit

1260 1686 1519 1721 liberationem.

1363 1735 1448 1779 Cap.
1462 1737 1540 1771 31.:
1569 1734 1752 1778 Castigasti
1770 1748 1825 1769 me
1842 1734 2015 1776 Domine,
2041 1743 2073 1769 et
2091 1736 2250 1769 eruditus

1262 1800 1359 1828 sum,
1393 1787 1482 1821 sicut
1506 1786 1716 1820 iuvenculus
1742 1785 2016 1822 indomitus‘etc.
2069 1785 2139 1820 Hic
2161 1799 2250 1832 quo-

1262 1851 1328 1884 que
1352 1840 1453 1872 docet
1478 1838 1585 1881 asssigi
1608 1836 1774 1879 sanctos,
1807 1845 1846 1871 ut
1869 1844 2000 1871 crescat
2023 1837 2250 1881 poenitentia.

1262 1889 1461 1933 Dupliciter
1493 1901 1574 1931 ergo
1607 1889 1810 1922 consolatur
1843 1900 1922 1927 eos,
1956 1889 2057 1921 docet
2089 1889 2133 1920 ad
2163 1888 2249 1933 quid

1263 1941 1401 1985 prosint
1419 1941 1658 1979 adflictiones,
1687 1947 1719 1973 et
1735 1940 1922 1983 pollicetur
1936 1938 2193 1972 liberationem.

1363 1998 1431 2032 Hic
1455 1999 1563 2042 igitur
1584 1998 1687 2030 valde
1712 1999 1854 2040 prodest
1871 1998 2056 2031 observare
2073 2004 2251 2032 certamen

1263 2052 1306 2083 de
1327 2049 1633 2094 promissionibus.
1695 2048 1754 2082 Sic
1778 2060 1901 2081 omnes
1925 2049 1962 2081 in
1985 2048 2251 2083 adflictionibus

1263 2103 1457 2135 decurrunt
1480 2101 1521 2133 ad
1548 2099 1817 2143 promissiones,
1853 2106 1887 2132 et
1910 2111 1989 2132 cum
2014 2111 2087 2132 non
2109 2101 2251 2134 contin-

1235 2157 1237 2171 ¹
1263 2159 1351 2195 gunt
1370 2153 1436 2185 cito
1450 2179 1458 2192 ‚
1486 2158 1518 2184 et
1537 2151 1598 2183 illo
1615 2151 1720 2183 modo
1739 2150 1828 2183 sicut
1846 2150 2060 2193 imaginatur
2075 2151 2165 2184 ratio
2183 2149 2250 2185 hu-

1235 2205 1237 2235 ἶ
1263 2216 1385 2242 mana,
1427 2203 1657 2245 languescunt
1684 2201 1815 2241 animi,
1853 2209 1885 2235 et
1915 2201 2082 2234 deficiunt
2114 2213 2132 2234 a
2164 2200 2250 2243 Deo,

1263 2255 1351 2288 sicut
1375 2253 1460 2288 Saul
1483 2253 1674 2286 deficiebat.
1733 2249 1779 2285 Et
1802 2250 1859 2284 hic
1882 2252 1984 2285 multi
2012 2251 2131 2285 Iudaei
2155 2253 2251 2286 defe-

1237 2326 1238 2346 ³
1264 2312 1406 2343 cerunt,
1441 2304 1651 2337 arbitrantes
1676 2300 1770 2336 hunc
1795 2303 1965 2348 populum
1991 2315 2009 2336 a
2035 2301 2111 2337 Deo
2133 2304 2250 2337 deser-

1264 2364 1338 2390 tum
1358 2367 1440 2389 esse.

1259 2433 1273 2451 ,
1315 2407 1331 2425 ”
1367 2406 1434 2440 Sed
1459 2406 1508 2450 pii
1533 2412 1725 2448 agnoscant
1746 2405 1921 2449 primum,
1947 2417 2054 2450 quare
2075 2405 2250 2439 adflictio-

1265 2470 1326 2491 nes
1350 2457 1454 2490 nobis
1477 2456 1723 2499 imponantur,
1747 2463 1779 2489 et
1801 2457 1895 2501 quod
1919 2454 2014 2489 Deus
2040 2455 2077 2488 in
2101 2456 2172 2489 illis
2194 2469 2250 2490 re-

1265 2509 1382 2554 quirat
1406 2507 1656 2545 obedientiam.
1709 2506 1846 2540 Deinde
1868 2507 1973 2540 etiam
1990 2506 2058 2539 fide
2075 2507 2248 2550 erigamus

1238 2598 1239 2602 Ἰ
1264 2571 1349 2600 nos,
1380 2565 1616 2592 sustentemus
1646 2570 1710 2591 nos
1742 2558 2052 2602 promissionibus,
2087 2565 2120 2591 et
2152 2565 2248 2601 peta-

1265 2622 1343 2644 mus
1368 2616 1399 2642 et
1427 2616 1645 2653 expectemus
1669 2609 1857 2648 auxilium,
1896 2608 1984 2641 sicut
2008 2607 2092 2642 lere.
2109 2610 2170 2645 29.
2194 2609 2248 2642 di-

1265 2662 1371 2696 citur:
1400 2659 1560 2695 Orabitis
1578 2672 1651 2699 me,
1681 2667 1712 2693 et
1730 2670 1791 2702 ego
1811 2659 1992 2693 exaudiam
2012 2671 2074 2693 vos
2091 2666 2153 2696 etc.
2203 2658 2250 2694 Et
