2379 2948
91 107 162 142 681
724 106 765 141 V.

90 192 361 236 consequentiae
392 193 562 233 sumitur,
599 205 670 226 non
697 192 819 237 positis
846 192 958 225 causis
984 192 1081 224 susti-

89 243 281 283 cientibus,
315 243 349 276 id
379 250 450 283 est,
483 244 651 278 totalibus
674 250 707 277 et
731 242 857 276 ordine
882 243 1081 276 coniunctis

89 306 162 327 non
176 295 337 339 sequitur
352 295 512 334 effectuS‚
536 302 575 328 ut
593 307 664 328 non
681 294 773 327 valet
788 294 1053 338 consequentia:

244 344 367 378 Habeo
388 346 587 385 exercitum,

243 394 337 440 Ergo
355 397 506 429 vincam.

191 446 286 490 Quia
311 448 350 481 ad
380 447 561 480 victoriam
583 445 697 480 multo
716 446 818 490 plura
834 447 1079 492 requiruntur,

88 510 192 544 quam
217 509 386 532 numerus
407 497 573 532 militum.
627 494 781 540 Oportet
803 497 898 530 enim
915 499 1079 531 accedere

86 549 257 583 auxilium
291 549 452 582 divinum
481 554 513 580 et
540 548 780 590 occasionem,
822 555 855 582 et
885 548 923 582 in
951 549 1079 584 militi-

86 600 153 634 bus
184 606 322 645 oportet
346 610 417 631 esse
441 599 553 632 robur
577 605 609 632 et
634 599 854 634 voluntatem
880 601 1077 645 pugnandi,

87 651 218 685 laboris
237 650 465 696 patientiam,
493 656 526 683 et
545 656 687 685 caetera.

501 749 662 781 Secunda.

188 802 306 837 Posito
337 803 480 845 effectu,
518 815 659 838 necesse
684 811 734 838 est
763 815 902 839 causam
928 815 1001 838 esse
1023 804 1077 837 vel

85 855 200 890 fuisse.

522 952 646 985 Tertia.

185 1004 297 1041 Causa
314 1006 442 1041 ordine
458 1013 605 1040 naturae
620 1007 798 1050 praecedit
815 1007 996 1049 effectum,
1023 1015 1076 1042 ut:

83 1056 146 1092 Sol
174 1064 321 1092 naturae
348 1058 474 1092 ordine
499 1058 599 1102 prior
624 1064 695 1099 est,
730 1070 835 1103 quam
861 1059 995 1103 sparsio
1020 1072 1077 1094 ra-

82 1109 235 1144 diorum.

510 1207 646 1246 Quarta.

186 1261 315 1295 Positis
358 1262 472 1295 causis
497 1262 723 1295 naturalibus
754 1262 1012 1295 sufficientibus
1044 1269 1075 1296 et

82 1325 156 1345 non
189 1313 384 1357 impeditis,
418 1313 447 1345 si
476 1313 520 1345 sit
549 1313 691 1346 admota
713 1313 881 1352 materia,
916 1313 1076 1357 sequitur

81 1364 224 1397 effectus
248 1364 452 1396 necessitate
474 1360 633 1408 physica.
686 1362 790 1396 Valet
816 1364 925 1406 igitur
950 1376 1073 1397 conse-

81 1414 243 1460 quentia:

234 1464 395 1508 Stipulae
411 1464 590 1498 coniectae
608 1469 689 1497 sunt
706 1463 741 1496 in
760 1464 890 1508 ignem,

288 1513 383 1559 Ergo
402 1522 564 1550 urentur.

236 1564 333 1611 Epar
344 1566 475 1600 multos
485 1567 613 1600 crudos
622 1578 743 1600 succos
753 1563 899 1600 attrahit
908 1566 945 1599 in
956 1566 1074 1599 ebrio-

288 1617 352 1655 sis,
388 1618 450 1661 qui
476 1629 550 1650 non
575 1624 722 1661 possunt
745 1617 914 1662 percoqui
937 1629 1001 1651 nec
1023 1617 1073 1650 ef-

290 1668 410 1708 fluere,

235 1718 348 1763 Igitur
365 1719 460 1752 calor
478 1726 510 1753 et
527 1720 640 1753 virtus
655 1719 765 1764 epatis
781 1719 1015 1763 languefient,
1040 1726 1074 1753 et

288 1770 460 1814 paulatim
479 1783 563 1815 epar
581 1777 768 1816 putrescet.

507 1871 637 1909 Quinta.

181 1924 362 1959 Naturalis
392 1936 492 1958 causa
524 1936 597 1958 uno
631 1931 663 1959 et
695 1925 819 1957 eodem
852 1925 958 1957 modo
992 1924 1073 1968 agit,

80 1977 215 2012 etiamsi
246 1977 283 2009 in
315 1975 464 2009 diversis
495 1976 662 2009 subiectis
693 1975 861 2009 videntur
885 1975 1073 2008 dissimiles
1098 1997 1101 2015 ι

81 2029 238 2069 effectus,
263 2034 320 2061 ut:
348 2026 442 2061 Solis
465 2027 561 2061 calor
584 2026 765 2072 liquefacit
784 2038 898 2060 ceram
919 2033 951 2060 et
969 2027 1073 2060 durat

80 2080 206 2113 lutum.
256 2077 318 2112 Sol
343 2078 438 2112 enim
461 2085 643 2123 utrunque
669 2078 850 2119 dissolvit,
877 2078 937 2111 sed
958 2078 1072 2111 lutum

80 2132 247 2167 duratur,
280 2135 466 2175 postquam
496 2127 692 2164 humiditas
723 2129 834 2163 radiis
864 2127 958 2163 Solis
988 2141 1072 2162 con-

81 2188 195 2216 sumta
217 2185 277 2214 est.
330 2179 442 2214 Terra
465 2181 560 2214 enim
585 2192 646 2215 sua
671 2188 797 2216 natura
823 2180 910 2214 sicca
932 2187 965 2214 et
983 2181 1071 2214 dura

81 2240 147 2273 est,
180 2238 214 2265 at
238 2242 316 2265 cera
337 2230 517 2276 liquescit,
550 2232 633 2277 quia
657 2239 708 2266 est
732 2240 844 2267 aerea.
908 2231 961 2265 De
987 2232 1071 2265 vino

80 2290 173 2318 extat
191 2293 310 2315 versus
330 2283 424 2326 apud
443 2282 686 2317 Aristotelem:

209 2338 305 2376 Οἴνος
327 2338 461 2380 τρόποις
482 2341 544 2371 τῶν
565 2341 736 2382 χρωμένων
759 2340 952 2382 κεράννυται.

515 2433 634 2466 Sexta.

182 2486 393 2521 Voluntaria
418 2498 520 2520 causa
544 2494 656 2532 potest
679 2499 811 2522 cessare
831 2495 863 2523 et
881 2500 982 2532 agere
999 2489 1070 2522 dis-

80 2538 264 2579 similiter,
306 2544 362 2572 ut:
407 2536 523 2571 Faber
560 2538 683 2571 volens
719 2547 779 2573 aut
814 2540 973 2574 aedificat
1011 2547 1071 2574 aut

80 2601 154 2623 non
176 2590 351 2630 aedificat,
377 2596 411 2623 et
432 2601 511 2623 cum
534 2589 630 2630 vult,
657 2589 740 2623 facit
764 2591 893 2625 molem
919 2592 1071 2636 quadra-

81 2646 151 2674 tam
186 2648 246 2677 aut
283 2641 487 2676 rotundam.
556 2640 637 2676 Non
677 2640 785 2684 igitur
824 2642 916 2676 valet
947 2654 1070 2676 conse-

84 2692 244 2736 quentia:
572 2707 576 2709 ·

819 103 1143 142 EROTEMATA
1170 106 1508 144 DIALECTICES.

2055 109 2130 145 682

1289 192 1384 228 Deus
1400 195 1467 229 fuit
1487 195 1531 229 ab
1552 201 1706 237 aeterno,

1289 243 1384 287 Ergo
1402 247 1558 280 mundus
1573 247 1616 280 ab
1632 254 1775 281 aeterno
1789 245 1870 281 fuit.

1238 294 1333 338 Quia
1351 295 1447 330 Deus
1469 304 1518 331 est
1536 298 1737 332 voluntaria
1758 308 1859 331 causa
1871 323 1880 338 ‚
1908 303 1941 331 et
1957 307 2063 340 agens
2080 297 2126 330 li-

1134 346 1329 380 berrimum
1341 374 1349 388 ,
1376 348 1536 382 condidit
1553 349 1661 392 igitur
1676 350 1852 383 mnndum
1868 360 1948 382 curn
1964 347 2090 383 voluit.

1551 446 1712 487 Septima.

1236 506 1441 541 Voluntatis
1472 507 1635 549 divinae,
1667 520 1755 553 quae
1780 516 1831 542 est
1856 508 2124 543 immutabiliter

1132 559 1244 599 bona,
1279 570 1402 592 omnes
1435 558 1579 593 effectus
1610 560 1697 593 boni
1727 567 1819 595 sunt.
1881 559 1984 593 Valet
2015 559 2124 603 igitur

1133 610 1398 656 consequentia:

1287 660 1383 695 Deus
1402 661 1563 695 condidit
1579 660 1732 704 polinas,

1288 710 1383 756 Ergo
1408 712 1553 756 politiae
1574 717 1656 745 sunt
1680 722 1734 745 res
1758 713 1872 746 bonae
1895 718 1928 745 et
1949 711 2023 746 Deo
2047 712 2124 755 pla-

1341 769 1469 798 centes.

1565 860 1699 893 Octava.

1236 922 1439 958 Voluntatis
1455 921 1648 965 humanae,
1676 935 1766 969 quae
1781 929 1831 956 est
1846 923 2045 966 mutabilis,
2073 925 2123 957 ef-

1131 975 1241 1009 fectus
1264 982 1346 1009 sunt
1370 975 1579 1016 dissimiles,
1613 982 1667 1009 ut:
1705 974 1879 1008 Voluntas
1905 973 2024 1016 Adae,
2058 975 2122 1009 etsi

1132 1034 1205 1061 erat
1237 1027 1349 1067 bona,
1383 1033 1501 1060 tamen
1532 1026 1675 1070 propria
1702 1025 1865 1059 libertate
1890 1025 2018 1060 avertit
2042 1038 2077 1060 se
2102 1038 2122 1060 a

1130 1076 1219 1112 Deo.
1272 1077 1353 1110 Non
1371 1077 1480 1119 igitur
1499 1078 1591 1110 valet
1609 1077 1876 1122 consequentia:

1286 1127 1460 1162 Voluntas
1479 1126 1626 1161 Davidis
1646 1128 1713 1161 fuit
1730 1126 1898 1161 hactenus
1917 1128 2019 1169 iusta,

1284 1177 1403 1213 Erunt
1420 1180 1530 1222 igitur
1545 1190 1668 1213 omnes
1685 1179 1760 1212 eius
1776 1179 1932 1212 actiones
1947 1179 2068 1213 iustae.

1232 1236 1332 1271 Nihil
1357 1240 1452 1271 enim
1474 1239 1680 1272 mutabilius
1698 1251 1736 1272 ac
1753 1238 1921 1272 incertius
1938 1245 1987 1273 est
2004 1235 2121 1272 homi-

1130 1301 1215 1323 num
1233 1290 1489 1325 voluntatibus.

1575 1387 1682 1418 Nona.

1231 1449 1273 1483 In
1303 1450 1416 1484 causis
1446 1449 1679 1483 essentialiter
1703 1449 1876 1482 ordinatis
1900 1450 2121 1493 impossibile

1128 1508 1177 1534 est
1203 1502 1369 1545 progredi
1386 1502 1423 1535 in
1442 1501 1640 1541 infinitum,
1668 1500 1749 1545 quia
1767 1500 1797 1534 si
1816 1507 1931 1534 essent
1950 1501 2120 1543 infinitae,

1128 1553 1216 1585 ordo
1240 1564 1359 1586 earum
1385 1553 1603 1586 turbaretur:
1634 1552 1742 1596 igitur
1765 1563 1904 1586 necesse
1927 1558 1977 1586 est
1997 1564 2119 1597 perve-

1128 1604 1199 1636 niri
1222 1605 1264 1636 ad
1290 1616 1398 1638 unam
1421 1604 1594 1649 primam,
1622 1615 1712 1648 quae
1730 1600 1836 1636 habet
1852 1603 2045 1647 potentiam
2063 1604 2121 1636 in-

1127 1654 1274 1689 finitam.
1328 1653 1381 1688 Ex
1407 1653 1471 1688 hac
1498 1655 1619 1698 regula
1646 1651 1790 1699 Physici
1817 1654 1953 1688 erudite
1977 1654 2121 1688 ratioci-

1128 1712 1276 1747 nantur,
1304 1718 1415 1740 unum
1432 1718 1504 1739 esse
1518 1704 1652 1744 Deum,
1680 1711 1834 1738 mentem
1850 1711 2024 1744 aternam,
2051 1705 2120 1738 im-

1128 1768 1268 1790 mensae
1292 1758 1488 1802 potentiae,
1517 1767 1655 1790 causam
1676 1755 1863 1789 universae
1886 1762 2052 1796 naturae,
2079 1767 2119 1789 ac

1127 1807 1213 1840 boni
1243 1808 1281 1840 in
1311 1815 1454 1849 natura,
1488 1814 1526 1841 ut
1558 1807 1734 1850 sapienter
1761 1813 1795 1840 et
1819 1806 1948 1840 diserte
1970 1806 2120 1840 tradidit

1128 1857 1230 1892 Plato
1249 1859 1491 1892 definitionem
1509 1857 1588 1892 Dei.
1642 1857 1733 1892 Sunt
1751 1863 1866 1891 autem
1884 1857 2119 1891 essentialiter

1128 1909 1331 1948 ordinatae,
1359 1922 1448 1954 quae
1471 1910 1520 1943 sic
1546 1921 1581 1943 se
1607 1905 1757 1949 habent,
1783 1914 1824 1942 ut
1841 1908 2058 1952 impossibile
2074 1908 2119 1942 sit

1127 1961 1270 1994 alteram
1297 1961 1372 1995 sine
1396 1961 1504 1994 altera
1528 1971 1647 2004 agere,
1676 1966 1716 1993 ut
1742 1960 1784 1992 ad
1801 1956 1958 1993 hominis
1973 1971 2118 2003 genera-

1127 2011 1260 2045 tionem
1285 2023 1423 2045 necesse
1450 2018 1518 2053 est,
1548 2022 1758 2045 concurrere
1783 2021 1903 2043 causas
1929 2011 2118 2055 particula-

1127 2074 1199 2103 res,
1225 2069 1360 2107 patrem
1386 2070 1419 2097 et
1440 2069 1609 2103 matrem,
1636 2069 1669 2097 et
1690 2061 1925 2103 universales,
1952 2059 2067 2095 Deum
2085 2068 2118 2095 et

1127 2120 1265 2148 motum
1283 2114 1479 2148 coelestem.

1546 2212 1660 2244 Dece'm
1665 2222 1694 2245 a.

1230 2274 1506 2310 Accidentaliter
1517 2275 1698 2308 ordinatas
1711 2285 1783 2307 non
1796 2283 1934 2306 necesse
1946 2277 1996 2305 est
2009 2271 2114 2306 simul

1126 2326 1228 2371 poni,
1255 2333 1295 2361 ut
1311 2339 1390 2361 cum
1407 2327 1478 2361 duo
1497 2326 1578 2372 equi
1593 2325 1700 2359 simul
1716 2322 1863 2359 trahunt
1880 2334 2035 2357 currum.

1529 2423 1711 2456 Undecima.

1229 2488 1452 2534 Impossibile
1491 2495 1540 2522 est
1579 2497 1718 2520 causam
1755 2483 1965 2519 efficientem
2000 2489 2111 2518 totam

1124 2551 1250 2584 genere
1285 2540 1499 2573 deteriorem
1533 2549 1606 2572 esse
1638 2537 1775 2572 effectu.
1858 2534 1943 2569 Ideo
1973 2545 2112 2568 necesse

1124 2598 1192 2632 est,
1221 2591 1371 2635 primam
1397 2601 1534 2624 causam
1561 2600 1699 2627 rerum,
1728 2599 1799 2622 esse
1826 2594 1990 2622 naturam
2006 2585 2113 2620 intel-

1123 2643 1300 2686 ligentem.
