2379 2948
2 0 15 50 ,μ

93 84 166 118 889
485 81 530 116 V.

91 170 203 212 ipsum
235 166 377 200 difficile
407 175 457 202 est
491 169 714 202 constituere.
782 167 933 202 Duravit
962 174 1078 202 autem

88 218 218 252 bellum
245 218 332 251 illud
358 225 516 263 tempore
539 218 686 253 Periclis
709 226 863 259 motum,
896 218 1078 263 aliquanto

88 276 169 303 ante
191 268 340 302 Darium
365 269 523 305 Nothum
547 282 660 304 annos
675 269 736 305 27.
797 269 837 302 Si
858 269 967 312 igitur
993 283 1079 303 con-

87 321 211 362 iunges
235 331 366 359 annos,
395 322 438 355 ab
454 320 656 354 Alexandro
681 321 722 352 ad
746 319 890 353 initium
909 320 993 353 belli
1012 320 1078 355 Pe-

86 371 347 414 loponnesiaci,
375 369 520 405 habebis
545 383 656 404 annos
676 370 758 404 103,
811 369 908 404 Haec
927 383 945 404 a
964 370 1077 406 Grae—

87 423 135 455 cis
167 428 258 455 certa
291 422 359 455 fide
388 424 588 456 traduntur.
641 420 836 466 Reliquum
864 428 914 455 est
938 429 1076 467 ternpus

86 473 184 515 regni
203 472 434 515 Longimani,
462 473 522 517 qui
549 472 688 505 circiter
705 470 753 505 40
776 484 889 506 annos
906 474 1076 517 regnavit.

84 523 371 557 Consentaneum
402 530 452 557 est
483 523 607 566 igitur,
642 524 736 567 quod
766 530 868 557 antea
893 525 1075 567 posuimus

85 587 123 607 ex
142 572 383 614 Metasthene‚
410 586 428 606 a
445 573 669 617 Longimano
688 575 728 607 ad
742 574 984 609 Alexandrum
1003 588 1075 610 esse

85 637 197 658 annos
219 623 300 660 145.

187 675 238 709 Ita
261 673 401 707 collatio
420 671 649 709 historiarum
674 677 828 710 ostendit
847 674 909 710 has
928 689 1073 721 compu-

85 727 232 761 tationes
259 736 398 765 omnes,
433 737 518 769 quas
543 727 722 768 recensui,
758 739 972 771 congruere,
1011 740 1074 761 nec

84 777 205 822 procul
237 777 420 814 aberrare,
455 776 590 810 etiamsi
618 778 684 822 ipsi
711 785 908 822 temporum
935 779 1073 812 articuli

84 841 142 861 seu
165 834 340 860 momenta
358 839 429 858 non
449 828 667 861 exactissime
685 837 948 868 monstrantur,
977 842 1072 863 sum-

82 891 136 911 ma
160 885 276 911 tamen
303 878 352 910 rei
377 884 526 914 tcnetur.
579 877 626 913 Et
646 892 746 924 spero
767 881 922 914 eruditos
940 887 973 914 et
989 893 1072 913 can-

80 929 182 963 didos
208 929 418 973 probaturos
443 940 532 970 esse,
559 943 638 963 cum
665 931 822 965 studium
848 939 1009 965 nostrum
1034 932 1071 964 in

79 980 292 1025 inquirenda
315 986 515 1023 temporum
536 982 624 1014 serie
642 989 674 1015 et
693 982 883 1016 collatione
903 980 1072 1017 historia-

78 1043 174 1072 rum,
199 1038 274 1065 tum
292 1043 374 1063 vcro
393 1031 498 1064 etiam
517 1032 609 1076 ipsas
626 1034 905 1078 supputationes,

183 1107 275 1140 Illud
301 1107 429 1140 iterum
454 1109 626 1141 monendi
651 1116 734 1143 sunt
759 1110 924 1150 lectores,
951 1117 989 1144 ut
1009 1123 1069 1144 co—

77 1160 206 1202 gitent,
234 1158 317 1203 quid
347 1158 413 1201 piis
436 1156 520 1191 haec
544 1160 666 1193 concio
694 1161 840 1203 Angeli,
869 1168 900 1195 et
925 1159 991 1194 hoc
1017 1168 1069 1195 te-

77 1210 284 1244 stimonium
309 1210 473 1242 utilitatis
501 1211 645 1244 adserat.
699 1211 887 1255 perspicue
909 1213 1068 1246 refutan-

76 1269 134 1295 tur
166 1261 275 1294 multa
309 1259 520 1293 ludaeorum
549 1262 794 1296 deliramenta.
862 1262 952 1296 Nam
987 1276 1066 1296 cum

75 1313 225 1345 durante
249 1311 370 1355 politia
392 1310 533 1344 Iudaica
559 1313 655 1346 nasci
675 1312 840 1346 Messiam
858 1315 1066 1357 oportuerit,

73 1369 111 1396 ut
145 1360 201 1395 hic
233 1361 381 1402 dicitur,
416 1373 556 1395 necesse
586 1370 635 1396 est
659 1370 782 1396 natum
811 1371 843 1397 ct
868 1362 1064 1398 exhibitum

74 1413 177 1447 nobis
201 1424 274 1445 esse
301 1411 481 1446 ⁷Messiam.
551 1412 771 1447 Refutantur
796 1415 900 1448 etiam
926 1416 1063 1449 somnia

72 1467 115 1497 de
131 1465 312 1497 mundano
333 1463 481 1506 imperio
500 1462 670 1505 Messiae,
699 1467 790 1510 quod
809 1464 924 1499 adhuc
944 1466 1063 1500 Iudaei

73 1516 141 1549 sibi
171 1515 396 1559 pollicentur.
460 1514 638 1549 Docemur
668 1517 710 1549 (le
738 1517 898 1560 passione
919 1515 1064 1560 Christi,

73 1574 105 1600 et
131 1568 173 1599 de
196 1566 289 1598 veris
310 1565 506 1608 beneficiis,
535 1567 578 1598 (le
597 1567 771 1600 abolendo
793 1576 951 1611 peccato,
977 1570 1063 1603 abo-

72 1618 175 1651 lenda
207 1624 340 1656 morte,
385 1617 428 1648 de
461 1617 685 1650 restitutione
717 1618 876 1651 iusticiae
908 1627 940 1654 et
971 1620 1062 1654 vitae

71 1675 245 1702 aeternae.
327 1667 490 1711 Denique
519 1680 691 1700 summam
726 1668 910 1712 Evangelii
942 1671 1062 1714 paucis

70 1719 251 1753 versiculis
270 1718 426 1760 Angelus
451 1719 653 1762 complexus
676 1726 735 1754 est.
789 1719 936 1754 Prodest
956 1721 1063 1764 igitur

69 1769 154 1804 haec
185 1770 308 1802 concio
328 1769 455 1812 Angeli
481 1769 547 1812 piis
574 1770 752 1803 mentibus
781 1773 823 1803 ad
847 1773 1061 1805 conlirman-
1087 1793 1089 1798 ν

69 1823 149 1855 dam
173 1821 294 1860 fidem,
323 1820 405 1864 quia
431 1820 554 1853 vident
575 1828 738 1859 eventus,
765 1823 823 1866 qui
841 1823 878 1854 in
898 1821 1059 1866 Evange-

69 1873 117 1906 lio
134 1871 403 1911 describuntur,
432 1884 509 1903 cum
531 1872 773 1915 praedictione
791 1885 993 1916 congruere.

171 1947 274 1981 Nunc
289 1947 446 1980 breviter
464 1953 597 1980 textum
614 1959 828 1992 percurram.

68 2035 320 2079 Septuaginta
342 2031 595 2067 hebdomades
614 2036 813 2078 praecisae
833 2039 923 2069 sunt
945 2046 1060 2080 super

78 2084 255 2129 populum
271 2088 380 2118 tuum
398 2088 435 2118 et
449 2096 564 2130 super
580 2084 708 2120 urbem
725 2090 901 2121 sanctam·
918 2091 1037 2121 tuam.

172 2151 211 2185 ld
236 2158 303 2193 est,
330 2152 415 2185 anni
434 2152 507 2188 490
535 2154 710 2197 praefiniti
734 2161 817 2187 sunt
841 2166 901 2187 seu
925 2155 1058 2189 consti-

67 2204 144 2240 tuti.
207 2202 295 2236 Nam
322 2202 358 2235 id
382 2200 477 2237 haud
502 2205 609 2237 dubie
632 2204 806 2248 significat
829 2206 1056 2247 vocabulum,

67 2268 138 2302 quo
161 2253 289 2287 Daniel
313 2254 433 2288 utitur.
495 2254 704 2300 Tantisper,
740 2257 874 2302 inquit,
910 2254 967 2290 hic
993 2269 1056 2301 po-

66 2307 171 2352 pulus
195 2313 226 2339 et
250 2305 334 2336 urbs
355 2311 485 2343 vestra,
512 2304 578 2339 hoc
595 2314 662 2348 est,
689 2309 774 2341 urbs
793 2316 823 2341 et
843 2307 963 2351 politia
982 2320 1056 2341 ser-

65 2357 207 2391 vabitur
238 2357 279 2388 ad
304 2355 337 2387 id
364 2361 501 2398 ternpus
524 2368 653 2402 usque,
691 2371 760 2404 quo
785 2359 929 2392 finietur
954 2371 1054 2403 prae-

64 2407 247 2447 varicati0‚
276 2413 307 2439 et
326 2406 509 2439 claudetur
527 2415 723 2450 peccatum,
750 2410 785 2443 id
805 2417 873 2449 est,
902 2423 973 2455 quo
992 2422 1054 2454 per

64 2561 239 2596 delebitur
267 2559 361 2592 enim
394 2559 430 2590 in
467 2557 537 2597 his,
574 2559 635 2604 qui
660 2558 852 2604 Evangelio
880 2564 1048 2596 credituri

64 2619 161 2652 sunt,
196 2622 256 2643 seu
285 2610 346 2655 qui
375 2616 491 2654 postea
517 2617 620 2643 erunt
646 2612 801 2644 membra
827 2614 948 2656 populi
971 2613 1047 2646 Dei.

61 2661 140 2697 Etsi
161 2661 254 2695 enim
280 2661 317 2694 in
340 2658 406 2694 hac
424 2662 563 2696 mortali
582 2661 651 2696 vita
671 2669 816 2697 manent
835 2664 869 2696 in
888 2662 960 2704 his,
988 2666 1048 2710 qui

587 80 639 116 IN
666 79 930 118 DANIELEM
959 80 1279 119 PROPHETAM
1311 79 1734 120 COMMENTARIUS.

2053 82 2128 119 890

1106 192 1107 201 1
1134 181 1196 213 per
1210 167 1446 211 Evangelium
1468 170 1581 203 renati
1605 176 1708 210 sunt,
1737 168 1960 202 imbecillitas
1979 176 2125 203 naturae

1133 220 1285 253 carnalis
1317 231 1517 262 repugnans
1551 221 1619 263 legi
1647 219 1733 260 Dei,
1768 226 1801 253 et
1830 231 1926 252 mors
1957 221 2125 263 corporis,

1131 278 1248 304 tamen
1273 271 1435 303 remissio
1461 272 1703 313 praedicatur,
1731 278 1764 305 et
1787 277 1965 315 peccatum
1991 277 2058 311 est,
2085 278 2124 303 ut

1132 319 1189 355 hic
1221 321 1369 359 dicitur,
1406 322 1585 363 clausum,
1621 329 1750 356 tectum
1773 322 2053 361 condonatione,
2089 328 2123 354 et

1131 373 1294 407 incoatur
1310 383 1457 415 regnum
1474 370 1627 413 Christi,
1655 385 1747 406 nova
1767 374 1898 416 agnitio
1915 372 2000 411 Dei,
2029 384 2121 405 nova

1130 424 1268 457 iusticia
1293 430 1325 457 et
1349 423 1421 456 vita
1446 431 1587 456 aeterna
1614 423 1650 456 in
1675 421 1750 465 his,
1785 425 1846 469 qui
1870 425 1914 458 ad
1938 422 2120 458 Christum

1130 481 1398 509 convertuntur.

1368 572 1413 603 Et
1441 568 1659 613 expiabitur
1686 570 1883 614 iniquitas.

1230 638 1298 671 Hic
1345 638 1497 670 declarat
1543 638 1700 679 Angelus
1742 638 1879 682 priores
1920 637 2119 680 particulas.

1129 687 1320 730 Quomodo
1347 689 1490 722 finietur
1516 688 1724 732 peccatum?
1778 688 1835 720 Sic
1860 687 2010 725 scilicet,
2038 688 2120 732 quia

1128 740 1184 771 fiet
1210 740 1380 782 expiatio,
1410 740 1465 772 fiet
1491 739 1700 771 sacrificinm
1719 738 1870 772 Messiae
1896 738 2121 782 promissum,

1127 802 1196 834 quo
1216 792 1288 823 solo
1307 797 1404 833 pater
1422 797 1584 823 aeternus
1603 790 1811 834 placabitur.

1316 886 1361 918 Et
1388 887 1514 919 veniet
1544 887 1699 919 iusticia
1727 889 1926 930 perpetua.

1228 950 1405 985 [Tsitatum
1428 960 1478 985 est
1495 949 1702 996 Prophetis,
1731 964 1809 985 cum
1829 954 1872 985 (le
1889 963 1996 995 regno
2013 949 2117 985 Chri-

1125 1003 1167 1035 sti
1199 1002 1417 1047 loquuntur,
1462 1003 1648 1047 complecti
1680 1003 1854 1046 integram
1888 1002 2118 1036 instauratio-

1124 1065 1223 1094 nem,
1261 1054 1394 1087 abolito
1425 1061 1567 1098 peccato
1581 1081 1589 1095 ‚
1625 1054 1757 1088 abolita
1789 1062 1918 1094 morte,
1955 1065 1994 1086 eo
2027 1060 2117 1087 tem-

1124 1117 1207 1149 pore
1234 1102 1459 1138 exhibebitur
1483 1118 1574 1138 nova
1592 1111 1625 1138 et
1642 1113 1809 1149 perpetua
1828 1105 1963 1138 iusticia
1983 1111 2016 1138 et
2034 1104 2118 1144 vita,

1123 1168 1211 1200 quae
1236 1156 1271 1188 in
1293 1154 1356 1189 hac
1372 1156 1513 1189 mortali
1532 1156 1602 1190 vita
1621 1168 1683 1200 per
1701 1154 1955 1199 Evaugelhnn,
1983 1162 2015 1189 et
2033 1155 2115 1188 dato

1122 1208 1258 1250 Spiritu
1285 1215 1405 1241 sancto
1432 1208 1612 1248 iucoatur,
1640 1208 1698 1240 sed
1727 1215 1845 1251 postea
1864 1214 1941 1252 post
1959 1218 2116 1239 resurre-

1121 1259 1275 1291 ctionem
1293 1258 1359 1292 erit
1375 1258 1522 1301 integra.

1263 1355 1309 1386 Et
1335 1351 1552 1399 signabitur
1577 1351 1775 1397 prophetia
1804 1356 1842 1385 et
1869 1354 1975 1386 visio.

1222 1420 1262 1454 Id
1293 1427 1362 1462 est,
1405 1421 1642 1465 complebitur
1671 1433 1709 1454 ac
1740 1421 1902 1460 finietur,
1938 1418 2113 1458 videlicet,

1088 1471 1091 1508 Ξ
1119 1472 1199 1515 quia
1234 1472 1404 1516 promissa
1438 1473 1474 1504 in
1507 1470 1703 1517 prophetiis
1736 1471 1778 1505 de
1804 1470 1934 1505 Messia
1964 1468 2111 1504 exhibe—

1118 1524 1261 1559 buntur.

1265 1619 1311 1651 Et
1338 1623 1503 1664 ungetur
1530 1620 1698 1652 Sanctus
1726 1621 1959 1651 sanctorum.

1218 1693 1258 1726 Itl
1285 1699 1355 1736 est,
1383 1694 1539 1738 pontIsex
1564 1700 1596 1727 et
1618 1705 1678 1726 rex
1705 1693 1748 1726 ab
1765 1700 1907 1726 aeterno
1926 1697 2025 1736 patre
2040 1703 2109 1724 un-

1116 1752 1210 1785 ctus,
1247 1745 1282 1777 id
1308 1752 1377 1785 est,
1411 1745 1557 1782 missus,
1592 1751 1631 1778 ut
1656 1745 1824 1787 fungatur
1846 1754 1994 1776 munere
2017 1754 2109 1787 pon-

1117 1797 1217 1829 titicis
1240 1802 1273 1828 et
1297 1795 1406 1838 regis,
1442 1803 1472 1829 et
1499 1795 1659 1838 perfusus
1684 1794 1820 1838 Spiritu
1846 1800 1977 1827 sancto.
2040 1792 2108 1826 Hic

1116 1848 1278 1891 inquam:
1309 1845 1471 1879 Pontifex
1497 1853 1529 1879 et
1555 1859 1613 1878 rex
1628 1845 1775 1879 Messias
1793 1846 1864 1889 ipse
1882 1852 1965 1878 tunc
1982 1845 2107 1883 aderit,

1115 1906 1147 1931 et
1179 1910 1325 1930 niune-re
1358 1909 1421 1929 suo
1452 1898 1635 1939 fungetur,
1686 1897 1827 1930 docebit
1857 1894 2106 1939 Evangelium,

1114 1949 1321 1982 sacrificium
1347 1960 1448 1981 suum
1475 1948 1618 1987 offeret,
1646 1949 1806 1981 ostendet
1835 1959 1869 1980 se
1890 1958 1961 1980 csse
1979 1945 2107 1980 Domi-

1114 2012 1217 2039 num,
1252 2011 1313 2043 per
1337 2011 1440 2044 quem
1466 1998 1560 2032 Deus
1585 1999 1720 2031 aboleri
1747 2005 1925 2041 peccatum
1951 2005 1983 2031 et
2009 2009 2107 2030 mor-

1113 2059 1181 2084 tem
1206 2051 1311 2091 velit,
1345 2049 1577 2083 sanctificabit
1600 2050 1798 2090 credentes,
1826 2050 1861 2082 id
1888 2055 1955 2089 est,
1982 2048 2105 2082 remit-

1112 2109 1161 2136 tet
1182 2102 1230 2135 eis
1258 2108 1414 2145 peccata,
1438 2108 1471 2134 et
1496 2100 1653 2134 effundet
1676 2100 1714 2133 in
1741 2112 1798 2134 eos
1825 2099 1998 2144 Spiritum
2022 2110 2103 2132 san-

1111 2160 1218 2188 ctum.
1251 2152 1353 2186 Clare
1372 2152 1479 2195 igitur
1495 2152 1656 2185 adfirmat
1675 2158 1759 2185 tunc
1777 2153 2012 2185 adventurum
2031 2161 2102 2183 esse

1111 2203 1276 2238 Messiam
1294 2204 1519 2248 promissum.

1214 2254 1261 2289 Ut
1284 2263 1399 2288 autem
1420 2253 1601 2298 pontifices
1618 2259 1650 2286 et
1669 2265 1764 2296 reges
1782 2253 2022 2294 ungebantur,
2051 2251 2099 2283 sic

1109 2313 1140 2340 et
1158 2305 1272 2339 Filius
1288 2305 1374 2345 Dei,
1402 2318 1479 2339 cum
1504 2305 1674 2344 mittitur,
1697 2304 1782 2347 ungi
1807 2304 1955 2342 dicitur,
1981 2303 2017 2335 id
2036 2310 2100 2342 est,

1108 2357 1200 2391 mitti
1233 2358 1275 2390 ad
1305 2356 1524 2389 functionem
1549 2356 1734 2388 sacerdotii
1760 2361 1791 2387 et
1817 2354 1905 2397 regii
1929 2353 2099 2393 muneris,

1108 2416 1139 2441 et
1165 2408 1330 2452 perfundi
1355 2407 1491 2450 Spiritu
1518 2412 1657 2445 sancto,
1685 2412 1723 2438 nt
1749 2403 1872 2441 Iollan.
1890 2404 1925 2439 6.
1951 2404 2097 2437 dicitur:

66 2461 254 2494 adventum
273 2456 424 2489 M‹›ssiae
441 2457 616 2491 dolebitur
631 2467 829 2501 peccatum,
858 2459 1052 2494 cumChri-
1078 2449 1081 2494 ,3
1107 2459 1211 2492 Hunc
1244 2459 1348 2492 Pater
1377 2457 1529 2500 signavit
1555 2455 1666 2496 Duus,
1702 2456 1735 2488 id
1770 2464 1835 2496 est,
1872 2455 2098 2500 peculiariter

65 2518 137 2546 stus
154 2510 221 2542 erit
239 2508 398 2548 victima,
426 2515 458 2541 et
477 2520 555 2541 cum
571 2506 804 2552 Evangeliutn
822 2513 1051 2551 revelabitur,
1077 2545 1079 2550 ,

1105 2524 1216 2543 unum
1244 2507 1338 2542 hunc
1363 2511 1404 2541 ad
1430 2515 1566 2542 tantum
1591 2519 1720 2540 munus
1742 2508 1889 2550 delegit,
1931 2513 1965 2540 et
1989 2506 2096 2539 misit.

1110 2561 1234 2605 lngcns
1259 2569 1289 2593 et
1309 2559 1556 2592 inenarrabilis
1576 2565 1623 2590 est
1642 2559 1690 2590 ira
1709 2557 1772 2590 Dei
1794 2560 1960 2591 adversus
1974 2569 2097 2602 pecca-

1106 2621 1177 2645 tuin
1204 2611 1341 2656 generis
1366 2607 1533 2650 humani,
1562 2621 1626 2641 nec
1652 2609 1724 2641 nlla
1749 2609 1891 2643 victima
1918 2609 2004 2649 alia,
2032 2620 2097 2640 nec

1103 2664 1173 2697 alio
1201 2663 1306 2696 modo
1329 2661 1499 2706 placanda
1524 2666 1616 2701 erat,
1645 2660 1713 2694 nisi
1734 2660 1985 2695 intercessione
2001 2659 2097 2700 Filii,
