2379 2948
132 70 231 106 1253

228 155 369 198 Primo,
387 157 474 201 petit
490 156 735 191 remissionem
758 162 997 200 peccatorum·

230 215 407 257 Secundo,
424 217 552 252 intexit
569 216 750 262 querelam
768 216 812 249 de
829 216 1077 259 magnitudine
1092 224 1125 250 et

127 267 265 311 origine
282 269 427 313 peccati.

228 327 354 362 Postea
379 328 463 362 facit
491 327 710 361 mentionem
728 326 960 361 Mediatoris:
988 324 1123 374 Asper-

123 390 186 423 ges
204 391 258 413 me
274 377 439 413 Domine
460 375 634 425 hyssopo.

230 438 388 482 Quarto,
421 438 508 482 petit
537 449 572 470 se
605 435 836 480 sanctificari,
871 444 904 470 et
930 437 1121 480 gubernari

124 489 263 534 Spiritu
283 496 414 524 sancto.

227 548 376 592 Quinto,
394 548 497 582 offert
514 559 613 581 suam
633 548 887 592 gratitudinem
900 549 937 582 in
948 550 1120 585 docendo.

226 608 350 650 Sexto,
378 610 465 653 petit
481 609 744 653 mitigationem
763 621 981 657 poenarum,
1006 618 1045 645 ut
1055 613 1120 644 do-

123 671 200 693 cere
223 661 342 704 possit.

225 719 400 764 Septimo,
419 720 506 764 petit
524 720 712 754 auxilium:
735 718 900 753 Domine
918 718 1021 753 labia
1038 732 1118 754 mea

122 770 275 817 aperies,

224 828 383 872 Octavo,
411 831 581 865 discernit
597 831 765 864 sacrificia
791 838 823 865 et
841 832 973 872 cultus,
1002 839 1065 868 etc.

220 889 346 932 Nono,
373 898 538 935 precatur
555 903 618 936 pro
636 899 708 926 tota
726 891 893 927 Ecclesia.

222 948 274 984 Ac
289 950 504 984 nominatim
522 951 610 999 petit
630 951 934 985 conservationem
959 951 1123 985 ministe-

120 1001 184 1042 rii,
213 1008 245 1035 et
271 1009 311 1036 ut
334 1002 437 1036 multi
461 1003 504 1035 ad
531 1001 645 1036 Deum
670 1009 943 1043 convertantur,
980 1010 1011 1036 et
1034 1016 1115 1036 vera

118 1052 288 1087 sacrificia
313 1060 505 1098 praestent:
543 1051 709 1102 Benesccc
732 1052 897 1087 Domine
928 1052 1021 1087 Sion
1046 1053 1116 1087 cle-

117 1108 262 1143 menter,
293 1109 330 1138 ut
350 1102 589 1150 aedificentur
604 1105 705 1139 muri
721 1104 974 1145 Hierusalem,
1004 1106 1038 1139 id
1052 1113 1113 1147 est,

115 1161 156 1188 ut
173 1163 402 1189 conservetur
419 1164 451 1188 et
466 1164 636 1198 augeatur
652 1157 807 1191 Ecclesia
820 1183 829 1195 ,
858 1156 986 1192 habeat
1005 1158 1114 1190 mini-

116 1205 263 1240 sterium
281 1206 453 1247 docendi,
480 1204 646 1240 honestas
670 1207 959 1250 congregationes
988 1214 1022 1240 et
1047 1206 1112 1240 ho-

118 1257 242 1301 spitia,
275 1264 308 1291 et
334 1257 459 1291 offerat
486 1258 550 1291 tibi
580 1259 747 1291 sacrificia
772 1258 954 1299 iusticiae,
988 1259 1023 1292 id
1050 1266 1111 1297 est,

117 1321 235 1342 veram
263 1309 457 1350 iusticiam,
485 1310 577 1343 colat
598 1317 630 1343 te
652 1322 733 1343 vera
757 1311 1007 1350 conversione,
1033 1311 1111 1352 fide,

116 1360 265 1401 timore,
293 1371 373 1408 spe,
401 1360 592 1404 patientia,
621 1367 654 1394 et
677 1362 757 1394 aliis
774 1362 968 1396 virtutibus
992 1375 1010 1395 a
1034 1361 1110 1396 Deo

116 1411 305 1445 mandatis.
362 1411 413 1446 lta
426 1412 523 1456 prius
541 1413 697 1456 postulat
716 1413 905 1446 interiores
922 1414 1050 1455 cultus,
1068 1416 1111 1447 de

116 1463 246 1508 quibus
268 1475 370 1507 saepe
398 1464 549 1504 dicitur,
585 1471 624 1497 ut
656 1465 688 1498 1.
705 1463 780 1499 Pet.
801 1466 853 1499 2.:
883 1463 1023 1500 Offerte
1044 1463 1110 1499 ho-

115 1514 199 1548 stias
230 1514 449 1560 spiritualeS,
486 1523 644 1560 acceptas
668 1514 745 1550 Deo
771 1529 833 1560 per
864 1516 978 1551 lesum
1004 1515 1111 1551 Chri-

115 1573 221 1602 stum.
275 1564 414 1599 Deinde
431 1567 571 1612 placent
591 1575 623 1601 et
639 1568 859 1601 ceremoniae
877 1581 895 1602 a
914 1569 989 1603 Deo
1008 1569 1112 1602 insti—

115 1624 229 1658 tutae,
257 1629 336 1651 cum
353 1619 442 1653 fiunt
459 1625 499 1652 ut
516 1619 753 1652 ministerium
774 1620 956 1664 publicum
978 1622 1111 1655 incon-

115 1669 318 1712 gregatione
336 1677 583 1707 conservetur,
609 1671 655 1703 ita
681 1668 738 1703 hic
756 1671 890 1715 inquit:
918 1669 1025 1704 Tunc
1042 1672 1110 1704 im-

112 1723 247 1766 ponent
266 1731 375 1766 super
393 1718 514 1753 altare
532 1724 633 1752 tuum
654 1718 800 1760 vitulos,
829 1721 864 1754 id
881 1729 944 1762 est,
968 1720 1035 1756 hoc
1051 1735 1110 1767 pe-

116 1779 170 1811 to,
196 1779 236 1805 ut
253 1771 430 1815 publicam
452 1772 760 1815 congregationem
784 1780 944 1817 protegas
969 1781 1003 1808 ct
1026 1787 1113 1807 con—

116 1834 251 1863 serves,
288 1823 325 1855 in
350 1836 417 1869 qua
446 1836 513 1857 vox
540 1823 722 1856 doctrinae
745 1824 973 1870 incorruptae
1000 1833 1111 1867 sonet,

116 1882 149 1908 et
169 1874 272 1907 multi
290 1875 332 1907 ad
349 1882 382 1908 te
401 1882 674 1913 convertantur,
704 1882 736 1909 et
756 1876 841 1909 fiant
865 1874 1033 1911 haeredes
1057 1879 1109 1911 vi-

115 1933 168 1959 tae
187 1932 368 1967 aeternae,
397 1934 429 1960 et
454 1927 643 1960 ostendant
667 1927 922 1961 confessionem
951 1935 984 1962 et
1006 1929 1109 1963 invo-

116 1978 289 2011 cationem
308 1978 345 2011 in
361 1979 500 2023 publica
518 1979 801 2021 congregatIOne.

372 2098 501 2132 Alia
538 2103 851 2134 enarratio

442 2173 599 2214 Psalmi
624 2174 786 2215 XXXI.

167 2256 279 2289 Beati
300 2266 452 2300 quorum
470 2259 650 2291 remissae
665 2262 775 2300 sunt,
805 2262 874 2291 etc,

215 2339 376 2372 Psalmus
391 2339 451 2374 31.
470 2347 519 2373 est
536 2341 672 2383 generis
689 2341 916 2384 didascalici,
945 2349 994 2375 est
1018 2342 1111 2375 enim

115 2392 276 2425 doctrina
297 2391 339 2423 de
358 2390 607 2424 iustificatione
631 2404 691 2425 seu
708 2394 751 2425 de
772 2393 1073 2430 reconciliatione.

221 2451 362 2484 Primus
385 2463 507 2484 versus
535 2453 691 2486 continet
717 2454 953 2487 universalem
979 2454 1112 2487 doctri-

115 2516 208 2537 nam.

218 2563 382 2597 Secundo
398 2563 541 2596 additur
560 2563 774 2606 exemplum:
805 2563 1111 2610 narratProplieta
1138 2577 1139 2599 1

1138 2617 1140 2634 ¹*
1163 2616 1389 2651 invocatione
1414 2613 1507 2648 hanc
1531 2614 1731 2647 doctrinam
1757 2621 1790 2648 et
1808 2615 2086 2648 consolationem
2104 2626 2159 2647 as-

1138 2664 1140 2671 ’
1163 2670 1264 2703 sidue
1284 2667 1394 2712 repeti
1411 2678 1548 2700 necesse
1570 2673 1637 2699 est:
1666 2664 1740 2699 Iam
1758 2667 1864 2699 verba
1882 2667 2138 2711 expendantur.

116 2627 214 2649 suam
234 2615 364 2648 luctam
384 2621 417 2648 et
435 2614 712 2648 consolationem
725 2640 733 2653 ,
764 2624 797 2649 et
815 2616 852 2649 in
869 2629 932 2650 suo
953 2617 1112 2660 exemplo

115 2666 363 2711 complectitur
394 2665 667 2711 promissionem
698 2668 916 2701 remissionis
952 2676 1112 2716 peccato-

168 2720 346 2751 Mrraxrn.
377 2720 479 2751 Orsa.
507 2719 589 2750 Voc.
620 2717 712 2750 XlII.

750 69 811 104 IX.
869 65 1236 105 COMMENTARH
1264 66 1314 101 IN
1341 65 1587 105 PSALMOS.

2088 72 2185 106 1234

1180 166 1279 197 rum,
1308 160 1340 187 et
1357 155 1484 198 repetit
1502 154 1701 188 doctrinam
1719 155 1899 200 quomodo
1913 153 2076 190 homines
2094 169 2177 191 san-

1178 205 1242 246 cti,
1268 205 1352 238 iusti
1371 206 1454 239 fiant
1475 218 1592 239 coram
1614 204 1699 240 Deo.

1281 272 1406 306 Tertio
1424 282 1622 319 sequuntur
1648 274 1903 318 promissiones
1920 276 1963 308 de
1980 278 2175 311 sanctifica-

1176 324 1273 358 tione
1291 331 1323 358 et
1340 326 1610 368 gubernatione,
1640 325 1862 360 Intellectum
1883 327 1948 361 tibi
1969 328 2072 363 dab0.

1279 392 1435 435 Quarto,
1461 394 1622 426 doctrina
1642 395 1685 427 de
1702 394 1814 427 causis
1832 391 2061 429 horribilium
2081 397 2174 430 cala-

1176 444 1337 478 mitatum
1369 445 1406 476 in
1432 451 1505 477 toto
1537 456 1664 487 genere
1689 442 1865 486 humano,
1904 447 2034 491 quibus
2059 449 2174 492 repri-

1174 502 1323 530 muntur
1347 501 1380 528 et
1401 495 1567 529 delentur
1585 497 1699 540 impii.
1755 495 1893 530 Interea
1915 505 2032 531 tamen
2048 498 2172 533 Sancti

1174 547 1237 580 etsi
1254 547 1511 591 aliquantisper
1527 547 1634 580 simul
1652 547 1872 589 affliguntur,
1892 550 2034 582 tandem
2052 557 2170 584 tamen

1173 599 1387 642 eripiuntur.
1443 597 1543 630 Finis
1565 594 1689 637 πάθος
1719 606 1785 639 est,
1815 599 1914 633 iubet
1939 600 2060 634 laetari
2080 601 2171 635 San-

1173 657 1264 693 ctos,
1289 656 1322 683 et
1338 648 1412 683 Deo
1428 649 1556 693 gratias
1574 661 1686 692 agere.

1277 742 1422 777 Initium
1441 742 1573 776 Psalmi
1599 749 1648 777 est
1672 743 1868 787 propositio
1895 745 2082 778 continens
2103 747 2169 779 do-

1172 795 1320 829 ctrinam
1341 796 1384 827 de
1404 795 1673 832 iustificatione,
1698 795 1788 828 sicut
1811 806 1911 839 saepe
1935 807 1952 828 a
1979 797 2168 840 praecipuo

1171 847 1289 892 aliquo
1316 847 1393 879 loco
1417 846 1590 880 ordimur.
1643 845 1705 879 Est
1729 853 1844 880 autem
1871 847 2063 888 sententia,
2102 846 2167 881 ho-

1171 899 1282 930 mines
1309 898 1399 930 fiunt
1423 898 1533 937 beati,
1565 898 1599 930 id
1628 905 1698 937 est,
1735 898 1816 930 iusti
1843 910 1960 930 coram
1985 897 2060 932 Deo
2092 911 2165 933 non

1169 955 1314 997 propter
1333 949 1474 993 propria
1491 961 1615 993 opera,
1642 949 1788 982 virtutes
1814 956 1846 982 et
1872 949 2078 994 qualitates,
2106 953 2165 984 sed

1168 1001 1375 1044 accipiendo
1400 1001 1467 1033 fide
1490 1000 1732 1033 remissionem
1758 1007 1998 1048 peccatorum,
2022 1014 2090 1046 qua
2115 1010 2165 1036 te—

1166 1059 1316 1095 guntur,
1341 1059 1373 1085 et
1396 1064 1469 1085 non
1492 1053 1714 1096 imputantur
1738 1058 1893 1094 peccata,
1915 1064 1994 1084 cum
2021 1053 2165 1098 quidem

1167 1110 1200 1137 et
1217 1104 1374 1137 fatentur
1390 1115 1424 1137 se
1444 1115 1522 1136 reos
1542 1115 1632 1144 esse,
1658 1111 1691 1137 et
1720 1103 1768 1136 sic
1786 1104 1958 1136 accedunt
1977 1105 2019 1136 ad
2035 1103 2164 1145 Deum,

1165 1162 1203 1189 ut
1221 1156 1364 1188 credant
1391 1167 1425 1188 se
1449 1155 1556 1199 recipi
1576 1155 1683 1198 gratis
1702 1166 1764 1199 per
1781 1154 2062 1187 misericordiam
2080 1168 2164 1199 pro-

1166 1212 1240 1248 pter
1258 1206 1515 1247 Mediatorem,
1539 1219 1612 1239 non
1638 1213 1783 1251 propter
1804 1206 1984 1250 propriam
2007 1206 2162 1250 dignita—

1164 1263 1232 1289 tem
1250 1263 1310 1289 aut
1329 1257 1465 1290 merita.

1267 1315 1384 1349 Verba
1400 1316 1532 1350 Psalmi
1551 1317 1735 1359 perspicua
1762 1322 1863 1355 sunt,
1892 1323 1923 1350 et
1948 1317 2024 1349 sine
2045 1319 2160 1352 ambi-

1163 1368 1294 1410 guitate
1310 1365 1401 1400 hanc
1420 1367 1630 1401 sententiam
1649 1368 1810 1411 gignunt,
1837 1380 1941 1412 quam
1962 1369 2160 1410 recitamus,

1162 1426 1194 1452 et
1214 1418 1346 1451 Paulus
1366 1419 1448 1452 citat
1475 1417 1541 1451 hoc
1561 1418 1695 1452 dictum
1723 1419 1759 1451 in
1787 1416 1850 1451 hac
1876 1419 1995 1452 nativa
2015 1426 2161 1453 senten-

1163 1471 1222 1506 tia.
1277 1470 1479 1503 Teneamus
1514 1481 1594 1511 ergo
1630 1467 1721 1503 hanc
1755 1470 1955 1503 doctrinam
1988 1478 2159 1515 perpetuo

1162 1533 1337 1556 consensu
1354 1521 1392 1555 in
1412 1519 1600 1566 Prophetis
1616 1529 1648 1555 et
1661 1520 1843 1566 Apostolis
1862 1522 2047 1561 traditam,
2067 1534 2160 1556 sem-

1164 1586 1225 1618 per
1248 1574 1286 1606 in
1314 1574 1547 1606 conversione
1573 1579 1606 1606 et
1633 1572 1878 1609 invocatione,
1907 1572 1956 1605 sic
1981 1574 2025 1605 ad
2042 1572 2157 1608 Deum

1162 1625 1401 1658 accedendum
1419 1636 1510 1665 esse,
1536 1631 1575 1657 ut
1602 1624 1638 1655 in
1660 1623 1752 1657 veris
1770 1623 1955 1656 doloribus
1973 1625 2157 1659 credamus

1163 1688 1243 1709 vere
1262 1687 1328 1708 nos
1351 1676 1458 1719 recipi
1486 1682 1629 1719 propter
1649 1674 1902 1716 Mediatorem‚
1932 1683 1964 1708 et
1989 1687 2052 1709 nos
2084 1688 2157 1710 esse

1163 1727 1294 1767 iustus,
1324 1727 1357 1759 id
1380 1734 1449 1767 est,
1476 1733 1636 1770 acceptos
1654 1724 1729 1759 Deo
1747 1726 1856 1772 gratis
1874 1738 1936 1770 per
1952 1727 2154 1761 misericor-

1163 1779 1257 1811 diam
1295 1785 1438 1822 propter
1463 1777 1720 1819 Mediatorem,
1755 1779 1845 1811 sicut
1868 1776 1975 1812 Rom.
2003 1776 2039 1812 5.
2067 1780 2157 1813 dici-

1163 1837 1235 1863 tur:
1267 1828 1449 1863 [ustificati
1475 1829 1542 1862 fide
1570 1841 1689 1873 pacem
1710 1827 1900 1868 habemus,
1931 1836 1963 1863 et
1979 1842 2154 1863 accessum

1162 1882 1203 1914 ad
1224 1880 1358 1921 Deum,
1386 1888 1418 1915 et
1444 1879 1531 1914 haec
1556 1881 1640 1913 fides
1664 1881 1792 1913 nititur
1815 1880 2018 1913 obedientia
2047 1880 2157 1915 Chri—

1161 1933 1224 1973 sti,
1253 1933 1342 1966 sicut
1360 1929 1537 1965 Iohannes
1556 1930 1690 1976 inquit:
1719 1930 1872 1974 Sanguis
1896 1930 1971 1964 eius
1995 1933 2159 1976 purificat

1163 1996 1226 2017 nos
1244 1985 1287 2016 ah
1303 1983 1471 2016 omnibus
1491 1982 1654 2027 peccatis.

1264 2041 1355 2077 Cum
1382 2043 1492 2086 igitur
1516 2040 1574 2075 hie
1599 2042 1636 2074 in
1665 2041 1804 2076 Psalmo
1828 2043 1865 2076 fit
1881 2043 2014 2077 mentio
2031 2044 2156 2076 remis-

1163 2095 1273 2129 sionis
1291 2102 1533 2139 peccatorum,
1560 2094 1712 2127 sciamus
1737 2094 1873 2127 includi
1897 2095 2094 2128 doctrinam
2113 2096 2157 2128 de

1164 2146 1365 2180 Mediatore
1383 2153 1415 2180 et
1431 2147 1474 2179 de
1493 2146 1571 2186 fide,
1594 2145 1675 2190 quia
1693 2143 1933 2186 bicPsalmus‚
1961 2152 1994 2179 et
2010 2146 2156 2186 similes,

1164 2198 1238 2232 nati
1259 2205 1341 2231 sunt
1367 2210 1406 2230 ex
1426 2198 1538 2242 prima
1562 2197 1814 2241 promissione,
1842 2203 1874 2230 et
1897 2203 1979 2230 sunt
2003 2197 2156 2230 coniun-

1164 2250 1298 2293 gendae
1331 2250 1417 2283 tales
1453 2248 1659 2287 conciones,
1693 2255 1732 2281 ut
1766 2247 1908 2280 Psalmo
1934 2248 1969 2281 2.
2007 2248 2155 2281 dicitur:

1165 2299 1392 2335 Osculamini
1407 2300 1552 2339 Filium,
1582 2298 1681 2332 Beati
1699 2310 1822 2332 omnes
1838 2299 1899 2344 qui
1919 2299 2103 2333 confidunt
2119 2300 2156 2332 iu

1164 2365 1257 2386 eum.
1310 2351 1356 2386 Et
1384 2364 1462 2385 cum
1485 2349 1552 2383 boc
1578 2351 1683 2383 modo
1709 2350 1878 2393 erigimur
1892 2350 1978 2390 fide,
2003 2350 2157 2384 vivificat

1164 2416 1228 2437 nos
1253 2403 1367 2437 Filius
1392 2403 1477 2441 Dei,
1513 2409 1546 2435 et
1571 2403 1630 2435 dat
1664 2401 1767 2434 nobis
1791 2402 1834 2434 de
1857 2400 1994 2446 Spiritu
2010 2413 2093 2440 suo,
2119 2410 2159 2436 ut

1160 2454 1314 2489 Ioannes
1333 2455 1470 2499 inquit,
1497 2460 1536 2486 ut
1552 2459 1671 2497 postea
1689 2452 1840 2485 dicetur.

1267 2511 1499 2546 Intellectum
1519 2510 1589 2544 tibi
1603 2510 1717 2549 dabo,
1746 2515 1805 2544 etc.
1841 2510 1936 2545 Haec
1954 2512 1999 2545 ita
2019 2512 2055 2544 in
2073 2525 2158 2545 con-

1163 2566 1325 2600 versione
1351 2564 1425 2597 fieri
1451 2576 1522 2596 non
1542 2563 1691 2596 dubium
1718 2569 1779 2597 est.
1833 2562 1880 2596 Et
1898 2562 1933 2595 in
1950 2564 2158 2608 quotidiana

1606 2716 1654 2750 78
