<?xml version="1.0" encoding="UTF-8"?>
<!DOCTYPE html PUBLIC "-//W3C//DTD XHTML 1.0 Transitional//EN"
    "http://www.w3.org/TR/xhtml1/DTD/xhtml1-transitional.dtd">
<html xmlns="http://www.w3.org/1999/xhtml" xml:lang="en" lang="en">
 <head>
  <title>
</title>
<meta http-equiv="Content-Type" content="text/html;charset=utf-8" />
  <meta name='ocr-system' content='tesseract 3.04.00' />
  <meta name='ocr-capabilities' content='ocr_page ocr_carea ocr_par ocr_line ocrx_word'/>
</head>
<body>
  <div class='ocr_page' id='page_1' title='image "./operaquaesupersu13melauoft_0052.png"; bbox 0 0 2379 2948; ppageno 0'>
   <div class='ocr_carea' id='block_1_1' title="bbox 239 121 260 132">
    <p class='ocr_par' dir='ltr' id='par_1_1' title="bbox 239 121 260 132">
     <span class='ocr_line' id='line_1_1' title="bbox 239 121 260 132; textangle 90"><span class='ocrx_word' id='word_1_1' title='bbox 239 121 260 132; x_wconf 66' lang='grc' dir='ltr'>ἱ</span> 
     </span>
    </p>
   </div>
   <div class='ocr_carea' id='block_1_2' title="bbox 245 201 1231 1146">
    <p class='ocr_par' dir='ltr' id='par_1_2' title="bbox 245 201 1224 537">
     <span class='ocr_line' id='line_1_2' title="bbox 341 201 1220 245; baseline -0.001 -10"><span class='ocrx_word' id='word_1_2' title='bbox 341 202 520 236; x_wconf 80' lang='lat' dir='ltr'>Homerus</span> <span class='ocrx_word' id='word_1_3' title='bbox 555 201 686 234; x_wconf 79' lang='lat' dir='ltr'>iliados</span> <span class='ocrx_word' id='word_1_4' title='bbox 720 202 776 235; x_wconf 85' lang='lat'>10.</span> <span class='ocrx_word' id='word_1_5' title='bbox 809 201 942 245; x_wconf 88' lang='lat' dir='ltr'>inquit,</span> <span class='ocrx_word' id='word_1_6' title='bbox 985 208 1113 235; x_wconf 90' lang='lat' dir='ltr'>sectum</span> <span class='ocrx_word' id='word_1_7' title='bbox 1150 213 1220 234; x_wconf 87' lang='lat' dir='ltr'>esse</span> 
     </span>
     <span class='ocr_line' id='line_1_3' title="bbox 246 249 1220 296; baseline -0.003 -9"><span class='ocrx_word' id='word_1_8' title='bbox 246 255 374 288; x_wconf 83' lang='lat' dir='ltr'>collum</span> <span class='ocrx_word' id='word_1_9' title='bbox 396 253 549 290; x_wconf 83' lang='lat' dir='ltr'>Doloni,</span> <span class='ocrx_word' id='word_1_10' title='bbox 576 260 609 284; x_wconf 90' lang='lat' dir='ltr'>et</span> <span class='ocrx_word' id='word_1_11' title='bbox 631 254 717 284; x_wconf 87' lang='lat' dir='ltr'>duas</span> <span class='ocrx_word' id='word_1_12' title='bbox 746 249 894 284; x_wconf 85' lang='lat' dir='ltr'>chordas</span> <span class='ocrx_word' id='word_1_13' title='bbox 922 252 1110 294; x_wconf 79' lang='lat' dir='ltr'>praecisas,</span> <span class='ocrx_word' id='word_1_14' title='bbox 1139 253 1220 296; x_wconf 89' lang='lat' dir='ltr'>quia</span> 
     </span>
     <span class='ocr_line' id='line_1_4' title="bbox 245 302 1222 337; baseline -0.001 -1"><span class='ocrx_word' id='word_1_15' title='bbox 245 304 432 337; x_wconf 59' lang='lat' dir='ltr'>incerxice</span> <span class='ocrx_word' id='word_1_16' title='bbox 464 303 655 335; x_wconf 79' lang='lat' dir='ltr'>ascendunt</span> <span class='ocrx_word' id='word_1_17' title='bbox 688 302 776 333; x_wconf 89' lang='lat' dir='ltr'>duae</span> <span class='ocrx_word' id='word_1_18' title='bbox 807 302 995 334; x_wconf 81' lang='lat' dir='ltr'>admodum</span> <span class='ocrx_word' id='word_1_19' title='bbox 1027 314 1158 335; x_wconf 88' lang='lat' dir='ltr'>crassae</span> <span class='ocrx_word' id='word_1_20' title='bbox 1189 309 1222 335; x_wconf 92' lang='lat' dir='ltr'>et</span> 
     </span>
     <span class='ocr_line' id='line_1_5' title="bbox 245 350 1222 398; baseline -0.004 -10"><span class='ocrx_word' id='word_1_21' title='bbox 245 354 454 398; x_wconf 77' lang='lat' dir='ltr'>conspicuae</span> <span class='ocrx_word' id='word_1_22' title='bbox 482 350 651 389; x_wconf 75' lang='lat' dir='ltr'>chordae,</span> <span class='ocrx_word' id='word_1_23' title='bbox 680 363 768 395; x_wconf 86' lang='lat' dir='ltr'>quae</span> <span class='ocrx_word' id='word_1_24' title='bbox 794 352 935 394; x_wconf 75' lang='lat' dir='ltr'>alligant</span> <span class='ocrx_word' id='word_1_25' title='bbox 960 359 1062 395; x_wconf 84' lang='lat' dir='ltr'>caput</span> <span class='ocrx_word' id='word_1_26' title='bbox 1086 359 1222 391; x_wconf 89' lang='lat' dir='ltr'>trunco,</span> 
     </span>
     <span class='ocr_line' id='line_1_6' title="bbox 246 400 1223 447; baseline -0.002 -10"><span class='ocrx_word' id='word_1_27' title='bbox 246 416 285 437; x_wconf 91' lang='lat' dir='ltr'>ac</span> <span class='ocrx_word' id='word_1_28' title='bbox 301 404 438 447; x_wconf 77' lang='lat' dir='ltr'>proprie</span> <span class='ocrx_word' id='word_1_29' title='bbox 464 413 543 434; x_wconf 89' lang='lat' dir='ltr'>usus</span> <span class='ocrx_word' id='word_1_30' title='bbox 569 408 618 434; x_wconf 90' lang='lat' dir='ltr'>est</span> <span class='ocrx_word' id='word_1_31' title='bbox 644 401 818 434; x_wconf 84' lang='lat' dir='ltr'>Homerus</span> <span class='ocrx_word' id='word_1_32' title='bbox 841 402 1073 444; x_wconf 83' lang='lat' dir='ltr'>adpellatione</span> <span class='ocrx_word' id='word_1_33' title='bbox 1099 400 1223 435; x_wconf 68' lang='grc' dir='ltr'>τίνον-</span> 
     </span>
     <span class='ocr_line' id='line_1_7' title="bbox 248 449 1224 498; baseline -0.001 -12"><span class='ocrx_word' id='word_1_34' title='bbox 248 467 318 491; x_wconf 64' lang='lat' dir='ltr'>rog.</span> <span class='ocrx_word' id='word_1_35' title='bbox 373 449 566 497; x_wconf 64' lang='lat' dir='ltr'>‘l’aoyot&#39;mp</span> <span class='ocrx_word' id='word_1_36' title='bbox 602 450 705 490; x_wconf 70' lang='grc' dir='ltr'><em>ἀΐξας</em></span> <span class='ocrx_word' id='word_1_37' title='bbox 740 449 811 485; x_wconf 72' lang='grc' dir='ltr'>ἀπὸ</span> <span class='ocrx_word' id='word_1_38' title='bbox 836 449 1002 498; x_wconf 63' lang='grc' dir='ltr'><em>δ’ἄμᾳω</em></span> <span class='ocrx_word' id='word_1_39' title='bbox 1035 450 1138 497; x_wconf 62' lang='grc' dir='ltr'><em>κέρσε</em></span> <span class='ocrx_word' id='word_1_40' title='bbox 1170 450 1224 485; x_wconf 73' lang='grc' dir='ltr'>τὲ-</span> 
     </span>
     <span class='ocr_line' id='line_1_8' title="bbox 251 515 373 537; baseline -0.016 0"><span class='ocrx_word' id='word_1_41' title='bbox 251 515 373 537; x_wconf 62' lang='lat' dir='ltr'>rorte.</span> 
     </span>
    </p>

    <p class='ocr_par' dir='ltr' id='par_1_3' title="bbox 248 548 1231 1146">
     <span class='ocr_line' id='line_1_9' title="bbox 351 548 1225 592; baseline -0.002 -7"><span class='ocrx_word' id='word_1_42' title='bbox 351 552 443 585; x_wconf 87' lang='lat' dir='ltr'>Cum</span> <span class='ocrx_word' id='word_1_43' title='bbox 476 558 590 584; x_wconf 90' lang='lat' dir='ltr'>autem</span> <span class='ocrx_word' id='word_1_44' title='bbox 620 548 677 582; x_wconf 82' lang='lat' dir='ltr'>hic</span> <span class='ocrx_word' id='word_1_45' title='bbox 702 551 789 584; x_wconf 87' lang='lat' dir='ltr'>sacta</span> <span class='ocrx_word' id='word_1_46' title='bbox 826 552 868 585; x_wconf 89' lang='lat' dir='ltr'>sit</span> <span class='ocrx_word' id='word_1_47' title='bbox 902 552 1031 585; x_wconf 87' lang='lat' dir='ltr'>mentio</span> <span class='ocrx_word' id='word_1_48' title='bbox 1064 552 1225 592; x_wconf 84' lang='lat' dir='ltr'>musculi,</span> 
     </span>
     <span class='ocr_line' id='line_1_10' title="bbox 249 602 1225 636; baseline -0.003 0"><span class='ocrx_word' id='word_1_49' title='bbox 249 602 457 636; x_wconf 75' lang='lat' dir='ltr'>brevissime</span> <span class='ocrx_word' id='word_1_50' title='bbox 474 602 600 633; x_wconf 85' lang='lat' dir='ltr'>addam</span> <span class='ocrx_word' id='word_1_51' title='bbox 619 602 778 633; x_wconf 71' lang='lat' dir='ltr'>vocabuli</span> <span class='ocrx_word' id='word_1_52' title='bbox 799 603 1080 636; x_wconf 65' lang='lat' dir='ltr'>declarationem.</span> <span class='ocrx_word' id='word_1_53' title='bbox 1122 602 1225 634; x_wconf 84' lang='lat' dir='ltr'>Mus-</span> 
     </span>
     <span class='ocr_line' id='line_1_11' title="bbox 250 650 1226 694; baseline -0.001 -9"><span class='ocrx_word' id='word_1_54' title='bbox 250 653 351 686; x_wconf 88' lang='lat' dir='ltr'>culus</span> <span class='ocrx_word' id='word_1_55' title='bbox 369 664 428 685; x_wconf 88' lang='lat' dir='ltr'>seu</span> <span class='ocrx_word' id='word_1_56' title='bbox 445 652 594 684; x_wconf 76' lang='lat' dir='ltr'>lacertus</span> <span class='ocrx_word' id='word_1_57' title='bbox 613 657 662 683; x_wconf 86' lang='lat' dir='ltr'>est</span> <span class='ocrx_word' id='word_1_58' title='bbox 681 651 847 694; x_wconf 85' lang='lat' dir='ltr'>quiddam</span> <span class='ocrx_word' id='word_1_59' title='bbox 864 653 1078 685; x_wconf 58' lang='lat' dir='ltr'>consuetum</span> <span class='ocrx_word' id='word_1_60' title='bbox 1096 659 1127 685; x_wconf 89' lang='lat' dir='ltr'>et</span> <span class='ocrx_word' id='word_1_61' title='bbox 1146 650 1226 684; x_wconf 85' lang='lat' dir='ltr'>tho-</span> 
     </span>
     <span class='ocr_line' id='line_1_12' title="bbox 248 701 1225 744; baseline -0.002 -8"><span class='ocrx_word' id='word_1_62' title='bbox 248 714 393 742; x_wconf 78' lang='lat' dir='ltr'>rosum,</span> <span class='ocrx_word' id='word_1_63' title='bbox 428 701 658 744; x_wconf 83' lang='lat' dir='ltr'>compositum</span> <span class='ocrx_word' id='word_1_64' title='bbox 694 713 732 732; x_wconf 87' lang='lat' dir='ltr'>ex</span> <span class='ocrx_word' id='word_1_65' title='bbox 766 702 899 741; x_wconf 67' lang='lat' dir='ltr'>nerris,</span> <span class='ocrx_word' id='word_1_66' title='bbox 941 714 1044 735; x_wconf 83' lang='lat' dir='ltr'>carne</span> <span class='ocrx_word' id='word_1_67' title='bbox 1079 709 1111 735; x_wconf 93' lang='lat' dir='ltr'>et</span> <span class='ocrx_word' id='word_1_68' title='bbox 1141 702 1225 744; x_wconf 84' lang='lat' dir='ltr'>liga-</span> 
     </span>
     <span class='ocr_line' id='line_1_13' title="bbox 250 750 1227 796; baseline -0.001 -11"><span class='ocrx_word' id='word_1_69' title='bbox 250 758 389 791; x_wconf 82' lang='lat' dir='ltr'>mento,</span> <span class='ocrx_word' id='word_1_70' title='bbox 414 752 501 784; x_wconf 87' lang='lat' dir='ltr'>sicut</span> <span class='ocrx_word' id='word_1_71' title='bbox 526 750 682 784; x_wconf 88' lang='lat' dir='ltr'>Galenus</span> <span class='ocrx_word' id='word_1_72' title='bbox 704 751 835 795; x_wconf 90' lang='lat' dir='ltr'>inquit:</span> <span class='ocrx_word' id='word_1_73' title='bbox 873 751 1023 785; x_wconf 82' lang='lat' dir='ltr'>Perinde</span> <span class='ocrx_word' id='word_1_74' title='bbox 1044 759 1083 785; x_wconf 92' lang='lat' dir='ltr'>ut</span> <span class='ocrx_word' id='word_1_75' title='bbox 1108 753 1227 796; x_wconf 79' lang='lat' dir='ltr'><strong>pileos,</strong></span> 
     </span>
     <span class='ocr_line' id='line_1_14' title="bbox 250 801 1228 846; baseline -0.001 -11"><span class='ocrx_word' id='word_1_76' title='bbox 250 803 300 836; x_wconf 88' lang='lat' dir='ltr'>ita</span> <span class='ocrx_word' id='word_1_77' title='bbox 317 802 492 834; x_wconf 88' lang='lat' dir='ltr'>musculos</span> <span class='ocrx_word' id='word_1_78' title='bbox 512 801 585 833; x_wconf 81' lang='lat' dir='ltr'>sieri</span> <span class='ocrx_word' id='word_1_79' title='bbox 598 825 609 841; x_wconf 87' lang='lat'><em>‚</em></span> <span class='ocrx_word' id='word_1_80' title='bbox 638 802 817 844; x_wconf 79' lang='lat' dir='ltr'>permixtis</span> <span class='ocrx_word' id='word_1_81' title='bbox 835 802 925 836; x_wconf 93' lang='lat' dir='ltr'>inter</span> <span class='ocrx_word' id='word_1_82' title='bbox 942 814 975 835; x_wconf 86' lang='lat' dir='ltr'>se</span> <span class='ocrx_word' id='word_1_83' title='bbox 991 809 1023 836; x_wconf 87' lang='lat' dir='ltr'>et</span> <span class='ocrx_word' id='word_1_84' title='bbox 1040 803 1228 846; x_wconf 73' lang='lat' dir='ltr'>compactis</span> 
     </span>
     <span class='ocr_line' id='line_1_15' title="bbox 252 851 1228 896; baseline -0.001 -10"><span class='ocrx_word' id='word_1_85' title='bbox 252 863 460 891; x_wconf 81' lang='lat' dir='ltr'>nervorum,</span> <span class='ocrx_word' id='word_1_86' title='bbox 494 851 675 893; x_wconf 85' lang='lat' dir='ltr'>ligamenti</span> <span class='ocrx_word' id='word_1_87' title='bbox 700 858 731 884; x_wconf 85' lang='lat' dir='ltr'>et</span> <span class='ocrx_word' id='word_1_88' title='bbox 758 853 873 884; x_wconf 87' lang='lat' dir='ltr'>carnis</span> <span class='ocrx_word' id='word_1_89' title='bbox 899 853 1066 896; x_wconf 88' lang='lat' dir='ltr'>partibus.</span> <span class='ocrx_word' id='word_1_90' title='bbox 1128 854 1228 886; x_wconf 89' lang='lat' dir='ltr'>Inse-</span> 
     </span>
     <span class='ocr_line' id='line_1_16' title="bbox 253 901 1229 943; baseline -0.001 -7"><span class='ocrx_word' id='word_1_91' title='bbox 253 909 381 936; x_wconf 86' lang='lat' dir='ltr'>runtur</span> <span class='ocrx_word' id='word_1_92' title='bbox 406 909 520 935; x_wconf 89' lang='lat' dir='ltr'>autem</span> <span class='ocrx_word' id='word_1_93' title='bbox 539 901 704 934; x_wconf 85' lang='lat' dir='ltr'>musculis</span> <span class='ocrx_word' id='word_1_94' title='bbox 729 914 837 935; x_wconf 85' lang='lat' dir='ltr'>venae</span> <span class='ocrx_word' id='word_1_95' title='bbox 863 910 895 936; x_wconf 88' lang='lat' dir='ltr'>et</span> <span class='ocrx_word' id='word_1_96' title='bbox 920 904 1087 943; x_wconf 77' lang='lat' dir='ltr'>arteriae,</span> <span class='ocrx_word' id='word_1_97' title='bbox 1114 903 1229 936; x_wconf 87' lang='lat' dir='ltr'>nutri-</span> 
     </span>
     <span class='ocr_line' id='line_1_17' title="bbox 253 951 1229 997; baseline 0 -12"><span class='ocrx_word' id='word_1_98' title='bbox 253 953 361 986; x_wconf 88' lang='lat' dir='ltr'>tionis</span> <span class='ocrx_word' id='word_1_99' title='bbox 388 959 419 984; x_wconf 91' lang='lat' dir='ltr'>et</span> <span class='ocrx_word' id='word_1_100' title='bbox 447 951 683 984; x_wconf 70' lang='lat' dir='ltr'>calefactionis</span> <span class='ocrx_word' id='word_1_101' title='bbox 708 964 825 990; x_wconf 83' lang='lat' dir='ltr'>causa,</span> <span class='ocrx_word' id='word_1_102' title='bbox 853 960 884 986; x_wconf 90' lang='lat' dir='ltr'>et</span> <span class='ocrx_word' id='word_1_103' title='bbox 912 960 1023 987; x_wconf 91' lang='lat' dir='ltr'>totum</span> <span class='ocrx_word' id='word_1_104' title='bbox 1051 954 1229 997; x_wconf 83' lang='lat' dir='ltr'>opificium</span> 
     </span>
     <span class='ocr_line' id='line_1_18' title="bbox 251 1000 1230 1047; baseline 0.001 -12"><span class='ocrx_word' id='word_1_105' title='bbox 251 1002 444 1047; x_wconf 21' lang='lat' dir='ltr'>‘panniculo</span> <span class='ocrx_word' id='word_1_106' title='bbox 471 1001 609 1044; x_wconf 83' lang='lat' dir='ltr'>tegitur.</span> <span class='ocrx_word' id='word_1_107' title='bbox 663 1001 730 1034; x_wconf 78' lang='lat' dir='ltr'>Sed</span> <span class='ocrx_word' id='word_1_108' title='bbox 756 1000 819 1034; x_wconf 89' lang='lat' dir='ltr'>hae</span> <span class='ocrx_word' id='word_1_109' title='bbox 843 1015 897 1035; x_wconf 88' lang='lat' dir='ltr'>res</span> <span class='ocrx_word' id='word_1_110' title='bbox 919 1016 990 1036; x_wconf 88' lang='lat' dir='ltr'>non</span> <span class='ocrx_word' id='word_1_111' title='bbox 1014 1011 1095 1037; x_wconf 90' lang='lat' dir='ltr'>sunt</span> <span class='ocrx_word' id='word_1_112' title='bbox 1119 1011 1230 1047; x_wconf 90' lang='lat' dir='ltr'>partes</span> 
     </span>
     <span class='ocr_line' id='line_1_19' title="bbox 257 1051 1231 1097; baseline 0.001 -12"><span class='ocrx_word' id='word_1_113' title='bbox 257 1053 506 1085; x_wconf 72' lang='lat' dir='ltr'>constituentes</span> <span class='ocrx_word' id='word_1_114' title='bbox 525 1051 733 1084; x_wconf 89' lang='lat' dir='ltr'>musculum.</span> <span class='ocrx_word' id='word_1_115' title='bbox 779 1051 818 1084; x_wconf 93' lang='lat' dir='ltr'>In</span> <span class='ocrx_word' id='word_1_116' title='bbox 834 1053 900 1085; x_wconf 90' lang='lat' dir='ltr'>ima</span> <span class='ocrx_word' id='word_1_117' title='bbox 920 1066 1000 1086; x_wconf 73' lang='lat' dir='ltr'>vero</span> <span class='ocrx_word' id='word_1_118' title='bbox 1017 1061 1113 1097; x_wconf 79' lang='lat' dir='ltr'>parte</span> <span class='ocrx_word' id='word_1_119' title='bbox 1136 1066 1231 1086; x_wconf 88' lang='lat' dir='ltr'>mus-</span> 
     </span>
     <span class='ocr_line' id='line_1_20' title="bbox 250 1100 1219 1146; baseline 0.001 -11"><span class='ocrx_word' id='word_1_120' title='bbox 250 1103 326 1135; x_wconf 64' lang='lat' dir='ltr'>,culi</span> <span class='ocrx_word' id='word_1_121' title='bbox 347 1102 461 1135; x_wconf 88' lang='lat' dir='ltr'>oritur</span> <span class='ocrx_word' id='word_1_122' title='bbox 477 1100 594 1134; x_wconf 68' lang='grc' dir='ltr'>τίνων</span> <span class='ocrx_word' id='word_1_123' title='bbox 616 1114 634 1133; x_wconf 89' lang='lat' dir='ltr'>a</span> <span class='ocrx_word' id='word_1_124' title='bbox 652 1113 841 1135; x_wconf 85' lang='lat' dir='ltr'>nervorum</span> <span class='ocrx_word' id='word_1_125' title='bbox 861 1104 953 1135; x_wconf 76' lang='lat' dir='ltr'>villis</span> <span class='ocrx_word' id='word_1_126' title='bbox 972 1110 1003 1136; x_wconf 89' lang='lat' dir='ltr'>et</span> <span class='ocrx_word' id='word_1_127' title='bbox 1020 1104 1219 1146; x_wconf 84' lang='lat' dir='ltr'>ligamento.</span> 
     </span>
    </p>
   </div>
   <div class='ocr_carea' id='block_1_3' title="bbox 252 1159 1235 1357">
    <p class='ocr_par' dir='ltr' id='par_1_4' title="bbox 252 1159 1235 1357">
     <span class='ocr_line' id='line_1_21' title="bbox 358 1159 1232 1205; baseline 0.003 -14"><span class='ocrx_word' id='word_1_128' title='bbox 358 1159 508 1192; x_wconf 83' lang='lat' dir='ltr'>Nomina</span> <span class='ocrx_word' id='word_1_129' title='bbox 528 1171 609 1192; x_wconf 90' lang='lat' dir='ltr'>vero</span> <span class='ocrx_word' id='word_1_130' title='bbox 633 1161 783 1193; x_wconf 89' lang='lat' dir='ltr'>musculi</span> <span class='ocrx_word' id='word_1_131' title='bbox 804 1169 834 1195; x_wconf 84' lang='lat' dir='ltr'>et</span> <span class='ocrx_word' id='word_1_132' title='bbox 854 1162 970 1196; x_wconf 78' lang='lat' dir='ltr'>lacerti</span> <span class='ocrx_word' id='word_1_133' title='bbox 990 1169 1072 1195; x_wconf 88' lang='lat' dir='ltr'>sunt</span> <span class='ocrx_word' id='word_1_134' title='bbox 1091 1175 1108 1194; x_wconf 86' lang='lat' dir='ltr'>a</span> <span class='ocrx_word' id='word_1_135' title='bbox 1124 1163 1232 1205; x_wconf 77' lang='lat' dir='ltr'>figura</span> 
     </span>
     <span class='ocr_line' id='line_1_22' title="bbox 257 1210 1233 1255; baseline 0 -11"><span class='ocrx_word' id='word_1_136' title='bbox 257 1218 392 1254; x_wconf 87' lang='lat' dir='ltr'>sumpta</span> <span class='ocrx_word' id='word_1_137' title='bbox 405 1237 413 1250; x_wconf 88' lang='lat'>‚</span> <span class='ocrx_word' id='word_1_138' title='bbox 441 1210 522 1254; x_wconf 90' lang='lat' dir='ltr'>quia</span> <span class='ocrx_word' id='word_1_139' title='bbox 541 1210 608 1242; x_wconf 87' lang='lat' dir='ltr'>alia</span> <span class='ocrx_word' id='word_1_140' title='bbox 626 1217 724 1254; x_wconf 87' lang='lat' dir='ltr'>parte</span> <span class='ocrx_word' id='word_1_141' title='bbox 741 1212 918 1245; x_wconf 81' lang='lat' dir='ltr'>tenuiores</span> <span class='ocrx_word' id='word_1_142' title='bbox 935 1220 1035 1255; x_wconf 85' lang='lat' dir='ltr'>sunt,</span> <span class='ocrx_word' id='word_1_143' title='bbox 1061 1213 1129 1246; x_wconf 87' lang='lat' dir='ltr'>alia</span> <span class='ocrx_word' id='word_1_144' title='bbox 1154 1211 1233 1245; x_wconf 82' lang='lat' dir='ltr'>tho-</span> 
     </span>
     <span class='ocr_line' id='line_1_23' title="bbox 252 1261 1235 1305; baseline 0.001 -11"><span class='ocrx_word' id='word_1_145' title='bbox 252 1262 406 1294; x_wconf 70' lang='lat' dir='ltr'>rrosiorcs</span> <span class='ocrx_word' id='word_1_146' title='bbox 435 1267 469 1293; x_wconf 89' lang='lat' dir='ltr'>et</span> <span class='ocrx_word' id='word_1_147' title='bbox 493 1261 698 1303; x_wconf 88' lang='lat' dir='ltr'>ampliores,</span> <span class='ocrx_word' id='word_1_148' title='bbox 733 1268 765 1293; x_wconf 90' lang='lat' dir='ltr'>et</span> <span class='ocrx_word' id='word_1_149' title='bbox 789 1263 916 1305; x_wconf 80' lang='lat' dir='ltr'>pendet</span> <span class='ocrx_word' id='word_1_150' title='bbox 942 1263 1025 1295; x_wconf 85' lang='lat' dir='ltr'>inde</span> <span class='ocrx_word' id='word_1_151' title='bbox 1043 1262 1159 1297; x_wconf 72' lang='grc' dir='ltr'>τίνων</span> <span class='ocrx_word' id='word_1_152' title='bbox 1174 1275 1235 1295; x_wconf 87' lang='lat' dir='ltr'>ve-</span> 
     </span>
     <span class='ocr_line' id='line_1_24' title="bbox 255 1309 1235 1357; baseline 0.001 -13"><span class='ocrx_word' id='word_1_153' title='bbox 255 1311 310 1344; x_wconf 90' lang='lat' dir='ltr'>lut</span> <span class='ocrx_word' id='word_1_154' title='bbox 327 1311 446 1345; x_wconf 90' lang='lat' dir='ltr'>cauda.</span> <span class='ocrx_word' id='word_1_155' title='bbox 497 1309 589 1343; x_wconf 85' lang='lat' dir='ltr'>Sunt</span> <span class='ocrx_word' id='word_1_156' title='bbox 606 1317 720 1343; x_wconf 87' lang='lat' dir='ltr'>autem</span> <span class='ocrx_word' id='word_1_157' title='bbox 739 1311 857 1354; x_wconf 89' lang='lat' dir='ltr'>plures</span> <span class='ocrx_word' id='word_1_158' title='bbox 872 1313 1136 1357; x_wconf 77' lang='lat' dir='ltr'>quadringentis</span> <span class='ocrx_word' id='word_1_159' title='bbox 1157 1324 1235 1357; x_wconf 90' lang='lat' dir='ltr'>pas-</span> 
     </span>
    </p>
   </div>
   <div class='ocr_carea' id='block_1_4' title="bbox 255 1360 1235 1443">
    <p class='ocr_par' dir='ltr' id='par_1_5' title="bbox 255 1360 1235 1443">
     <span class='ocr_line' id='line_1_25' title="bbox 257 1360 1235 1407; baseline 0.003 -14"><span class='ocrx_word' id='word_1_160' title='bbox 257 1361 324 1394; x_wconf 86' lang='lat' dir='ltr'>sim</span> <span class='ocrx_word' id='word_1_161' title='bbox 339 1361 376 1392; x_wconf 91' lang='lat' dir='ltr'>in</span> <span class='ocrx_word' id='word_1_162' title='bbox 394 1371 557 1402; x_wconf 87' lang='lat' dir='ltr'>corpore,</span> <span class='ocrx_word' id='word_1_163' title='bbox 584 1366 622 1392; x_wconf 90' lang='lat' dir='ltr'>ut</span> <span class='ocrx_word' id='word_1_164' title='bbox 641 1360 772 1393; x_wconf 86' lang='lat' dir='ltr'>multae</span> <span class='ocrx_word' id='word_1_165' title='bbox 799 1370 912 1405; x_wconf 89' lang='lat' dir='ltr'>partes</span> <span class='ocrx_word' id='word_1_166' title='bbox 936 1371 1035 1403; x_wconf 82' lang='lat' dir='ltr'>sunt,</span> <span class='ocrx_word' id='word_1_167' title='bbox 1062 1375 1150 1407; x_wconf 80' lang='lat' dir='ltr'>quae</span> <span class='ocrx_word' id='word_1_168' title='bbox 1173 1375 1235 1396; x_wconf 83' lang='lat' dir='ltr'>vo-</span> 
     </span>
     <span class='ocr_line' id='line_1_26' title="bbox 255 1409 764 1443; baseline 0 0"><span class='ocrx_word' id='word_1_169' title='bbox 255 1409 424 1443; x_wconf 85' lang='lat' dir='ltr'>luntariis</span> <span class='ocrx_word' id='word_1_170' title='bbox 439 1409 595 1442; x_wconf 90' lang='lat' dir='ltr'>motibus</span> <span class='ocrx_word' id='word_1_171' title='bbox 617 1409 764 1443; x_wconf 83' lang='lat' dir='ltr'>cientur.</span> 
     </span>
    </p>
   </div>
   <div class='ocr_carea' id='block_1_5' title="bbox 253 1465 1236 1813">
    <p class='ocr_par' dir='ltr' id='par_1_6' title="bbox 253 1465 1236 1813">
     <span class='ocr_line' id='line_1_27' title="bbox 361 1465 1235 1512; baseline 0.005 -13"><span class='ocrx_word' id='word_1_172' title='bbox 361 1467 587 1505; x_wconf 80' lang='lat' dir='ltr'>panniculus,</span> <span class='ocrx_word' id='word_1_173' title='bbox 612 1465 721 1512; x_wconf 33' lang='grc' dir='ltr'>ὑλιιὴν,</span> <span class='ocrx_word' id='word_1_174' title='bbox 746 1476 794 1502; x_wconf 88' lang='lat' dir='ltr'>est</span> <span class='ocrx_word' id='word_1_175' title='bbox 813 1470 1013 1503; x_wconf 88' lang='lat' dir='ltr'>tenuissima</span> <span class='ocrx_word' id='word_1_176' title='bbox 1032 1471 1235 1503; x_wconf 88' lang='lat' dir='ltr'>membrana</span> 
     </span>
     <span class='ocr_line' id='line_1_28' title="bbox 253 1517 1235 1565; baseline 0.001 -12"><span class='ocrx_word' id='word_1_177' title='bbox 253 1532 299 1553; x_wconf 84' lang='lat' dir='ltr'>-ex</span> <span class='ocrx_word' id='word_1_178' title='bbox 319 1518 435 1551; x_wconf 87' lang='lat' dir='ltr'>nervis</span> <span class='ocrx_word' id='word_1_179' title='bbox 451 1525 481 1551; x_wconf 88' lang='lat' dir='ltr'>et</span> <span class='ocrx_word' id='word_1_180' title='bbox 498 1517 694 1560; x_wconf 77' lang='lat' dir='ltr'>ligamentis</span> <span class='ocrx_word' id='word_1_181' title='bbox 718 1519 822 1560; x_wconf 81' lang='lat' dir='ltr'>facta,</span> <span class='ocrx_word' id='word_1_182' title='bbox 851 1522 907 1554; x_wconf 87' lang='lat' dir='ltr'>sed</span> <span class='ocrx_word' id='word_1_183' title='bbox 926 1521 961 1553; x_wconf 90' lang='lat' dir='ltr'>in</span> <span class='ocrx_word' id='word_1_184' title='bbox 986 1521 1064 1553; x_wconf 87' lang='lat' dir='ltr'>aliis</span> <span class='ocrx_word' id='word_1_185' title='bbox 1086 1522 1164 1565; x_wconf 89' lang='lat' dir='ltr'>plus</span> <span class='ocrx_word' id='word_1_186' title='bbox 1186 1528 1235 1554; x_wconf 85' lang='lat' dir='ltr'>est</span> 
     </span>
     <span class='ocr_line' id='line_1_29' title="bbox 257 1569 1236 1614; baseline 0.001 -12"><span class='ocrx_word' id='word_1_187' title='bbox 257 1576 406 1602; x_wconf 83' lang='lat' dir='ltr'>naturae</span> <span class='ocrx_word' id='word_1_188' title='bbox 422 1580 589 1608; x_wconf 86' lang='lat' dir='ltr'>nerveae,</span> <span class='ocrx_word' id='word_1_189' title='bbox 616 1569 654 1600; x_wconf 91' lang='lat' dir='ltr'>in</span> <span class='ocrx_word' id='word_1_190' title='bbox 678 1569 755 1601; x_wconf 89' lang='lat' dir='ltr'>aliis</span> <span class='ocrx_word' id='word_1_191' title='bbox 775 1571 851 1613; x_wconf 89' lang='lat' dir='ltr'>plus</span> <span class='ocrx_word' id='word_1_192' title='bbox 874 1578 1016 1604; x_wconf 84' lang='lat' dir='ltr'>naturae</span> <span class='ocrx_word' id='word_1_193' title='bbox 1031 1572 1236 1614; x_wconf 84' lang='lat' dir='ltr'>ligamenta-</span> 
     </span>
     <span class='ocr_line' id='line_1_30' title="bbox 258 1618 1236 1660; baseline 0.001 -8"><span class='ocrx_word' id='word_1_194' title='bbox 258 1620 321 1659; x_wconf 91' lang='lat' dir='ltr'>lis,</span> <span class='ocrx_word' id='word_1_195' title='bbox 349 1619 408 1651; x_wconf 94' lang='lat' dir='ltr'>alii</span> <span class='ocrx_word' id='word_1_196' title='bbox 426 1620 519 1651; x_wconf 89' lang='lat' dir='ltr'>enim</span> <span class='ocrx_word' id='word_1_197' title='bbox 537 1618 614 1650; x_wconf 86' lang='lat' dir='ltr'>aliis</span> <span class='ocrx_word' id='word_1_198' title='bbox 629 1620 814 1653; x_wconf 77' lang='lat' dir='ltr'>crassiores</span> <span class='ocrx_word' id='word_1_199' title='bbox 831 1629 929 1660; x_wconf 88' lang='lat' dir='ltr'>sunt,</span> <span class='ocrx_word' id='word_1_200' title='bbox 956 1622 1121 1655; x_wconf 89' lang='lat' dir='ltr'>muniunt</span> <span class='ocrx_word' id='word_1_201' title='bbox 1139 1629 1171 1655; x_wconf 89' lang='lat' dir='ltr'>et</span> <span class='ocrx_word' id='word_1_202' title='bbox 1186 1622 1236 1653; x_wconf 91' lang='lat' dir='ltr'>al-</span> 
     </span>
     <span class='ocr_line' id='line_1_31' title="bbox 257 1668 1236 1716; baseline 0.002 -14"><span class='ocrx_word' id='word_1_203' title='bbox 257 1670 371 1712; x_wconf 80' lang='lat' dir='ltr'>ligant</span> <span class='ocrx_word' id='word_1_204' title='bbox 387 1669 562 1706; x_wconf 89' lang='lat' dir='ltr'>membra,</span> <span class='ocrx_word' id='word_1_205' title='bbox 586 1675 618 1701; x_wconf 88' lang='lat' dir='ltr'>et</span> <span class='ocrx_word' id='word_1_206' title='bbox 635 1668 840 1712; x_wconf 85' lang='lat' dir='ltr'>impertiunt</span> <span class='ocrx_word' id='word_1_207' title='bbox 863 1683 1001 1704; x_wconf 87' lang='lat' dir='ltr'>sensum</span> <span class='ocrx_word' id='word_1_208' title='bbox 1028 1672 1236 1716; x_wconf 85' lang='lat' dir='ltr'>plaerisque,</span> 
     </span>
     <span class='ocr_line' id='line_1_32' title="bbox 260 1718 1236 1766; baseline 0.003 -14"><span class='ocrx_word' id='word_1_209' title='bbox 260 1726 300 1752; x_wconf 91' lang='lat' dir='ltr'>ut</span> <span class='ocrx_word' id='word_1_210' title='bbox 318 1719 422 1761; x_wconf 90' lang='lat' dir='ltr'>epati,</span> <span class='ocrx_word' id='word_1_211' title='bbox 449 1718 564 1757; x_wconf 87' lang='lat' dir='ltr'>cordi,</span> <span class='ocrx_word' id='word_1_212' title='bbox 592 1719 765 1762; x_wconf 90' lang='lat' dir='ltr'>pulmoni,</span> <span class='ocrx_word' id='word_1_213' title='bbox 795 1721 918 1764; x_wconf 87' lang='lat' dir='ltr'>spleni,</span> <span class='ocrx_word' id='word_1_214' title='bbox 945 1722 1100 1754; x_wconf 84' lang='lat' dir='ltr'>renibus.</span> <span class='ocrx_word' id='word_1_215' title='bbox 1127 1722 1236 1766; x_wconf 82' lang='lat' dir='ltr'>Saepe</span> 
     </span>
     <span class='ocr_line' id='line_1_33' title="bbox 258 1765 1169 1813; baseline 0.005 -11"><span class='ocrx_word' id='word_1_216' title='bbox 258 1770 409 1813; x_wconf 59' lang='grc' dir='ltr'>χιτῶνξς</span> <span class='ocrx_word' id='word_1_217' title='bbox 426 1775 457 1801; x_wconf 89' lang='lat' dir='ltr'>et</span> <span class='ocrx_word' id='word_1_218' title='bbox 474 1765 715 1813; x_wconf 74' lang='grc' dir='ltr'><em>σκεπάσματα</em></span> <span class='ocrx_word' id='word_1_219' title='bbox 737 1782 755 1802; x_wconf 88' lang='lat' dir='ltr'>a</span> <span class='ocrx_word' id='word_1_220' title='bbox 774 1769 911 1804; x_wconf 90' lang='lat' dir='ltr'>Galeuo</span> <span class='ocrx_word' id='word_1_221' title='bbox 930 1771 1169 1807; x_wconf 87' lang='lat' dir='ltr'>nominantur.</span> 
     </span>
    </p>
   </div>
   <div class='ocr_carea' id='block_1_6' title="bbox 1251 559 1268 1863">
    <p class='ocr_par' dir='ltr' id='par_1_7' title="bbox 1251 559 1268 1863">
     <span class='ocr_line' id='line_1_34' title="bbox 1251 559 1268 1863; baseline 0 0"><span class='ocrx_word' id='word_1_222' title='bbox 1251 559 1268 1863; x_wconf 95' lang='lat' dir='ltr'> </span> 
     </span>
    </p>
   </div>
   <div class='ocr_carea' id='block_1_7' title="bbox 261 1831 1237 1922">
    <p class='ocr_par' dir='ltr' id='par_1_8' title="bbox 261 1831 1237 1922">
     <span class='ocr_line' id='line_1_35' title="bbox 362 1831 1237 1879; baseline 0.003 -12"><span class='ocrx_word' id='word_1_223' title='bbox 362 1831 743 1879; x_wconf 63' lang='lat' dir='ltr'>Cartilag0,Z6v1990;·,</span> <span class='ocrx_word' id='word_1_224' title='bbox 767 1843 816 1870; x_wconf 86' lang='lat' dir='ltr'>est</span> <span class='ocrx_word' id='word_1_225' title='bbox 841 1848 916 1870; x_wconf 90' lang='lat' dir='ltr'>osse</span> <span class='ocrx_word' id='word_1_226' title='bbox 940 1838 1082 1871; x_wconf 86' lang='lat' dir='ltr'>mollior</span> <span class='ocrx_word' id='word_1_227' title='bbox 1105 1846 1138 1872; x_wconf 87' lang='lat' dir='ltr'>et</span> <span class='ocrx_word' id='word_1_228' title='bbox 1160 1838 1237 1871; x_wconf 90' lang='lat' dir='ltr'>aliis</span> 
     </span>
     <span class='ocr_line' id='line_1_36' title="bbox 261 1885 1237 1922; baseline 0.004 -4"><span class='ocrx_word' id='word_1_229' title='bbox 261 1885 426 1918; x_wconf 87' lang='lat' dir='ltr'>omnibus</span> <span class='ocrx_word' id='word_1_230' title='bbox 444 1885 610 1916; x_wconf 87' lang='lat' dir='ltr'>membris</span> <span class='ocrx_word' id='word_1_231' title='bbox 627 1885 760 1920; x_wconf 88' lang='lat' dir='ltr'>durior.</span> <span class='ocrx_word' id='word_1_232' title='bbox 813 1886 927 1920; x_wconf 90' lang='lat' dir='ltr'>Huius</span> <span class='ocrx_word' id='word_1_233' title='bbox 951 1888 1111 1922; x_wconf 80' lang='lat' dir='ltr'>utilitatis</span> <span class='ocrx_word' id='word_1_234' title='bbox 1136 1900 1237 1922; x_wconf 86' lang='lat' dir='ltr'>causa</span> 
     </span>
    </p>
   </div>
   <div class='ocr_carea' id='block_1_8' title="bbox 260 1934 1239 2023">
    <p class='ocr_par' dir='ltr' id='par_1_9' title="bbox 260 1934 1239 2023">
     <span class='ocr_line' id='line_1_37' title="bbox 260 1934 1239 1982; baseline 0.006 -15"><span class='ocrx_word' id='word_1_235' title='bbox 260 1936 349 1968; x_wconf 83' lang='lat' dir='ltr'>facta</span> <span class='ocrx_word' id='word_1_236' title='bbox 365 1940 434 1973; x_wconf 81' lang='lat' dir='ltr'>est,</span> <span class='ocrx_word' id='word_1_237' title='bbox 460 1939 498 1966; x_wconf 89' lang='lat' dir='ltr'>ut</span> <span class='ocrx_word' id='word_1_238' title='bbox 522 1934 566 1966; x_wconf 88' lang='lat' dir='ltr'>sit</span> <span class='ocrx_word' id='word_1_239' title='bbox 590 1934 741 1967; x_wconf 89' lang='lat' dir='ltr'>fulcrum</span> <span class='ocrx_word' id='word_1_240' title='bbox 765 1937 925 1976; x_wconf 89' lang='lat' dir='ltr'>mollius,</span> <span class='ocrx_word' id='word_1_241' title='bbox 954 1950 1057 1982; x_wconf 90' lang='lat' dir='ltr'>quam</span> <span class='ocrx_word' id='word_1_242' title='bbox 1084 1950 1177 1980; x_wconf 85' lang='lat' dir='ltr'>ossa,</span> <span class='ocrx_word' id='word_1_243' title='bbox 1206 1946 1239 1973; x_wconf 83' lang='lat' dir='ltr'>et</span> 
     </span>
     <span class='ocr_line' id='line_1_38' title="bbox 261 1983 941 2023; baseline 0.003 -5"><span class='ocrx_word' id='word_1_244' title='bbox 261 1996 306 2018; x_wconf 88' lang='lat' dir='ltr'>ne</span> <span class='ocrx_word' id='word_1_245' title='bbox 322 1995 397 2017; x_wconf 86' lang='lat' dir='ltr'>ossa</span> <span class='ocrx_word' id='word_1_246' title='bbox 416 1983 506 2015; x_wconf 88' lang='lat' dir='ltr'>inter</span> <span class='ocrx_word' id='word_1_247' title='bbox 520 1995 555 2015; x_wconf 90' lang='lat' dir='ltr'>se</span> <span class='ocrx_word' id='word_1_248' title='bbox 571 1984 693 2016; x_wconf 89' lang='lat' dir='ltr'>durius</span> <span class='ocrx_word' id='word_1_249' title='bbox 717 1986 941 2023; x_wconf 86' lang='lat' dir='ltr'>collidantur.</span> 
     </span>
    </p>
   </div>
   <div class='ocr_carea' id='block_1_9' title="bbox 262 2049 1239 2142">
    <p class='ocr_par' dir='ltr' id='par_1_10' title="bbox 262 2049 1239 2142">
     <span class='ocr_line' id='line_1_39' title="bbox 363 2049 1238 2097; baseline 0.009 -15"><span class='ocrx_word' id='word_1_250' title='bbox 363 2049 437 2082; x_wconf 85' lang='lat' dir='ltr'>Has</span> <span class='ocrx_word' id='word_1_251' title='bbox 462 2049 714 2093; x_wconf 90' lang='lat' dir='ltr'>adpellationes</span> <span class='ocrx_word' id='word_1_252' title='bbox 738 2060 880 2097; x_wconf 89' lang='lat' dir='ltr'>propter</span> <span class='ocrx_word' id='word_1_253' title='bbox 906 2055 1098 2097; x_wconf 88' lang='lat' dir='ltr'>insignium</span> <span class='ocrx_word' id='word_1_254' title='bbox 1120 2068 1238 2090; x_wconf 88' lang='lat' dir='ltr'>rerum</span> 
     </span>
     <span class='ocr_line' id='line_1_40' title="bbox 262 2101 1239 2142; baseline 0.007 -9"><span class='ocrx_word' id='word_1_255' title='bbox 262 2101 501 2135; x_wconf 79' lang='lat' dir='ltr'>diversitatem</span> <span class='ocrx_word' id='word_1_256' title='bbox 533 2101 667 2132; x_wconf 85' lang='lat' dir='ltr'>discant</span> <span class='ocrx_word' id='word_1_257' title='bbox 689 2101 865 2142; x_wconf 83' lang='lat' dir='ltr'>iuniores,</span> <span class='ocrx_word' id='word_1_258' title='bbox 902 2111 934 2137; x_wconf 82' lang='lat' dir='ltr'>et</span> <span class='ocrx_word' id='word_1_259' title='bbox 968 2112 1005 2138; x_wconf 90' lang='lat' dir='ltr'>ut</span> <span class='ocrx_word' id='word_1_260' title='bbox 1026 2106 1095 2139; x_wconf 90' lang='lat' dir='ltr'>sint</span> <span class='ocrx_word' id='word_1_261' title='bbox 1121 2107 1239 2140; x_wconf 89' lang='lat' dir='ltr'>minus</span> 
     </span>
    </p>
   </div>
   <div class='ocr_carea' id='block_1_10' title="bbox 261 2150 1270 2445">
    <p class='ocr_par' dir='ltr' id='par_1_11' title="bbox 261 2150 1270 2445">
     <span class='ocr_line' id='line_1_41' title="bbox 262 2150 1240 2201; baseline 0.005 -16"><span class='ocrx_word' id='word_1_262' title='bbox 262 2153 447 2190; x_wconf 85' lang='lat' dir='ltr'>obscurae,</span> <span class='ocrx_word' id='word_1_263' title='bbox 475 2151 613 2183; x_wconf 82' lang='lat' dir='ltr'>accedat</span> <span class='ocrx_word' id='word_1_264' title='bbox 629 2150 799 2194; x_wconf 82' lang='lat' dir='ltr'>inspectio</span> <span class='ocrx_word' id='word_1_265' title='bbox 818 2155 871 2186; x_wconf 89' lang='lat' dir='ltr'>vel</span> <span class='ocrx_word' id='word_1_266' title='bbox 889 2154 926 2186; x_wconf 87' lang='lat' dir='ltr'>in</span> <span class='ocrx_word' id='word_1_267' title='bbox 945 2156 1154 2189; x_wconf 84' lang='lat' dir='ltr'>mactatione</span> <span class='ocrx_word' id='word_1_268' title='bbox 1180 2169 1240 2201; x_wconf 90' lang='lat' dir='ltr'>pe-</span> 
     </span>
     <span class='ocr_line' id='line_1_42' title="bbox 261 2200 1240 2251; baseline 0.006 -16"><span class='ocrx_word' id='word_1_269' title='bbox 261 2201 404 2241; x_wconf 85' lang='lat' dir='ltr'>cudum,</span> <span class='ocrx_word' id='word_1_270' title='bbox 431 2200 487 2232; x_wconf 88' lang='lat' dir='ltr'>vel</span> <span class='ocrx_word' id='word_1_271' title='bbox 506 2200 542 2233; x_wconf 87' lang='lat' dir='ltr'>in</span> <span class='ocrx_word' id='word_1_272' title='bbox 559 2200 701 2240; x_wconf 88' lang='lat' dir='ltr'>mensis,</span> <span class='ocrx_word' id='word_1_273' title='bbox 716 2202 777 2234; x_wconf 90' lang='lat' dir='ltr'>ubi</span> <span class='ocrx_word' id='word_1_274' title='bbox 795 2203 897 2236; x_wconf 89' lang='lat' dir='ltr'>etiam</span> <span class='ocrx_word' id='word_1_275' title='bbox 915 2205 1116 2239; x_wconf 88' lang='lat' dir='ltr'>discrimina</span> <span class='ocrx_word' id='word_1_276' title='bbox 1134 2219 1240 2251; x_wconf 87' lang='lat' dir='ltr'>quae-</span> 
     </span>
     <span class='ocr_line' id='line_1_43' title="bbox 265 2250 1241 2295; baseline 0.005 -10"><span class='ocrx_word' id='word_1_277' title='bbox 265 2253 345 2285; x_wconf 85' lang='lat' dir='ltr'>dam</span> <span class='ocrx_word' id='word_1_278' title='bbox 364 2250 588 2283; x_wconf 86' lang='lat' dir='ltr'>mediocriter</span> <span class='ocrx_word' id='word_1_279' title='bbox 610 2252 750 2293; x_wconf 81' lang='lat' dir='ltr'>agnosci</span> <span class='ocrx_word' id='word_1_280' title='bbox 773 2262 937 2295; x_wconf 88' lang='lat' dir='ltr'>possunt,</span> <span class='ocrx_word' id='word_1_281' title='bbox 966 2263 999 2289; x_wconf 90' lang='lat' dir='ltr'>et</span> <span class='ocrx_word' id='word_1_282' title='bbox 1020 2257 1241 2290; x_wconf 84' lang='lat' dir='ltr'>admirentur</span> 
     </span>
     <span class='ocr_line' id='line_1_44' title="bbox 264 2300 1242 2350; baseline 0.008 -18"><span class='ocrx_word' id='word_1_283' title='bbox 264 2300 525 2345; x_wconf 88' lang='lat' dir='ltr'>providentiam</span> <span class='ocrx_word' id='word_1_284' title='bbox 543 2307 575 2334; x_wconf 88' lang='lat' dir='ltr'>et</span> <span class='ocrx_word' id='word_1_285' title='bbox 590 2307 698 2334; x_wconf 86' lang='lat' dir='ltr'>artem</span> <span class='ocrx_word' id='word_1_286' title='bbox 715 2303 865 2345; x_wconf 88' lang='lat' dir='ltr'>opificis,</span> <span class='ocrx_word' id='word_1_287' title='bbox 893 2305 954 2348; x_wconf 88' lang='lat' dir='ltr'>qui</span> <span class='ocrx_word' id='word_1_288' title='bbox 980 2312 1050 2339; x_wconf 92' lang='lat' dir='ltr'>tam</span> <span class='ocrx_word' id='word_1_289' title='bbox 1068 2307 1242 2350; x_wconf 85' lang='lat' dir='ltr'>sapienter</span> 
     </span>
     <span class='ocr_line' id='line_1_45' title="bbox 264 2350 1270 2396; baseline 0.008 -14"><span class='ocrx_word' id='word_1_290' title='bbox 264 2350 460 2394; x_wconf 79' lang='lat' dir='ltr'>praevidit,</span> <span class='ocrx_word' id='word_1_291' title='bbox 495 2351 625 2396; x_wconf 89' lang='lat' dir='ltr'>quibus</span> <span class='ocrx_word' id='word_1_292' title='bbox 648 2353 803 2385; x_wconf 91' lang='lat' dir='ltr'>motibus</span> <span class='ocrx_word' id='word_1_293' title='bbox 831 2360 863 2387; x_wconf 88' lang='lat' dir='ltr'>et</span> <span class='ocrx_word' id='word_1_294' title='bbox 893 2352 1065 2389; x_wconf 82' lang='lat' dir='ltr'>machinis</span> <span class='ocrx_word' id='word_1_295' title='bbox 1096 2358 1240 2390; x_wconf 89' lang='lat' dir='ltr'>animali</span> <span class='ocrx_word' id='word_1_296' title='bbox 1266 2359 1270 2372; x_wconf 83' lang='lat'><em>¹</em></span> 
     </span>
     <span class='ocr_line' id='line_1_46' title="bbox 266 2400 1215 2445; baseline 0.009 -11"><span class='ocrx_word' id='word_1_297' title='bbox 266 2411 355 2445; x_wconf 85' lang='lat' dir='ltr'>opus</span> <span class='ocrx_word' id='word_1_298' title='bbox 376 2400 437 2438; x_wconf 86' lang='lat' dir='ltr'>sit,</span> <span class='ocrx_word' id='word_1_299' title='bbox 466 2407 499 2434; x_wconf 85' lang='lat' dir='ltr'>et</span> <span class='ocrx_word' id='word_1_300' title='bbox 518 2412 652 2435; x_wconf 83' lang='lat' dir='ltr'>summa</span> <span class='ocrx_word' id='word_1_301' title='bbox 671 2409 744 2437; x_wconf 87' lang='lat' dir='ltr'>arte</span> <span class='ocrx_word' id='word_1_302' title='bbox 763 2402 942 2438; x_wconf 87' lang='lat' dir='ltr'>machinas</span> <span class='ocrx_word' id='word_1_303' title='bbox 965 2405 1107 2440; x_wconf 90' lang='lat' dir='ltr'>idoneas</span> <span class='ocrx_word' id='word_1_304' title='bbox 1124 2407 1215 2443; x_wconf 85' lang='lat' dir='ltr'>fecit.</span> 
     </span>
    </p>
   </div>
   <div class='ocr_carea' id='block_1_11' title="bbox 592 2522 918 2561">
    <p class='ocr_par' dir='ltr' id='par_1_12' title="bbox 592 2522 918 2561">
     <span class='ocr_line' id='line_1_47' title="bbox 592 2522 918 2561; baseline 0.018 -7"><span class='ocrx_word' id='word_1_305' title='bbox 592 2523 652 2555; x_wconf 86' lang='lat' dir='ltr'>De</span> <span class='ocrx_word' id='word_1_306' title='bbox 685 2522 918 2561; x_wconf 75' lang='lat' dir='ltr'>Rumoribus;</span> 
     </span>
    </p>
   </div>
   <div class='ocr_carea' id='block_1_12' title="bbox 271 2591 1269 2692">
    <p class='ocr_par' dir='ltr' id='par_1_13' title="bbox 271 2591 1269 2692">
     <span class='ocr_line' id='line_1_48' title="bbox 368 2591 1243 2644; baseline 0.007 -16"><span class='ocrx_word' id='word_1_307' title='bbox 368 2591 447 2628; x_wconf 71' lang='lat' dir='ltr'>Etsi</span> <span class='ocrx_word' id='word_1_308' title='bbox 473 2593 586 2628; x_wconf 81' lang='lat' dir='ltr'>fontes</span> <span class='ocrx_word' id='word_1_309' title='bbox 609 2592 799 2631; x_wconf 88' lang='lat' dir='ltr'>humorum</span> <span class='ocrx_word' id='word_1_310' title='bbox 823 2600 948 2634; x_wconf 85' lang='lat' dir='ltr'>melius</span> <span class='ocrx_word' id='word_1_311' title='bbox 970 2599 1243 2644; x_wconf 88' lang='lat' dir='ltr'>conspiciuntur,</span> 
     </span>
     <span class='ocr_line' id='line_1_49' title="bbox 271 2644 1269 2692; baseline 0.005 -12"><span class='ocrx_word' id='word_1_312' title='bbox 271 2657 350 2680; x_wconf 85' lang='lat' dir='ltr'>cum</span> <span class='ocrx_word' id='word_1_313' title='bbox 368 2644 494 2678; x_wconf 87' lang='lat' dir='ltr'>modus</span> <span class='ocrx_word' id='word_1_314' title='bbox 516 2644 723 2680; x_wconf 89' lang='lat' dir='ltr'>nutritionis</span> <span class='ocrx_word' id='word_1_315' title='bbox 737 2648 920 2692; x_wconf 88' lang='lat' dir='ltr'>recitatur,</span> <span class='ocrx_word' id='word_1_316' title='bbox 946 2657 1062 2685; x_wconf 86' lang='lat' dir='ltr'>tamen</span> <span class='ocrx_word' id='word_1_317' title='bbox 1080 2662 1157 2685; x_wconf 90' lang='lat' dir='ltr'>cum</span> <span class='ocrx_word' id='word_1_318' title='bbox 1176 2649 1243 2684; x_wconf 83' lang='lat' dir='ltr'>hu·</span> <span class='ocrx_word' id='word_1_319' title='bbox 1268 2646 1269 2654; x_wconf 47' lang='lat'>¹</span> 
     </span>
    </p>
   </div>
   <div class='ocr_carea' id='block_1_13' title="bbox 1263 2111 1272 2688">
    <p class='ocr_par' dir='ltr' id='par_1_14' title="bbox 1263 2111 1272 2688">
     <span class='ocr_line' id='line_1_50' title="bbox 1263 2111 1272 2688; baseline 0 0"><span class='ocrx_word' id='word_1_320' title='bbox 1263 2111 1272 2688; x_wconf 95' lang='lat' dir='ltr'> </span> 
     </span>
    </p>
   </div>
   <div class='ocr_carea' id='block_1_14' title="bbox 243 113 2249 153">
    <p class='ocr_par' dir='ltr' id='par_1_15' title="bbox 243 113 2249 153">
     <span class='ocr_line' id='line_1_51' title="bbox 243 113 2249 153; baseline -0 -1"><span class='ocrx_word' id='word_1_321' title='bbox 243 120 286 152; x_wconf 77' lang='lat'>19</span> <span class='ocrx_word' id='word_1_322' title='bbox 478 117 687 153; x_wconf 75' lang='lat' dir='ltr'>SCRIPTA</span> <span class='ocrx_word' id='word_1_323' title='bbox 717 117 790 151; x_wconf 73' lang='grc' dir='ltr'>ΡΗ.</span> <span class='ocrx_word' id='word_1_324' title='bbox 818 115 931 151; x_wconf 83' lang='lat' dir='ltr'>MEL.</span> <span class='ocrx_word' id='word_1_325' title='bbox 959 114 1026 150; x_wconf 72' lang='lat' dir='ltr'>AD</span> <span class='ocrx_word' id='word_1_326' title='bbox 1052 115 1178 152; x_wconf 84' lang='lat' dir='ltr'>HlST.</span> <span class='ocrx_word' id='word_1_327' title='bbox 1206 113 1349 153; x_wconf 78' lang='lat' dir='ltr'>PROF.</span> <span class='ocrx_word' id='word_1_328' title='bbox 1373 114 1439 150; x_wconf 83' lang='lat' dir='ltr'>ET</span> <span class='ocrx_word' id='word_1_329' title='bbox 1467 113 1657 151; x_wconf 88' lang='lat' dir='ltr'>PHILOS.</span> <span class='ocrx_word' id='word_1_330' title='bbox 1685 113 2003 152; x_wconf 80' lang='lat' dir='ltr'>SPECTANTIA.</span> <span class='ocrx_word' id='word_1_331' title='bbox 2200 116 2249 151; x_wconf 87' lang='lat'>80</span> 
     </span>
    </p>
   </div>
   <div class='ocr_carea' id='block_1_15' title="bbox 1275 201 2254 344">
    <p class='ocr_par' dir='ltr' id='par_1_16' title="bbox 1275 201 2254 344">
     <span class='ocr_line' id='line_1_52' title="bbox 1275 201 2252 245; baseline 0.001 -12"><span class='ocrx_word' id='word_1_332' title='bbox 1275 211 1389 234; x_wconf 88' lang='lat' dir='ltr'>mores</span> <span class='ocrx_word' id='word_1_333' title='bbox 1415 201 1484 234; x_wconf 89' lang='lat' dir='ltr'>sint</span> <span class='ocrx_word' id='word_1_334' title='bbox 1515 212 1638 243; x_wconf 82' lang='lat' dir='ltr'>magna</span> <span class='ocrx_word' id='word_1_335' title='bbox 1664 212 1744 244; x_wconf 87' lang='lat' dir='ltr'>pars</span> <span class='ocrx_word' id='word_1_336' title='bbox 1769 201 1806 233; x_wconf 89' lang='lat' dir='ltr'>in</span> <span class='ocrx_word' id='word_1_337' title='bbox 1838 213 1982 245; x_wconf 91' lang='lat' dir='ltr'>corpore</span> <span class='ocrx_word' id='word_1_338' title='bbox 2008 201 2189 241; x_wconf 87' lang='lat' dir='ltr'>animalis,</span> <span class='ocrx_word' id='word_1_339' title='bbox 2219 208 2252 235; x_wconf 91' lang='lat' dir='ltr'>et</span> 
     </span>
     <span class='ocr_line' id='line_1_53' title="bbox 1275 251 2253 291; baseline 0.001 -8"><span class='ocrx_word' id='word_1_340' title='bbox 1275 263 1347 283; x_wconf 93' lang='lat' dir='ltr'>non</span> <span class='ocrx_word' id='word_1_341' title='bbox 1374 251 1487 283; x_wconf 89' lang='lat' dir='ltr'>solum</span> <span class='ocrx_word' id='word_1_342' title='bbox 1513 252 1582 284; x_wconf 87' lang='lat' dir='ltr'>sint</span> <span class='ocrx_word' id='word_1_343' title='bbox 1607 251 1886 291; x_wconf 87' lang='lat' dir='ltr'>nutrimentum,</span> <span class='ocrx_word' id='word_1_344' title='bbox 1917 253 1976 284; x_wconf 89' lang='lat' dir='ltr'>sed</span> <span class='ocrx_word' id='word_1_345' title='bbox 2000 253 2103 285; x_wconf 89' lang='lat' dir='ltr'>etiam</span> <span class='ocrx_word' id='word_1_346' title='bbox 2129 252 2253 285; x_wconf 85' lang='lat' dir='ltr'>discri-</span> 
     </span>
     <span class='ocr_line' id='line_1_54' title="bbox 1276 301 2254 344; baseline 0.003 -12"><span class='ocrx_word' id='word_1_347' title='bbox 1276 301 1371 333; x_wconf 90' lang='lat' dir='ltr'>mina</span> <span class='ocrx_word' id='word_1_348' title='bbox 1392 301 1622 344; x_wconf 88' lang='lat' dir='ltr'>plurimarum</span> <span class='ocrx_word' id='word_1_349' title='bbox 1641 302 1818 335; x_wconf 91' lang='lat' dir='ltr'>actionum</span> <span class='ocrx_word' id='word_1_350' title='bbox 1838 301 2009 342; x_wconf 78' lang='lat' dir='ltr'>efficiant,</span> <span class='ocrx_word' id='word_1_351' title='bbox 2033 309 2065 335; x_wconf 89' lang='lat' dir='ltr'>et</span> <span class='ocrx_word' id='word_1_352' title='bbox 2084 302 2153 335; x_wconf 86' lang='lat' dir='ltr'>sint</span> <span class='ocrx_word' id='word_1_353' title='bbox 2170 313 2254 335; x_wconf 86' lang='lat' dir='ltr'>cau—</span> 
     </span>
    </p>
   </div>
   <div class='ocr_carea' id='block_1_16' title="bbox 1276 351 2253 444">
    <p class='ocr_par' dir='ltr' id='par_1_17' title="bbox 1276 351 2253 444">
     <span class='ocr_line' id='line_1_55' title="bbox 1276 351 2253 397; baseline 0.002 -15"><span class='ocrx_word' id='word_1_354' title='bbox 1276 362 1332 383; x_wconf 85' lang='lat' dir='ltr'>sae</span> <span class='ocrx_word' id='word_1_355' title='bbox 1360 351 1577 383; x_wconf 86' lang='lat' dir='ltr'>diversorum</span> <span class='ocrx_word' id='word_1_356' title='bbox 1614 359 1989 396; x_wconf 88' lang='lat' dir='ltr'>temperamentorum,</span> <span class='ocrx_word' id='word_1_357' title='bbox 2029 363 2253 397; x_wconf 86' lang='lat' dir='ltr'>nequaquam</span> 
     </span>
     <span class='ocr_line' id='line_1_56' title="bbox 1280 398 1709 444; baseline 0.007 -11"><span class='ocrx_word' id='word_1_358' title='bbox 1280 398 1337 433; x_wconf 85' lang='lat' dir='ltr'>hic</span> <span class='ocrx_word' id='word_1_359' title='bbox 1352 401 1597 444; x_wconf 88' lang='lat' dir='ltr'>praetereundi</span> <span class='ocrx_word' id='word_1_360' title='bbox 1616 409 1709 436; x_wconf 87' lang='lat' dir='ltr'>sunt.</span> 
     </span>
    </p>
   </div>
   <div class='ocr_carea' id='block_1_17' title="bbox 1278 472 2259 720">
    <p class='ocr_par' dir='ltr' id='par_1_18' title="bbox 1278 472 2259 720">
     <span class='ocr_line' id='line_1_57' title="bbox 1377 472 2254 521; baseline 0.003 -15"><span class='ocrx_word' id='word_1_361' title='bbox 1377 473 1589 507; x_wconf 89' lang='lat' dir='ltr'>Nominatur</span> <span class='ocrx_word' id='word_1_362' title='bbox 1609 481 1723 507; x_wconf 86' lang='lat' dir='ltr'>autem</span> <span class='ocrx_word' id='word_1_363' title='bbox 1742 472 1808 508; x_wconf 91' lang='lat' dir='ltr'>hoc</span> <span class='ocrx_word' id='word_1_364' title='bbox 1829 475 1905 508; x_wconf 94' lang='lat' dir='ltr'>loco</span> <span class='ocrx_word' id='word_1_365' title='bbox 1929 473 2057 508; x_wconf 89' lang='lat' dir='ltr'>humor</span> <span class='ocrx_word' id='word_1_366' title='bbox 2079 475 2254 521; x_wconf 88' lang='lat' dir='ltr'>liquidum</span> 
     </span>
     <span class='ocr_line' id='line_1_58' title="bbox 1278 525 2256 569; baseline 0.002 -12"><span class='ocrx_word' id='word_1_367' title='bbox 1278 531 1311 558; x_wconf 93' lang='lat' dir='ltr'>et</span> <span class='ocrx_word' id='word_1_368' title='bbox 1329 525 1478 557; x_wconf 84' lang='lat' dir='ltr'>fluidum</span> <span class='ocrx_word' id='word_1_369' title='bbox 1495 537 1631 568; x_wconf 88' lang='lat' dir='ltr'>corpus,</span> <span class='ocrx_word' id='word_1_370' title='bbox 1659 525 1695 556; x_wconf 93' lang='lat' dir='ltr'>in</span> <span class='ocrx_word' id='word_1_371' title='bbox 1713 537 1802 569; x_wconf 84' lang='lat' dir='ltr'>quae</span> <span class='ocrx_word' id='word_1_372' title='bbox 1818 526 2035 559; x_wconf 84' lang='lat' dir='ltr'>convertitur</span> <span class='ocrx_word' id='word_1_373' title='bbox 2054 527 2256 560; x_wconf 89' lang='lat' dir='ltr'>nutrimen-</span> 
     </span>
     <span class='ocr_line' id='line_1_59' title="bbox 1279 575 2257 618; baseline 0.001 -10"><span class='ocrx_word' id='word_1_374' title='bbox 1279 582 1352 608; x_wconf 87' lang='lat' dir='ltr'>tum</span> <span class='ocrx_word' id='word_1_375' title='bbox 1377 575 1413 606; x_wconf 89' lang='lat' dir='ltr'>in</span> <span class='ocrx_word' id='word_1_376' title='bbox 1446 581 1562 618; x_wconf 83' lang='lat' dir='ltr'>epate,</span> <span class='ocrx_word' id='word_1_377' title='bbox 1596 582 1634 607; x_wconf 88' lang='lat' dir='ltr'>ut</span> <span class='ocrx_word' id='word_1_378' title='bbox 1659 587 1803 618; x_wconf 83' lang='lat' dir='ltr'>corpora</span> <span class='ocrx_word' id='word_1_379' title='bbox 1837 577 2039 610; x_wconf 80' lang='lat' dir='ltr'>nutriantur</span> <span class='ocrx_word' id='word_1_380' title='bbox 2063 583 2094 609; x_wconf 92' lang='lat' dir='ltr'>et</span> <span class='ocrx_word' id='word_1_381' title='bbox 2117 588 2257 609; x_wconf 90' lang='lat' dir='ltr'>conser-</span> 
     </span>
     <span class='ocr_line' id='line_1_60' title="bbox 1279 622 2257 671; baseline 0.004 -15"><span class='ocrx_word' id='word_1_382' title='bbox 1279 631 1417 657; x_wconf 73' lang='lat' dir='ltr'>ventur.</span> <span class='ocrx_word' id='word_1_383' title='bbox 1461 624 1599 666; x_wconf 84' lang='lat' dir='ltr'>Species</span> <span class='ocrx_word' id='word_1_384' title='bbox 1617 631 1731 657; x_wconf 88' lang='lat' dir='ltr'>autem</span> <span class='ocrx_word' id='word_1_385' title='bbox 1750 622 1937 658; x_wconf 87' lang='lat' dir='ltr'>humorum</span> <span class='ocrx_word' id='word_1_386' title='bbox 1956 626 1994 658; x_wconf 93' lang='lat' dir='ltr'>in</span> <span class='ocrx_word' id='word_1_387' title='bbox 2013 639 2157 671; x_wconf 88' lang='lat' dir='ltr'>corpore</span> <span class='ocrx_word' id='word_1_388' title='bbox 2178 628 2257 660; x_wconf 89' lang='lat' dir='ltr'>ani-</span> 
     </span>
     <span class='ocr_line' id='line_1_61' title="bbox 1280 674 2259 720; baseline 0.004 -14"><span class='ocrx_word' id='word_1_389' title='bbox 1280 674 1379 707; x_wconf 89' lang='lat' dir='ltr'>malis</span> <span class='ocrx_word' id='word_1_390' title='bbox 1405 674 1638 707; x_wconf 90' lang='lat' dir='ltr'>nominantur</span> <span class='ocrx_word' id='word_1_391' title='bbox 1670 682 1838 718; x_wconf 83' lang='lat' dir='ltr'>quatuor:</span> <span class='ocrx_word' id='word_1_392' title='bbox 1881 675 2050 718; x_wconf 80' lang='lat' dir='ltr'>Sanguis,</span> <span class='ocrx_word' id='word_1_393' title='bbox 2085 675 2259 720; x_wconf 81' lang='lat' dir='ltr'>phlegma,</span> 
     </span>
    </p>
   </div>
   <div class='ocr_carea' id='block_1_18' title="bbox 1280 723 2257 819">
    <p class='ocr_par' dir='ltr' id='par_1_19' title="bbox 1280 723 2257 819">
     <span class='ocr_line' id='line_1_62' title="bbox 1280 723 2257 769; baseline 0.004 -12"><span class='ocrx_word' id='word_1_394' title='bbox 1280 726 1367 757; x_wconf 78' lang='lat' dir='ltr'>flava</span> <span class='ocrx_word' id='word_1_395' title='bbox 1390 724 1490 762; x_wconf 88' lang='lat' dir='ltr'>bilis,</span> <span class='ocrx_word' id='word_1_396' title='bbox 1528 731 1560 757; x_wconf 90' lang='lat' dir='ltr'>et</span> <span class='ocrx_word' id='word_1_397' title='bbox 1586 731 1658 756; x_wconf 88' lang='lat' dir='ltr'>atra</span> <span class='ocrx_word' id='word_1_398' title='bbox 1684 724 1775 757; x_wconf 86' lang='lat' dir='ltr'>bilis.</span> <span class='ocrx_word' id='word_1_399' title='bbox 1833 723 1885 758; x_wconf 86' lang='lat' dir='ltr'>Ac</span> <span class='ocrx_word' id='word_1_400' title='bbox 1910 726 2014 758; x_wconf 89' lang='lat' dir='ltr'>simul</span> <span class='ocrx_word' id='word_1_401' title='bbox 2045 734 2257 769; x_wconf 85' lang='lat' dir='ltr'>generantur</span> 
     </span>
     <span class='ocr_line' id='line_1_63' title="bbox 1280 772 1661 819; baseline -0.003 -12"><span class='ocrx_word' id='word_1_402' title='bbox 1280 775 1318 807; x_wconf 87' lang='lat' dir='ltr'>in</span> <span class='ocrx_word' id='word_1_403' title='bbox 1340 783 1437 819; x_wconf 88' lang='lat' dir='ltr'>epate</span> <span class='ocrx_word' id='word_1_404' title='bbox 1455 772 1520 807; x_wconf 81' lang='lat' dir='ltr'>hoc</span> <span class='ocrx_word' id='word_1_405' title='bbox 1545 776 1661 807; x_wconf 88' lang='lat' dir='ltr'>modo.</span> 
     </span>
    </p>
   </div>
   <div class='ocr_carea' id='block_1_19' title="bbox 1282 848 2266 1594">
    <p class='ocr_par' dir='ltr' id='par_1_20' title="bbox 1282 848 2266 1594">
     <span class='ocr_line' id='line_1_64' title="bbox 1385 848 2258 894; baseline 0.001 -12"><span class='ocrx_word' id='word_1_406' title='bbox 1385 848 1430 883; x_wconf 89' lang='lat' dir='ltr'>Ut</span> <span class='ocrx_word' id='word_1_407' title='bbox 1449 849 1484 881; x_wconf 87' lang='lat' dir='ltr'>in</span> <span class='ocrx_word' id='word_1_408' title='bbox 1501 849 1665 882; x_wconf 82' lang='lat' dir='ltr'>omnibus</span> <span class='ocrx_word' id='word_1_409' title='bbox 1687 849 1804 883; x_wconf 81' lang='lat' dir='ltr'>mixtis</span> <span class='ocrx_word' id='word_1_410' title='bbox 1823 850 1942 883; x_wconf 87' lang='lat' dir='ltr'>insunt</span> <span class='ocrx_word' id='word_1_411' title='bbox 1962 851 2118 884; x_wconf 88' lang='lat' dir='ltr'>diversae</span> <span class='ocrx_word' id='word_1_412' title='bbox 2133 857 2258 894; x_wconf 82' lang='lat' dir='ltr'>partes,</span> 
     </span>
     <span class='ocr_line' id='line_1_65' title="bbox 1282 900 2260 946; baseline 0 -13"><span class='ocrx_word' id='word_1_413' title='bbox 1282 901 1369 934; x_wconf 85' lang='lat' dir='ltr'>aliae</span> <span class='ocrx_word' id='word_1_414' title='bbox 1386 900 1525 942; x_wconf 81' lang='lat' dir='ltr'>igneae,</span> <span class='ocrx_word' id='word_1_415' title='bbox 1552 900 1639 932; x_wconf 85' lang='lat' dir='ltr'>aliae</span> <span class='ocrx_word' id='word_1_416' title='bbox 1657 906 1853 940; x_wconf 84' lang='lat' dir='ltr'>terrestres,</span> <span class='ocrx_word' id='word_1_417' title='bbox 1881 902 1968 934; x_wconf 83' lang='lat' dir='ltr'>aliae</span> <span class='ocrx_word' id='word_1_418' title='bbox 1986 912 2147 946; x_wconf 88' lang='lat' dir='ltr'>aquosae,</span> <span class='ocrx_word' id='word_1_419' title='bbox 2172 901 2260 933; x_wconf 90' lang='lat' dir='ltr'>aliae</span> 
     </span>
     <span class='ocr_line' id='line_1_66' title="bbox 1282 949 2262 995; baseline -0.002 -11"><span class='ocrx_word' id='word_1_420' title='bbox 1282 952 1419 984; x_wconf 65' lang='lat' dir='ltr'>aereae:</span> <span class='ocrx_word' id='word_1_421' title='bbox 1460 950 1506 982; x_wconf 84' lang='lat' dir='ltr'>ita</span> <span class='ocrx_word' id='word_1_422' title='bbox 1540 949 1575 981; x_wconf 90' lang='lat' dir='ltr'>in</span> <span class='ocrx_word' id='word_1_423' title='bbox 1601 957 1670 984; x_wconf 87' lang='lat' dir='ltr'>tota</span> <span class='ocrx_word' id='word_1_424' title='bbox 1702 962 1810 983; x_wconf 83' lang='lat' dir='ltr'>massa</span> <span class='ocrx_word' id='word_1_425' title='bbox 1835 952 2042 994; x_wconf 82' lang='lat' dir='ltr'>sanguinea,</span> <span class='ocrx_word' id='word_1_426' title='bbox 2076 958 2262 995; x_wconf 86' lang='lat' dir='ltr'>postquam</span> 
     </span>
     <span class='ocr_line' id='line_1_67' title="bbox 1283 1000 2262 1046; baseline 0.001 -13"><span class='ocrx_word' id='word_1_427' title='bbox 1283 1000 1367 1034; x_wconf 84' lang='lat' dir='ltr'>haec</span> <span class='ocrx_word' id='word_1_428' title='bbox 1384 1001 1421 1032; x_wconf 92' lang='lat' dir='ltr'>in</span> <span class='ocrx_word' id='word_1_429' title='bbox 1437 1006 1535 1044; x_wconf 89' lang='lat' dir='ltr'>epate</span> <span class='ocrx_word' id='word_1_430' title='bbox 1560 1008 1653 1033; x_wconf 88' lang='lat' dir='ltr'>cocta</span> <span class='ocrx_word' id='word_1_431' title='bbox 1671 1008 1731 1039; x_wconf 90' lang='lat' dir='ltr'>est,</span> <span class='ocrx_word' id='word_1_432' title='bbox 1751 1001 1890 1043; x_wconf 83' lang='lat' dir='ltr'>igneum</span> <span class='ocrx_word' id='word_1_433' title='bbox 1910 1002 2077 1046; x_wconf 83' lang='lat' dir='ltr'>quiddam</span> <span class='ocrx_word' id='word_1_434' title='bbox 2095 1007 2144 1034; x_wconf 88' lang='lat' dir='ltr'>est</span> <span class='ocrx_word' id='word_1_435' title='bbox 2161 1000 2262 1033; x_wconf 85' lang='lat' dir='ltr'>ebul-</span> 
     </span>
     <span class='ocr_line' id='line_1_68' title="bbox 1284 1049 2258 1096; baseline 0 -13"><span class='ocrx_word' id='word_1_436' title='bbox 1284 1052 1389 1088; x_wconf 80' lang='lat' dir='ltr'>liens,</span> <span class='ocrx_word' id='word_1_437' title='bbox 1416 1051 1449 1082; x_wconf 93' lang='lat' dir='ltr'>id</span> <span class='ocrx_word' id='word_1_438' title='bbox 1477 1050 1681 1083; x_wconf 82' lang='lat' dir='ltr'>nominatur</span> <span class='ocrx_word' id='word_1_439' title='bbox 1698 1049 1803 1083; x_wconf 79' lang='lat' dir='ltr'>Flava</span> <span class='ocrx_word' id='word_1_440' title='bbox 1828 1052 1928 1091; x_wconf 87' lang='lat' dir='ltr'>bilis,</span> <span class='ocrx_word' id='word_1_441' title='bbox 1955 1064 2043 1096; x_wconf 88' lang='lat' dir='ltr'>quae</span> <span class='ocrx_word' id='word_1_442' title='bbox 2070 1058 2120 1084; x_wconf 86' lang='lat' dir='ltr'>est</span> <span class='ocrx_word' id='word_1_443' title='bbox 2146 1051 2258 1083; x_wconf 88' lang='lat' dir='ltr'>calida</span> 
     </span>
     <span class='ocr_line' id='line_1_69' title="bbox 1285 1100 2260 1146; baseline -0.002 -12"><span class='ocrx_word' id='word_1_444' title='bbox 1285 1108 1317 1134; x_wconf 89' lang='lat' dir='ltr'>et</span> <span class='ocrx_word' id='word_1_445' title='bbox 1333 1101 1432 1133; x_wconf 78' lang='lat' dir='ltr'>sicca,</span> <span class='ocrx_word' id='word_1_446' title='bbox 1467 1100 1559 1132; x_wconf 85' lang='lat' dir='ltr'>Inest</span> <span class='ocrx_word' id='word_1_447' title='bbox 1576 1106 1608 1132; x_wconf 90' lang='lat' dir='ltr'>et</span> <span class='ocrx_word' id='word_1_448' title='bbox 1624 1107 1784 1133; x_wconf 88' lang='lat' dir='ltr'>terrestre</span> <span class='ocrx_word' id='word_1_449' title='bbox 1802 1102 1967 1146; x_wconf 80' lang='lat' dir='ltr'>quiddam</span> <span class='ocrx_word' id='word_1_450' title='bbox 1987 1102 2120 1135; x_wconf 83' lang='lat' dir='ltr'>fecibus</span> <span class='ocrx_word' id='word_1_451' title='bbox 2135 1100 2260 1136; x_wconf 88' lang='lat' dir='ltr'>simile.</span> 
     </span>
     <span class='ocr_line' id='line_1_70' title="bbox 1287 1150 2260 1196; baseline 0.001 -12"><span class='ocrx_word' id='word_1_452' title='bbox 1287 1150 1326 1184; x_wconf 90' lang='lat' dir='ltr'>ld</span> <span class='ocrx_word' id='word_1_453' title='bbox 1342 1151 1545 1184; x_wconf 84' lang='lat' dir='ltr'>nominatur</span> <span class='ocrx_word' id='word_1_454' title='bbox 1563 1151 1650 1184; x_wconf 83' lang='lat' dir='ltr'>Atra</span> <span class='ocrx_word' id='word_1_455' title='bbox 1668 1151 1765 1191; x_wconf 81' lang='lat' dir='ltr'>bilis,</span> <span class='ocrx_word' id='word_1_456' title='bbox 1792 1163 1879 1196; x_wconf 89' lang='lat' dir='ltr'>quae</span> <span class='ocrx_word' id='word_1_457' title='bbox 1899 1158 1949 1185; x_wconf 89' lang='lat' dir='ltr'>est</span> <span class='ocrx_word' id='word_1_458' title='bbox 1966 1151 2091 1194; x_wconf 79' lang='lat' dir='ltr'>frigida</span> <span class='ocrx_word' id='word_1_459' title='bbox 2109 1157 2142 1184; x_wconf 86' lang='lat' dir='ltr'>et</span> <span class='ocrx_word' id='word_1_460' title='bbox 2159 1151 2260 1185; x_wconf 87' lang='lat' dir='ltr'>sicca.</span> 
     </span>
     <span class='ocr_line' id='line_1_71' title="bbox 1287 1200 2262 1246; baseline -0.003 -11"><span class='ocrx_word' id='word_1_461' title='bbox 1287 1201 1408 1235; x_wconf 64' lang='lat' dir='ltr'>Manet</span> <span class='ocrx_word' id='word_1_462' title='bbox 1438 1200 1487 1234; x_wconf 89' lang='lat' dir='ltr'>ibi</span> <span class='ocrx_word' id='word_1_463' title='bbox 1519 1201 1622 1233; x_wconf 88' lang='lat' dir='ltr'>etiam</span> <span class='ocrx_word' id='word_1_464' title='bbox 1655 1201 1823 1246; x_wconf 85' lang='lat' dir='ltr'>quiddam</span> <span class='ocrx_word' id='word_1_465' title='bbox 1852 1213 2043 1246; x_wconf 87' lang='lat' dir='ltr'>aquosum,</span> <span class='ocrx_word' id='word_1_466' title='bbox 2075 1202 2175 1234; x_wconf 90' lang='lat' dir='ltr'>cuius</span> <span class='ocrx_word' id='word_1_467' title='bbox 2199 1200 2262 1233; x_wconf 86' lang='lat' dir='ltr'>etsi</span> 
     </span>
     <span class='ocr_line' id='line_1_72' title="bbox 1287 1249 2264 1294; baseline 0 -11"><span class='ocrx_word' id='word_1_468' title='bbox 1287 1249 1448 1284; x_wconf 78' lang='lat' dir='ltr'>inchoata</span> <span class='ocrx_word' id='word_1_469' title='bbox 1474 1257 1523 1283; x_wconf 88' lang='lat' dir='ltr'>est</span> <span class='ocrx_word' id='word_1_470' title='bbox 1544 1251 1674 1291; x_wconf 89' lang='lat' dir='ltr'>coctio,</span> <span class='ocrx_word' id='word_1_471' title='bbox 1701 1257 1740 1284; x_wconf 85' lang='lat' dir='ltr'>ut</span> <span class='ocrx_word' id='word_1_472' title='bbox 1764 1251 1820 1284; x_wconf 83' lang='lat' dir='ltr'>fiat</span> <span class='ocrx_word' id='word_1_473' title='bbox 1842 1251 2001 1294; x_wconf 87' lang='lat' dir='ltr'>sanguis,</span> <span class='ocrx_word' id='word_1_474' title='bbox 2028 1258 2144 1284; x_wconf 89' lang='lat' dir='ltr'>tamen</span> <span class='ocrx_word' id='word_1_475' title='bbox 2171 1262 2264 1283; x_wconf 89' lang='lat' dir='ltr'>non-</span> 
     </span>
     <span class='ocr_line' id='line_1_73' title="bbox 1287 1299 2262 1345; baseline -0.002 -11"><span class='ocrx_word' id='word_1_476' title='bbox 1287 1304 1370 1335; x_wconf 90' lang='lat' dir='ltr'>dum</span> <span class='ocrx_word' id='word_1_477' title='bbox 1389 1302 1538 1345; x_wconf 82' lang='lat' dir='ltr'>perfecta</span> <span class='ocrx_word' id='word_1_478' title='bbox 1556 1308 1614 1336; x_wconf 86' lang='lat' dir='ltr'>est.</span> <span class='ocrx_word' id='word_1_479' title='bbox 1668 1299 1718 1334; x_wconf 87' lang='lat' dir='ltr'>Ea</span> <span class='ocrx_word' id='word_1_480' title='bbox 1738 1301 1845 1342; x_wconf 80' lang='lat' dir='ltr'>igitur</span> <span class='ocrx_word' id='word_1_481' title='bbox 1862 1313 1941 1343; x_wconf 89' lang='lat' dir='ltr'>pars</span> <span class='ocrx_word' id='word_1_482' title='bbox 1957 1299 2071 1333; x_wconf 89' lang='lat' dir='ltr'>adhuc</span> <span class='ocrx_word' id='word_1_483' title='bbox 2086 1301 2176 1340; x_wconf 90' lang='lat' dir='ltr'>alba,</span> <span class='ocrx_word' id='word_1_484' title='bbox 2204 1300 2262 1333; x_wconf 84' lang='lat' dir='ltr'>in-</span> 
     </span>
     <span class='ocr_line' id='line_1_74' title="bbox 1287 1349 2263 1395; baseline -0.001 -11"><span class='ocrx_word' id='word_1_485' title='bbox 1287 1353 1421 1395; x_wconf 87' lang='lat' dir='ltr'>sipida,</span> <span class='ocrx_word' id='word_1_486' title='bbox 1448 1359 1481 1385; x_wconf 88' lang='lat' dir='ltr'>et</span> <span class='ocrx_word' id='word_1_487' title='bbox 1498 1351 1632 1383; x_wconf 86' lang='lat' dir='ltr'>remissi</span> <span class='ocrx_word' id='word_1_488' title='bbox 1648 1349 1772 1382; x_wconf 80' lang='lat' dir='ltr'>caloris</span> <span class='ocrx_word' id='word_1_489' title='bbox 1790 1357 1850 1384; x_wconf 88' lang='lat' dir='ltr'>est.</span> <span class='ocrx_word' id='word_1_490' title='bbox 1906 1349 1945 1383; x_wconf 92' lang='lat' dir='ltr'>Id</span> <span class='ocrx_word' id='word_1_491' title='bbox 1968 1351 2174 1383; x_wconf 88' lang='lat' dir='ltr'>nominatur</span> <span class='ocrx_word' id='word_1_492' title='bbox 2200 1351 2263 1383; x_wconf 89' lang='lat' dir='ltr'>ad-</span> 
     </span>
     <span class='ocr_line' id='line_1_75' title="bbox 1288 1397 2264 1445; baseline -0.001 -11"><span class='ocrx_word' id='word_1_493' title='bbox 1288 1400 1479 1444; x_wconf 84' lang='lat' dir='ltr'>pellatione</span> <span class='ocrx_word' id='word_1_494' title='bbox 1502 1400 1625 1433; x_wconf 85' lang='lat' dir='ltr'>usitata</span> <span class='ocrx_word' id='word_1_495' title='bbox 1647 1397 1832 1442; x_wconf 84' lang='lat' dir='ltr'>Phlegma,</span> <span class='ocrx_word' id='word_1_496' title='bbox 1859 1401 1902 1433; x_wconf 89' lang='lat' dir='ltr'>de</span> <span class='ocrx_word' id='word_1_497' title='bbox 1931 1412 1999 1445; x_wconf 91' lang='lat' dir='ltr'>qua</span> <span class='ocrx_word' id='word_1_498' title='bbox 2028 1400 2264 1444; x_wconf 87' lang='lat' dir='ltr'>adpellatione</span> 
     </span>
     <span class='ocr_line' id='line_1_76' title="bbox 1288 1448 2265 1495; baseline 0 -12"><span class='ocrx_word' id='word_1_499' title='bbox 1288 1457 1405 1495; x_wconf 88' lang='lat' dir='ltr'>postea</span> <span class='ocrx_word' id='word_1_500' title='bbox 1423 1451 1547 1484; x_wconf 82' lang='lat' dir='ltr'>dicam.</span> <span class='ocrx_word' id='word_1_501' title='bbox 1600 1448 1752 1494; x_wconf 84' lang='lat' dir='ltr'>Reliqua</span> <span class='ocrx_word' id='word_1_502' title='bbox 1778 1457 1827 1483; x_wconf 90' lang='lat' dir='ltr'>est</span> <span class='ocrx_word' id='word_1_503' title='bbox 1844 1462 1923 1494; x_wconf 91' lang='lat' dir='ltr'>pars</span> <span class='ocrx_word' id='word_1_504' title='bbox 1947 1452 2068 1490; x_wconf 77' lang='lat' dir='ltr'>ae&#39;rea,</span> <span class='ocrx_word' id='word_1_505' title='bbox 2094 1450 2206 1483; x_wconf 89' lang='lat' dir='ltr'>calida</span> <span class='ocrx_word' id='word_1_506' title='bbox 2231 1457 2265 1483; x_wconf 87' lang='lat' dir='ltr'>et</span> 
     </span>
     <span class='ocr_line' id='line_1_77' title="bbox 1289 1500 2265 1543; baseline -0.002 -9"><span class='ocrx_word' id='word_1_507' title='bbox 1289 1500 1453 1540; x_wconf 87' lang='lat' dir='ltr'>humida,</span> <span class='ocrx_word' id='word_1_508' title='bbox 1480 1501 1539 1533; x_wconf 90' lang='lat' dir='ltr'>sed</span> <span class='ocrx_word' id='word_1_509' title='bbox 1566 1507 1778 1542; x_wconf 85' lang='lat' dir='ltr'>temperata,</span> <span class='ocrx_word' id='word_1_510' title='bbox 1805 1500 1936 1540; x_wconf 88' lang='lat' dir='ltr'>dulcis,</span> <span class='ocrx_word' id='word_1_511' title='bbox 1962 1500 2122 1543; x_wconf 84' lang='lat' dir='ltr'>pinguis,</span> <span class='ocrx_word' id='word_1_512' title='bbox 2148 1500 2265 1534; x_wconf 78' lang='lat' dir='ltr'>suavi-</span> 
     </span>
     <span class='ocr_line' id='line_1_78' title="bbox 1289 1549 2266 1594; baseline 0 -9"><span class='ocrx_word' id='word_1_513' title='bbox 1289 1559 1342 1585; x_wconf 90' lang='lat' dir='ltr'>ter</span> <span class='ocrx_word' id='word_1_514' title='bbox 1359 1551 1530 1584; x_wconf 86' lang='lat' dir='ltr'>nutriens.</span> <span class='ocrx_word' id='word_1_515' title='bbox 1559 1549 1610 1584; x_wconf 83' lang='lat' dir='ltr'>Ea</span> <span class='ocrx_word' id='word_1_516' title='bbox 1628 1562 1706 1593; x_wconf 87' lang='lat' dir='ltr'>pars</span> <span class='ocrx_word' id='word_1_517' title='bbox 1726 1551 1867 1594; x_wconf 90' lang='lat' dir='ltr'>proprie</span> <span class='ocrx_word' id='word_1_518' title='bbox 1886 1550 2089 1584; x_wconf 89' lang='lat' dir='ltr'>nominatur</span> <span class='ocrx_word' id='word_1_519' title='bbox 2103 1550 2266 1594; x_wconf 78' lang='lat' dir='ltr'>Sanguis,</span> 
     </span>
    </p>
   </div>
   <div class='ocr_carea' id='block_1_20' title="bbox 1289 1621 2267 1918">
    <p class='ocr_par' dir='ltr' id='par_1_21' title="bbox 1289 1621 2267 1918">
     <span class='ocr_line' id='line_1_79' title="bbox 1391 1621 2266 1667; baseline 0 -10"><span class='ocrx_word' id='word_1_520' title='bbox 1391 1624 1485 1658; x_wconf 89' lang='lat' dir='ltr'>Haec</span> <span class='ocrx_word' id='word_1_521' title='bbox 1519 1624 1720 1657; x_wconf 86' lang='lat' dir='ltr'>discrimina</span> <span class='ocrx_word' id='word_1_522' title='bbox 1751 1621 1941 1658; x_wconf 86' lang='lat' dir='ltr'>humorum</span> <span class='ocrx_word' id='word_1_523' title='bbox 1969 1625 2128 1658; x_wconf 90' lang='lat' dir='ltr'>Galenus</span> <span class='ocrx_word' id='word_1_524' title='bbox 2152 1626 2266 1667; x_wconf 85' lang='lat' dir='ltr'>pingit</span> 
     </span>
     <span class='ocr_line' id='line_1_80' title="bbox 1289 1674 2265 1708; baseline -0.001 0"><span class='ocrx_word' id='word_1_525' title='bbox 1289 1683 1433 1708; x_wconf 84' lang='lat' dir='ltr'>venusta</span> <span class='ocrx_word' id='word_1_526' title='bbox 1449 1675 1693 1708; x_wconf 80' lang='lat' dir='ltr'>similitudine.</span> <span class='ocrx_word' id='word_1_527' title='bbox 1747 1674 1794 1707; x_wconf 91' lang='lat' dir='ltr'>Ut</span> <span class='ocrx_word' id='word_1_528' title='bbox 1817 1675 1976 1707; x_wconf 90' lang='lat' dir='ltr'>videmus</span> <span class='ocrx_word' id='word_1_529' title='bbox 2006 1675 2042 1707; x_wconf 89' lang='lat' dir='ltr'>in</span> <span class='ocrx_word' id='word_1_530' title='bbox 2067 1675 2191 1708; x_wconf 89' lang='lat' dir='ltr'>mustis</span> <span class='ocrx_word' id='word_1_531' title='bbox 2212 1676 2265 1707; x_wconf 84' lang='lat' dir='ltr'>ef-</span> 
     </span>
     <span class='ocr_line' id='line_1_81' title="bbox 1289 1724 2265 1769; baseline 0 -11"><span class='ocrx_word' id='word_1_532' title='bbox 1289 1725 1563 1758; x_wconf 81' lang='lat' dir='ltr'>fervescentibus</span> <span class='ocrx_word' id='word_1_533' title='bbox 1579 1725 1727 1757; x_wconf 89' lang='lat' dir='ltr'>ebullire</span> <span class='ocrx_word' id='word_1_534' title='bbox 1746 1724 1792 1763; x_wconf 86' lang='lat' dir='ltr'>id,</span> <span class='ocrx_word' id='word_1_535' title='bbox 1820 1726 1913 1769; x_wconf 90' lang='lat' dir='ltr'>quod</span> <span class='ocrx_word' id='word_1_536' title='bbox 1932 1725 2071 1758; x_wconf 82' lang='lat' dir='ltr'>tenuius</span> <span class='ocrx_word' id='word_1_537' title='bbox 2088 1731 2149 1765; x_wconf 86' lang='lat' dir='ltr'>est,</span> <span class='ocrx_word' id='word_1_538' title='bbox 2170 1727 2265 1769; x_wconf 88' lang='lat' dir='ltr'>quod</span> 
     </span>
     <span class='ocr_line' id='line_1_82' title="bbox 1290 1774 2267 1820; baseline 0 -12"><span class='ocrx_word' id='word_1_539' title='bbox 1290 1776 1362 1819; x_wconf 87' lang='lat' dir='ltr'>ipse</span> <span class='ocrx_word' id='word_1_540' title='bbox 1379 1775 1539 1808; x_wconf 83' lang='lat' dir='ltr'>nominat</span> <span class='ocrx_word' id='word_1_541' title='bbox 1557 1774 1683 1813; x_wconf 75' lang='grc' dir='ltr'><em>ἄνθος,</em></span> <span class='ocrx_word' id='word_1_542' title='bbox 1702 1775 1828 1807; x_wconf 87' lang='lat' dir='ltr'>deinde</span> <span class='ocrx_word' id='word_1_543' title='bbox 1846 1775 2013 1819; x_wconf 89' lang='lat' dir='ltr'>quiddam</span> <span class='ocrx_word' id='word_1_544' title='bbox 2029 1775 2141 1807; x_wconf 86' lang='lat' dir='ltr'>inesse</span> <span class='ocrx_word' id='word_1_545' title='bbox 2157 1786 2267 1820; x_wconf 83' lang='lat' dir='ltr'>aquo-</span> 
     </span>
     <span class='ocr_line' id='line_1_83' title="bbox 1291 1824 2264 1865; baseline 0 -7"><span class='ocrx_word' id='word_1_546' title='bbox 1291 1837 1385 1865; x_wconf 90' lang='lat' dir='ltr'>sum,</span> <span class='ocrx_word' id='word_1_547' title='bbox 1419 1825 1599 1857; x_wconf 85' lang='lat' dir='ltr'>subsidere</span> <span class='ocrx_word' id='word_1_548' title='bbox 1631 1825 1736 1857; x_wconf 80' lang='lat' dir='ltr'>etiam</span> <span class='ocrx_word' id='word_1_549' title='bbox 1759 1825 1859 1857; x_wconf 81' lang='lat' dir='ltr'>seces.</span> <span class='ocrx_word' id='word_1_550' title='bbox 1922 1824 1971 1857; x_wconf 88' lang='lat' dir='ltr'>lta</span> <span class='ocrx_word' id='word_1_551' title='bbox 1994 1831 2076 1858; x_wconf 89' lang='lat' dir='ltr'>sunt</span> <span class='ocrx_word' id='word_1_552' title='bbox 2100 1825 2137 1857; x_wconf 92' lang='lat' dir='ltr'>in</span> <span class='ocrx_word' id='word_1_553' title='bbox 2154 1836 2264 1858; x_wconf 85' lang='lat' dir='ltr'>massa</span> 
     </span>
     <span class='ocr_line' id='line_1_84' title="bbox 1290 1872 2090 1918; baseline -0.003 -10"><span class='ocrx_word' id='word_1_554' title='bbox 1290 1875 1480 1918; x_wconf 80' lang='lat' dir='ltr'>sanguinea</span> <span class='ocrx_word' id='word_1_555' title='bbox 1500 1875 1645 1909; x_wconf 86' lang='lat' dir='ltr'>totidem</span> <span class='ocrx_word' id='word_1_556' title='bbox 1664 1872 1854 1907; x_wconf 89' lang='lat' dir='ltr'>humorum</span> <span class='ocrx_word' id='word_1_557' title='bbox 1876 1874 2090 1910; x_wconf 90' lang='lat' dir='ltr'>discrimina.</span> 
     </span>
    </p>
   </div>
   <div class='ocr_carea' id='block_1_21' title="bbox 1291 1948 2269 2595">
    <p class='ocr_par' dir='ltr' id='par_1_22' title="bbox 1291 1948 2269 2595">
     <span class='ocr_line' id='line_1_85' title="bbox 1395 1948 2267 1984; baseline 0.001 -2"><span class='ocrx_word' id='word_1_558' title='bbox 1395 1948 1496 1982; x_wconf 86' lang='lat' dir='ltr'>Plato</span> <span class='ocrx_word' id='word_1_559' title='bbox 1514 1949 1602 1982; x_wconf 87' lang='lat' dir='ltr'>dixit</span> <span class='ocrx_word' id='word_1_560' title='bbox 1619 1949 1725 1981; x_wconf 88' lang='lat' dir='ltr'>bilem</span> <span class='ocrx_word' id='word_1_561' title='bbox 1745 1949 1869 1981; x_wconf 86' lang='lat' dir='ltr'>flavam</span> <span class='ocrx_word' id='word_1_562' title='bbox 1889 1955 1922 1981; x_wconf 87' lang='lat' dir='ltr'>et</span> <span class='ocrx_word' id='word_1_563' title='bbox 1939 1955 2047 1981; x_wconf 87' lang='lat' dir='ltr'>atram</span> <span class='ocrx_word' id='word_1_564' title='bbox 2065 1950 2206 1982; x_wconf 88' lang='lat' dir='ltr'>accendi</span> <span class='ocrx_word' id='word_1_565' title='bbox 2228 1957 2267 1984; x_wconf 83' lang='lat' dir='ltr'>ut</span> 
     </span>
     <span class='ocr_line' id='line_1_86' title="bbox 1291 1999 2267 2041; baseline -0.001 -8"><span class='ocrx_word' id='word_1_566' title='bbox 1291 1999 1383 2033; x_wconf 87' lang='lat' dir='ltr'>vicia</span> <span class='ocrx_word' id='word_1_567' title='bbox 1399 2000 1435 2032; x_wconf 91' lang='lat' dir='ltr'>in</span> <span class='ocrx_word' id='word_1_568' title='bbox 1451 2000 1632 2041; x_wconf 83' lang='lat' dir='ltr'>sanguine,</span> <span class='ocrx_word' id='word_1_569' title='bbox 1660 2011 1723 2031; x_wconf 92' lang='lat' dir='ltr'>nec</span> <span class='ocrx_word' id='word_1_570' title='bbox 1739 2005 1859 2032; x_wconf 80' lang='lat' dir='ltr'>narrat</span> <span class='ocrx_word' id='word_1_571' title='bbox 1873 1999 2035 2032; x_wconf 88' lang='lat' dir='ltr'>utilitatis</span> <span class='ocrx_word' id='word_1_572' title='bbox 2053 2011 2153 2032; x_wconf 84' lang='lat' dir='ltr'>causa</span> <span class='ocrx_word' id='word_1_573' title='bbox 2171 2001 2267 2033; x_wconf 87' lang='lat' dir='ltr'>nasci</span> 
     </span>
     <span class='ocr_line' id='line_1_87' title="bbox 1294 2047 2267 2093; baseline -0.002 -10"><span class='ocrx_word' id='word_1_574' title='bbox 1294 2057 1438 2084; x_wconf 85' lang='lat' dir='ltr'>naturae</span> <span class='ocrx_word' id='word_1_575' title='bbox 1461 2050 1585 2082; x_wconf 91' lang='lat' dir='ltr'>ordine</span> <span class='ocrx_word' id='word_1_576' title='bbox 1610 2049 1646 2080; x_wconf 93' lang='lat' dir='ltr'>in</span> <span class='ocrx_word' id='word_1_577' title='bbox 1669 2047 1822 2082; x_wconf 81' lang='lat' dir='ltr'>liumano</span> <span class='ocrx_word' id='word_1_578' title='bbox 1851 2061 2007 2093; x_wconf 90' lang='lat' dir='ltr'>corpore.</span> <span class='ocrx_word' id='word_1_579' title='bbox 2061 2048 2129 2082; x_wconf 90' lang='lat' dir='ltr'>Sed</span> <span class='ocrx_word' id='word_1_580' title='bbox 2153 2050 2267 2082; x_wconf 80' lang='lat' dir='ltr'>scien..</span> 
     </span>
     <span class='ocr_line' id='line_1_88' title="bbox 1292 2097 2264 2143; baseline -0.001 -10"><span class='ocrx_word' id='word_1_581' title='bbox 1292 2102 1375 2133; x_wconf 90' lang='lat' dir='ltr'>dum</span> <span class='ocrx_word' id='word_1_582' title='bbox 1394 2107 1461 2137; x_wconf 89' lang='lat' dir='ltr'>est,</span> <span class='ocrx_word' id='word_1_583' title='bbox 1490 2097 1552 2132; x_wconf 83' lang='lat' dir='ltr'>bas</span> <span class='ocrx_word' id='word_1_584' title='bbox 1571 2099 1662 2143; x_wconf 86' lang='lat' dir='ltr'>ipsas</span> <span class='ocrx_word' id='word_1_585' title='bbox 1679 2099 1810 2142; x_wconf 88' lang='lat' dir='ltr'>species</span> <span class='ocrx_word' id='word_1_586' title='bbox 1827 2099 1862 2131; x_wconf 92' lang='lat' dir='ltr'>in</span> <span class='ocrx_word' id='word_1_587' title='bbox 1885 2110 2031 2142; x_wconf 89' lang='lat' dir='ltr'>corpore</span> <span class='ocrx_word' id='word_1_588' title='bbox 2045 2099 2264 2132; x_wconf 88' lang='lat' dir='ltr'>diversorum</span> 
     </span>
     <span class='ocr_line' id='line_1_89' title="bbox 1292 2147 2267 2194; baseline -0.002 -10"><span class='ocrx_word' id='word_1_589' title='bbox 1292 2151 1477 2184; x_wconf 88' lang='lat' dir='ltr'>modorum</span> <span class='ocrx_word' id='word_1_590' title='bbox 1496 2161 1579 2184; x_wconf 86' lang='lat' dir='ltr'>esse.</span> <span class='ocrx_word' id='word_1_591' title='bbox 1613 2149 1687 2181; x_wconf 88' lang='lat' dir='ltr'>Alii</span> <span class='ocrx_word' id='word_1_592' title='bbox 1706 2147 1870 2182; x_wconf 84' lang='lat' dir='ltr'>humores</span> <span class='ocrx_word' id='word_1_593' title='bbox 1887 2156 1967 2182; x_wconf 90' lang='lat' dir='ltr'>sunt</span> <span class='ocrx_word' id='word_1_594' title='bbox 1992 2149 2177 2187; x_wconf 86' lang='lat' dir='ltr'>naturales,</span> <span class='ocrx_word' id='word_1_595' title='bbox 2205 2150 2267 2194; x_wconf 89' lang='lat' dir='ltr'>qui</span> 
     </span>
     <span class='ocr_line' id='line_1_90' title="bbox 1293 2199 2267 2242; baseline -0.002 -8"><span class='ocrx_word' id='word_1_596' title='bbox 1293 2200 1418 2234; x_wconf 90' lang='lat' dir='ltr'>ordine</span> <span class='ocrx_word' id='word_1_597' title='bbox 1440 2206 1586 2232; x_wconf 85' lang='lat' dir='ltr'>naturae</span> <span class='ocrx_word' id='word_1_598' title='bbox 1613 2206 1646 2233; x_wconf 84' lang='lat' dir='ltr'>et</span> <span class='ocrx_word' id='word_1_599' title='bbox 1662 2210 1865 2242; x_wconf 85' lang='lat' dir='ltr'>magnarum</span> <span class='ocrx_word' id='word_1_600' title='bbox 1890 2199 2080 2232; x_wconf 85' lang='lat' dir='ltr'>utilitatum</span> <span class='ocrx_word' id='word_1_601' title='bbox 2106 2211 2205 2232; x_wconf 90' lang='lat' dir='ltr'>causa</span> <span class='ocrx_word' id='word_1_602' title='bbox 2229 2200 2267 2232; x_wconf 88' lang='lat' dir='ltr'>in</span> 
     </span>
     <span class='ocr_line' id='line_1_91' title="bbox 1293 2246 2269 2294; baseline -0.001 -10"><span class='ocrx_word' id='word_1_603' title='bbox 1293 2262 1436 2294; x_wconf 90' lang='lat' dir='ltr'>corpore</span> <span class='ocrx_word' id='word_1_604' title='bbox 1454 2247 1608 2284; x_wconf 90' lang='lat' dir='ltr'>humano</span> <span class='ocrx_word' id='word_1_605' title='bbox 1626 2257 1828 2284; x_wconf 86' lang='lat' dir='ltr'>nascuntur.</span> <span class='ocrx_word' id='word_1_606' title='bbox 1880 2246 1954 2281; x_wconf 82' lang='lat' dir='ltr'>Alii</span> <span class='ocrx_word' id='word_1_607' title='bbox 1970 2255 2050 2282; x_wconf 88' lang='lat' dir='ltr'>sunt</span> <span class='ocrx_word' id='word_1_608' title='bbox 2066 2255 2269 2293; x_wconf 79' lang='lat' dir='ltr'>praeterna-</span> 
     </span>
     <span class='ocr_line' id='line_1_92' title="bbox 1293 2298 2267 2344; baseline -0.001 -10"><span class='ocrx_word' id='word_1_609' title='bbox 1293 2301 1422 2334; x_wconf 87' lang='lat' dir='ltr'>turales</span> <span class='ocrx_word' id='word_1_610' title='bbox 1442 2312 1480 2333; x_wconf 85' lang='lat' dir='ltr'>ac</span> <span class='ocrx_word' id='word_1_611' title='bbox 1497 2300 1636 2339; x_wconf 83' lang='lat' dir='ltr'>viciosi,</span> <span class='ocrx_word' id='word_1_612' title='bbox 1664 2300 1724 2343; x_wconf 87' lang='lat' dir='ltr'>qui</span> <span class='ocrx_word' id='word_1_613' title='bbox 1748 2300 1783 2331; x_wconf 93' lang='lat' dir='ltr'>in</span> <span class='ocrx_word' id='word_1_614' title='bbox 1813 2310 1851 2331; x_wconf 84' lang='lat' dir='ltr'>ea</span> <span class='ocrx_word' id='word_1_615' title='bbox 1875 2298 1962 2331; x_wconf 86' lang='lat' dir='ltr'>crasi</span> <span class='ocrx_word' id='word_1_616' title='bbox 1988 2299 2154 2340; x_wconf 86' lang='lat' dir='ltr'>existunt,</span> <span class='ocrx_word' id='word_1_617' title='bbox 2180 2311 2267 2344; x_wconf 83' lang='lat' dir='ltr'>quae</span> 
     </span>
     <span class='ocr_line' id='line_1_93' title="bbox 1293 2349 2268 2394; baseline 0 -11"><span class='ocrx_word' id='word_1_618' title='bbox 1293 2351 1444 2383; x_wconf 88' lang='lat' dir='ltr'>multum</span> <span class='ocrx_word' id='word_1_619' title='bbox 1467 2350 1510 2383; x_wconf 88' lang='lat' dir='ltr'>ab</span> <span class='ocrx_word' id='word_1_620' title='bbox 1526 2350 1733 2394; x_wconf 82' lang='lat' dir='ltr'>aequalitate</span> <span class='ocrx_word' id='word_1_621' title='bbox 1758 2349 1907 2388; x_wconf 90' lang='lat' dir='ltr'>recedit,</span> <span class='ocrx_word' id='word_1_622' title='bbox 1942 2356 2000 2382; x_wconf 87' lang='lat' dir='ltr'>aut</span> <span class='ocrx_word' id='word_1_623' title='bbox 2023 2355 2183 2392; x_wconf 87' lang='lat' dir='ltr'>corrupta</span> <span class='ocrx_word' id='word_1_624' title='bbox 2206 2357 2268 2383; x_wconf 83' lang='lat' dir='ltr'>est.</span> 
     </span>
     <span class='ocr_line' id='line_1_94' title="bbox 1293 2397 2268 2443; baseline -0.001 -10"><span class='ocrx_word' id='word_1_625' title='bbox 1293 2400 1346 2434; x_wconf 89' lang='lat' dir='ltr'>De</span> <span class='ocrx_word' id='word_1_626' title='bbox 1364 2398 1418 2433; x_wconf 90' lang='lat' dir='ltr'>his</span> <span class='ocrx_word' id='word_1_627' title='bbox 1433 2400 1569 2433; x_wconf 81' lang='lat' dir='ltr'>viciosis</span> <span class='ocrx_word' id='word_1_628' title='bbox 1593 2397 1800 2432; x_wconf 85' lang='lat' dir='ltr'>humoribus</span> <span class='ocrx_word' id='word_1_629' title='bbox 1824 2405 1959 2431; x_wconf 85' lang='lat' dir='ltr'>tantum</span> <span class='ocrx_word' id='word_1_630' title='bbox 1983 2399 2140 2443; x_wconf 88' lang='lat' dir='ltr'>loquitur</span> <span class='ocrx_word' id='word_1_631' title='bbox 2154 2397 2268 2439; x_wconf 75' lang='lat' dir='ltr'>Plato,</span> 
     </span>
     <span class='ocr_line' id='line_1_95' title="bbox 1294 2447 2268 2493; baseline -0.003 -9"><span class='ocrx_word' id='word_1_632' title='bbox 1294 2451 1393 2484; x_wconf 91' lang='lat' dir='ltr'>cuius</span> <span class='ocrx_word' id='word_1_633' title='bbox 1409 2450 1616 2493; x_wconf 74' lang='lat' dir='ltr'>vituperatio</span> <span class='ocrx_word' id='word_1_634' title='bbox 1641 2460 1699 2481; x_wconf 90' lang='lat' dir='ltr'>seu</span> <span class='ocrx_word' id='word_1_635' title='bbox 1723 2449 1863 2493; x_wconf 88' lang='lat' dir='ltr'>querela</span> <span class='ocrx_word' id='word_1_636' title='bbox 1888 2460 1958 2481; x_wconf 92' lang='lat' dir='ltr'>non</span> <span class='ocrx_word' id='word_1_637' title='bbox 1983 2448 2069 2481; x_wconf 90' lang='lat' dir='ltr'>levis</span> <span class='ocrx_word' id='word_1_638' title='bbox 2094 2455 2154 2484; x_wconf 87' lang='lat' dir='ltr'>est.</span> <span class='ocrx_word' id='word_1_639' title='bbox 2208 2447 2268 2483; x_wconf 81' lang='lat' dir='ltr'>Ait</span> 
     </span>
     <span class='ocr_line' id='line_1_96' title="bbox 1295 2498 2267 2542; baseline -0.003 -7"><span class='ocrx_word' id='word_1_640' title='bbox 1295 2514 1367 2535; x_wconf 91' lang='lat' dir='ltr'>non</span> <span class='ocrx_word' id='word_1_641' title='bbox 1383 2501 1510 2534; x_wconf 89' lang='lat' dir='ltr'>nutriri</span> <span class='ocrx_word' id='word_1_642' title='bbox 1528 2500 1571 2532; x_wconf 90' lang='lat' dir='ltr'>ab</span> <span class='ocrx_word' id='word_1_643' title='bbox 1588 2499 1636 2531; x_wconf 74' lang='lat' dir='ltr'>eis</span> <span class='ocrx_word' id='word_1_644' title='bbox 1655 2510 1818 2542; x_wconf 81' lang='lat' dir='ltr'>corpora,</span> <span class='ocrx_word' id='word_1_645' title='bbox 1845 2505 1877 2531; x_wconf 89' lang='lat' dir='ltr'>et</span> <span class='ocrx_word' id='word_1_646' title='bbox 1902 2498 2062 2531; x_wconf 89' lang='lat' dir='ltr'>inimicos</span> <span class='ocrx_word' id='word_1_647' title='bbox 2086 2509 2157 2532; x_wconf 84' lang='lat' dir='ltr'>esse</span> <span class='ocrx_word' id='word_1_648' title='bbox 2179 2505 2267 2532; x_wconf 89' lang='lat' dir='ltr'>tem-</span> 
     </span>
     <span class='ocr_line' id='line_1_97' title="bbox 1295 2544 2269 2595; baseline -0.002 -11"><span class='ocrx_word' id='word_1_649' title='bbox 1295 2557 1516 2595; x_wconf 87' lang='lat' dir='ltr'>peramento,</span> <span class='ocrx_word' id='word_1_650' title='bbox 1543 2546 1722 2591; x_wconf 67' lang='grc' dir='ltr'>οὐδεμίαν</span> <span class='ocrx_word' id='word_1_651' title='bbox 1746 2546 1889 2593; x_wconf 75' lang='grc' dir='ltr'>τροφὴν</span> <span class='ocrx_word' id='word_1_652' title='bbox 1913 2549 1965 2592; x_wconf 72' lang='grc' dir='ltr'>τῷ</span> <span class='ocrx_word' id='word_1_653' title='bbox 1991 2544 2133 2592; x_wconf 77' lang='grc' dir='ltr'><em>σώματι</em></span> <span class='ocrx_word' id='word_1_654' title='bbox 2156 2548 2269 2593; x_wconf 51' lang='grc' dir='ltr'><em>παρέ,</em></span> 
     </span>
    </p>
   </div>
   <div class='ocr_carea' id='block_1_22' title="bbox 1267 2597 2268 2645">
    <p class='ocr_par' dir='ltr' id='par_1_23' title="bbox 1267 2597 2268 2645">
     <span class='ocr_line' id='line_1_98' title="bbox 1267 2597 2268 2645; baseline -0.001 -11"><span class='ocrx_word' id='word_1_655' title='bbox 1267 2620 1269 2627; x_wconf 79' lang='lat'>=</span> <span class='ocrx_word' id='word_1_656' title='bbox 1293 2613 1384 2645; x_wconf 69' lang='grc' dir='ltr'><em>χειν.</em></span> <span class='ocrx_word' id='word_1_657' title='bbox 1424 2599 1649 2633; x_wconf 88' lang='lat' dir='ltr'>Admonendi</span> <span class='ocrx_word' id='word_1_658' title='bbox 1667 2606 1747 2632; x_wconf 88' lang='lat' dir='ltr'>sunt</span> <span class='ocrx_word' id='word_1_659' title='bbox 1764 2599 1869 2642; x_wconf 85' lang='lat' dir='ltr'>igitur</span> <span class='ocrx_word' id='word_1_660' title='bbox 1886 2597 2060 2639; x_wconf 80' lang='lat' dir='ltr'>iuniores,</span> <span class='ocrx_word' id='word_1_661' title='bbox 2084 2605 2122 2632; x_wconf 91' lang='lat' dir='ltr'>ut</span> <span class='ocrx_word' id='word_1_662' title='bbox 2137 2599 2268 2633; x_wconf 78' lang='lat' dir='ltr'>discer-</span> 
     </span>
    </p>
   </div>
   <div class='ocr_carea' id='block_1_23' title="bbox 1297 2647 1959 2683">
    <p class='ocr_par' dir='ltr' id='par_1_24' title="bbox 1297 2647 1959 2683">
     <span class='ocr_line' id='line_1_99' title="bbox 1297 2647 1959 2683; baseline -0.005 -1"><span class='ocrx_word' id='word_1_663' title='bbox 1297 2657 1379 2683; x_wconf 78' lang='lat' dir='ltr'>nant</span> <span class='ocrx_word' id='word_1_664' title='bbox 1399 2647 1564 2683; x_wconf 85' lang='lat' dir='ltr'>humores</span> <span class='ocrx_word' id='word_1_665' title='bbox 1587 2649 1762 2683; x_wconf 81' lang='lat' dir='ltr'>naturales</span> <span class='ocrx_word' id='word_1_666' title='bbox 1777 2661 1796 2682; x_wconf 90' lang='lat' dir='ltr'>a</span> <span class='ocrx_word' id='word_1_667' title='bbox 1812 2647 1959 2683; x_wconf 83' lang='lat' dir='ltr'>viciosis.</span> 
     </span>
    </p>
   </div>
  </div>
 </body>
</html>
