2379 2948
177 98 251 135 395

324 177 506 222 Quomodo
534 174 626 222 fiunt
656 167 1021 206 transmutationes?

265 253 439 290 Omnium
458 251 713 283 elementorum
727 244 972 279 transmutatio
991 244 1082 277 inter
1098 253 1170 275 sese
1194 251 1196 262 ·

184 307 258 341 fieri
278 311 386 350 potest
400 330 408 342 ,
437 303 484 334 ita
505 306 543 332 ut
559 297 743 342 quodlibet
767 296 978 329 elementum
995 306 1035 327 ex
1054 292 1172 338 quoli—

185 360 246 392 bet
262 355 337 389 fieri
354 351 479 397 possit,
505 349 563 381 sed
580 347 720 381 facilior
732 345 980 380 transmutatio
998 351 1045 378 est
1062 344 1099 376 in
1118 343 1173 382 iis,

190 418 277 453 quae
302 403 432 437 habent
457 399 608 432 similem
634 397 856 443 qualitatem,
891 408 996 441 quam
1020 395 1059 427 in
1081 393 1172 433 aliis,

191 468 279 502 quae
295 453 392 487 nulla
407 450 574 496 qualitate
590 447 826 488 conveniunt,
851 453 889 480 ut
910 458 949 479 ex
966 457 1055 489 aqua
1072 444 1175 477 citius

191 509 229 540 fit
246 513 320 544 aer,
347 514 451 548 quam
471 499 581 544 ignis,
608 498 826 532 conveniunt
843 496 937 530 enim
960 497 1020 529 ae'r
1037 501 1070 528 et
1087 504 1176 538 aqua

192 554 413 590 humiditate.
467 550 539 585 Ubi
563 562 645 583 vero
669 550 793 582 ambae
817 547 1000 592 qualitates
1025 545 1117 577 inter
1141 555 1177 576 se

194 611 371 651 puguant,
405 601 540 636 tardior
565 607 615 634 est
639 598 898 633 transmutatio.
954 595 1037 628 Ideo
1061 594 1178 639 inquit

196 655 418 691 Aristoteles:
448 651 602 686 Facilius
624 657 673 684 est
694 661 805 683 unum
821 645 1048 682 transmutari
1073 655 1178 689 quam

197 707 319 740 multa.

301 762 450 806 Quaerit
471 760 573 794 etiam
593 757 858 802 proportionem
875 754 1057 789 densitatis
1074 760 1106 787 et
1123 764 1181 786 ra·-

199 815 324 854 sitatis,
351 811 397 845 Et
415 824 454 844 ex
464 822 536 844 uno
556 809 689 853 pugillo
707 815 818 841 terrae
836 807 911 840 fieri
928 806 1044 850 inquit
1061 805 1179 837 decem

200 865 355 910 pugillos
379 873 508 906 aquae,
543 866 683 892 centum
707 858 819 897 aeris,
852 857 950 890 mille
973 855 1074 898 ignis.
1128 851 1180 886 Ex

199 915 264 949 hac
281 912 508 959 proportione
528 909 694 943 nonnulli
711 908 970 951 magnitudines
988 906 1181 939 elemento-

201 977 300 1002 rum,
327 970 360 997 et
384 961 587 995 distantiam
609 971 627 992 a
649 966 742 992 terra
765 959 806 991 ad
829 958 950 991 lunam
976 953 1183 989 raciocinari

202 1014 317 1049 conati
334 1019 432 1053 sunt,
459 1012 506 1045 ita
526 1018 564 1044 ut
582 1021 708 1054 aquam
727 1009 875 1052 decuplo
893 1007 1062 1040 maiorem
1080 1013 1184 1043 terra,

203 1068 318 1100 ae'rem
337 1062 501 1106 centuplo
520 1061 689 1094 maiorem
707 1066 818 1098 terra,
842 1059 958 1101 ignem
983 1055 1184 1098 millecuplo

204 1116 371 1149 maiorem
397 1120 490 1146 terra
513 1122 585 1144 esse
609 1109 824 1151 collegerint.
875 1108 945 1142 Sed
964 1105 1053 1139 hanc
1072 1105 1186 1138 racio-

205 1165 418 1200 cinationem
436 1160 643 1205 geometrica
668 1159 757 1192 ratio
776 1159 914 1191 refutat.

204 1216 299 1249 enim
321 1214 413 1246 libro
438 1212 562 1257 quinto
590 1221 738 1253 magnae
763 1208 1027 1251 compositionis
1059 1206 1189 1249 reperit

206 1265 406 1299 distantiam
431 1270 543 1295 terrae
567 1272 586 1293 a
602 1260 686 1294 luna
712 1260 750 1292 in
768 1258 1009 1304 quadraturis,
1037 1269 1115 1290 cum
1140 1262 1190 1289 est

207 1324 239 1350 et
264 1317 301 1348 in
322 1312 505 1348 eccentrici
529 1318 562 1345 et
585 1311 622 1343 iu
649 1310 796 1355 epicycli
822 1309 984 1353 perigeo,
1009 1318 1081 1340 esse
1109 1318 1191 1351 par-

207 1368 295 1400 tium
319 1365 386 1404 33,
411 1364 482 1396 fere
505 1362 647 1402 talium,
680 1360 839 1405 qualium
864 1367 914 1393 est
935 1358 1193 1392 semidiameter

208 1425 320 1451 terrae
344 1425 427 1448 una.

309 1472 399 1507 Cum
415 1471 523 1515 igitur
546 1469 768 1503 elementaris
790 1468 915 1511 globus
931 1466 1092 1500 credatur
1110 1475 1193 1508 pro-

211 1525 303 1559 xime
326 1522 496 1565 attingere
525 1532 713 1554 concavam
743 1516 927 1562 sphaeram
952 1517 1075 1557 lunae,
1109 1513 1194 1548 haec

210 1573 376 1609 distantia
392 1573 497 1606 lunae
514 1583 533 1604 a
550 1577 641 1604 terra
662 1569 819 1614 proxime
835 1567 1048 1607 accedentis,
1076 1571 1194 1598 osten-

212 1626 285 1665 dit,
312 1630 418 1657 totam
435 1623 645 1655 diametrum
668 1619 765 1664 globi
787 1618 1006 1651 elementaris
1028 1615 1196 1656 universi,

213 1673 395 1709 continere
425 1671 601 1715 sexaginta
631 1681 688 1703 sex
719 1669 804 1703 tales
836 1675 969 1712 partes,
1005 1667 1043 1700 in
1076 1665 1196 1711 quales

214 1728 301 1759 duas
323 1731 434 1757 terrae
461 1722 632 1755 diameter
656 1719 846 1758 dividitur,
880 1719 952 1756 vel,
983 1717 1079 1762 quod
1103 1716 1197 1749 idem

215 1783 282 1816 est,
309 1774 520 1807 diametrum
545 1770 767 1804 elementaris
797 1769 894 1812 globi
917 1768 1098 1802 continere
1121 1766 1197 1799 dia-

215 1833 365 1859 metrum
383 1822 515 1857 terreni
530 1822 627 1865 globi
647 1821 763 1854 tricies
777 1826 842 1854 ter.

318 1881 460 1915 Habent
488 1887 605 1914 autem
627 1879 724 1922 globi
748 1879 841 1912 inter
871 1888 907 1911 se
933 1875 1198 1920 proportionem

218 1933 430 1978 triplicatam
460 1941 602 1964 suarum
629 1929 901 1968 diametrorum,
935 1925 1003 1960 hoc
1027 1933 1096 1965 est,
1130 1938 1199 1957 nu—

218 1984 306 2017 meri
329 1983 580 2015 diametrorum
613 1979 837 2023 multiplicati
866 1978 986 2011 cubice
1009 1977 1201 2009 ostendunt

219 2035 404 2077 globorum
429 2030 705 2075 proportionem.
759 2027 878 2070 Quare
900 2034 993 2060 totus
1014 2027 1139 2069 globus
1160 2037 1200 2058 ex

220 2083 402 2117 elementis
426 2081 617 2120 conflatus,
650 2086 682 2113 et
714 2076 880 2121 sphaerae
906 2078 1010 2111 lunae
1034 2077 1201 2116 inclusus,

220 2136 285 2168 erit
311 2133 434 2167 talium
460 2131 611 2175 partium
639 2129 784 2171 35937,
821 2128 976 2172 qualium
1010 2127 1133 2170 globus
1160 2138 1201 2159 ex

221 2194 310 2219 terra
329 2191 362 2217 et
380 2194 468 2227 aqua
486 2180 719 2225 compositus,
748 2186 798 2212 est
818 2189 900 2211 una.

310 2241 405 2275 Hinc
421 2246 573 2284 apparet,
597 2239 708 2272 multo
728 2249 800 2270 esse
817 2236 987 2269 minorem
1006 2234 1102 2266 illam
1118 2246 1201 2278 pro-

221 2293 416 2337 portionem
433 2291 705 2329 elementorum,
731 2299 818 2332 quae
836 2299 874 2319 ex
891 2285 1092 2319 Aristotelis
1107 2285 1200 2322 dicto

222 2343 415 2385 colligitur,
443 2352 547 2386 quam
571 2346 611 2373 ut
642 2339 731 2372 illud
757 2336 1010 2381 amplissimum
1036 2335 1202 2378 spacium,

223 2394 315 2437 quod
335 2391 535 2424 continetur
551 2391 642 2423 intra
661 2390 765 2422 lunae
780 2385 963 2431 sphaeram
981 2386 1022 2417 ad
1043 2392 1201 2418 centrum

223 2443 346 2475 mundi
367 2453 475 2485 usque
490 2448 602 2474 totum
619 2440 772 2483 impleat.
813 2437 928 2480 Magis
944 2442 1058 2469 autem
1077 2436 1200 2468 adseu-
1226 2457 1228 2466 ;

223 2493 383 2525 tiendum
403 2492 468 2523 erit
491 2490 713 2531 Ptolemaeo,
741 2489 801 2534 qui
826 2488 978 2521 rationes
1002 2486 1113 2519 adfert
1135 2483 1202 2518 liu-

223 2543 277 2576 ius
294 2553 375 2575 suae
393 2541 680 2583 computationis„
707 2551 810 2584 quam
827 2538 979 2571 caeteris.

426 90 634 128 SCRIPTA
664 88 738 122 PIl.
767 83 883 119 MEL.
911 82 978 118 AD
1003 83 1130 119 HtST.
1156 81 1299 122 PROF.
1326 84 1392 120 ΕΤ
1421 81 1610 120 PfflLOS.
1639 81 1957 120 SPECTANTIA.

968 1157 1187 1190 Ptolemaeus
1212 1169 1213 1186 z

2131 83 2205 119 396
2236 98 2260 109 -Ξ

1192 169 1198 247 1
1534 167 1627 210 Quid
1654 172 1711 203 est
1736 168 1898 204 animia?
2210 160 2212 162 r

1326 244 1445 278 Prima
1463 243 1657 277 admonitio
1673 249 1722 276 est
1739 243 1782 276 de
1801 244 1981 277 vocabulo.
2019 243 2100 278 Non
2119 244 2207 277 dici-

1224 301 1283 327 tur
1305 293 1449 341 physica
1468 294 1613 333 mixtio,
1640 306 1719 327 cum
1746 294 1821 326 sine
1838 294 2061 335 alteratione,
2090 294 2208 328 diver-

1225 356 1342 379 sarum
1361 357 1480 379 rerum
1504 351 1618 389 partes
1645 344 1860 387 iunguntur,
1884 350 1923 376 ut
1938 355 2017 376 cum
2035 342 2209 378 hordeum

1225 395 1341 429 tritico
1369 395 1525 431 additur.
1577 393 1749 440 Physicus
1774 394 1867 427 enim
1892 393 2050 438 loquitur
2075 395 2117 427 de
2148 394 2209 428 tali

1227 445 1414 489 mixtione,
1440 446 1478 478 in
1495 457 1563 490 qua
1583 452 1633 478 est
1650 452 1770 479 mutua
1788 445 1959 489 quaedam
1976 444 2077 477 actio.

1317 502 1455 537 Deinde
1473 501 1617 549 physica
1634 503 1756 536 mixtio
1775 503 1903 547 duplex
1921 509 1981 543 est,
2007 502 2115 535 altera
2132 513 2211 535 cum

1228 561 1343 598 partes
1367 554 1525 587 diversae
1553 554 1749 596 iunguntur
1775 560 1878 598 atque
1903 553 2116 590 alterantur,
2150 552 2213 585 ubi

1230 604 1294 638 etsi
1317 604 1487 649 quaedam
1512 611 1562 636 est
1587 603 1677 636 actio
1704 604 1873 647 partium,
1906 610 2010 648 atque
2041 602 2213 640 alteratio,

1230 661 1347 688 tamen
1370 654 1532 686 nondum
1560 653 1599 686 fit
1623 654 1801 696 corruptio
1826 654 1984 697 priorum
2010 653 2216 697 specierum,

1231 717 1296 738 nec
1326 703 1504 747 generatio
1537 715 1649 735 novae
1681 703 1819 745 speciei.
1874 703 1972 737 Talis
2004 711 2054 737 est
2083 702 2217 742 mixtio,

1232 768 1311 789 cum
1329 755 1452 788 vinum
1468 765 1578 798 aquae
1593 753 1789 793 miscemus,
1808 766 1886 787 cum
1903 752 2088 797 pharmaca
2108 750 2215 796 phar—

1232 805 1340 839 macis
1358 805 1549 848 iungimus.
1584 803 1718 836 Parvae
1735 804 1829 836 enim
1847 811 1959 847 partes
1977 804 2134 847 partibus
2152 804 2215 835 ad-

1233 857 1383 896 duntur,
1413 861 1446 888 et
1463 855 1500 888 fit
1523 855 1694 899 quaedam
1718 865 1791 887 non
1811 854 1912 886 fortis
1927 854 2105 894 alteratio,
2138 864 2216 896 pars

1234 907 1328 939 enim
1345 918 1364 939 a
1381 912 1477 949 parte
1500 905 1679 944 adficitur,
1707 916 1769 937 nec
1788 916 1930 948 prorsus
1948 910 2217 937 transmutatur.

1235 956 1359 989 Talem
1377 955 1584 989 mixtionem
1598 955 1723 988 usitate
1740 955 1981 988 confusionem
2002 960 2139 989 vocant.

1335 1013 1417 1047 Alia
1440 1014 1562 1047 mixtio
1585 1020 1636 1046 est
1659 1014 1898 1057 propriissime
1917 1013 2025 1051 dicta,
2053 1024 2141 1057 quae
2163 1023 2219 1045 re-

1237 1076 1318 1097 vera
1346 1071 1396 1098 est
1421 1064 1619 1107 generatio,
1661 1076 1739 1097 cum
1765 1064 1928 1097 videlicet
1953 1064 1999 1096 ita
2025 1063 2223 1106 iunguntur

1238 1122 1370 1158 partes,
1398 1126 1472 1146 non
1487 1114 1601 1147 solum
1616 1122 1655 1147 ut
1671 1115 1728 1147 snt
1747 1114 1917 1153 alteratio,
1945 1114 2004 1146 sed
2021 1113 2122 1147 etiam
2140 1124 2221 1156 par-

1212 1197 1213 1201 ,
1238 1167 1327 1199 tium
1346 1165 1538 1209 corruptio,
1569 1171 1603 1198 et
1620 1176 1732 1197 novae
1749 1165 1874 1208 speciei
1890 1176 1929 1196 ex
1947 1163 2017 1195 iltis
2034 1163 2224 1206 generatio,

1239 1223 1279 1250 ut
1295 1228 1336 1249 ex
1355 1215 1459 1256 vino,
1485 1227 1575 1259 pane
1602 1221 1636 1248 et
1663 1215 1742 1247 aliis
1759 1215 1845 1247 cibis
1868 1220 2052 1257 generatur
2070 1213 2222 1256 sanguis.

1239 1266 1308 1300 Hic
1326 1265 1480 1309 primum
1506 1271 1620 1309 partes
1639 1265 1797 1298 concisae
1821 1265 2036 1307 iunguntur,
2063 1263 2101 1297 fit
2118 1270 2151 1297 et
2168 1263 2221 1296 al—

1241 1316 1365 1350 teratio
1376 1340 1385 1355 ,
1413 1327 1491 1348 curn
1507 1316 1601 1348 calor
1619 1315 1790 1348 naturalis
1806 1326 1860 1347 eas
1880 1320 2110 1353 transmutat,
2136 1319 2170 1347 et
2185 1313 2223 1346 fit

1242 1367 1329 1399 adeo
1346 1363 1533 1398 vehemens
1551 1365 1725 1405 alteratio,
1743 1371 1780 1397 ut
1797 1364 1940 1397 mutatis
1957 1363 2133 1407 prioribus
2150 1364 2224 1396 for-

1241 1417 1308 1449 mis
1342 1415 1410 1448 alia
1445 1415 1574 1458 species
1604 1414 1688 1447 inde
1714 1414 1848 1448 existat.
1908 1413 2004 1447 Haec
2027 1420 2079 1447 est
2101 1414 2225 1447 mixtio

1242 1465 1484 1511 propriissime
1503 1465 1612 1504 dicta,
1641 1476 1729 1509 quae
1746 1471 1779 1498 et
1795 1464 1972 1508 generatio
1987 1471 2048 1497 est.

1345 1524 1535 1558 Sciendum
1552 1530 1602 1557 est
1617 1523 1742 1566 igitur,
1768 1535 1842 1556 non
1862 1534 2003 1556 omnem
2019 1522 2226 1555 mixtionem

1244 1575 1504 1619 generationem
1526 1584 1607 1606 esse.
1659 1572 1731 1606 Nec
1748 1574 1925 1616 generatio
1942 1573 2049 1606 unius
2062 1572 2228 1606 elementi

1244 1637 1285 1659 ex
1308 1637 1381 1659 uno
1404 1625 1576 1657 elemento
1603 1630 1653 1657 est
1679 1624 1821 1665 mixtio,
1845 1625 1906 1657 sed
1925 1635 2004 1657 cum
2030 1623 2131 1667 plura
2155 1622 2226 1657 ele-

1244 1683 1362 1709 menta
1389 1676 1508 1708 iuncta
1531 1675 1679 1718 gignunt
1703 1686 1831 1707 novam
1853 1681 1884 1707 et
1901 1674 2044 1707 mixtam
2064 1674 2228 1707 substan-

1246 1726 1342 1760 tiam.
1394 1725 1500 1769 Lapis
1517 1737 1588 1758 non
1604 1724 1760 1768 gignitur
1781 1737 1821 1758 ex
1838 1725 1911 1757 sola
1927 1731 2031 1758 terra.
2081 1721 2171 1757 Nam
2189 1731 2228 1758 ut

1247 1778 1338 1810 infra
1365 1776 1538 1816 dicemus,
1572 1775 1660 1809 sicca
1686 1787 1759 1808 non
1786 1781 1931 1819 possunt
1953 1774 2130 1818 coagulari
2154 1774 2228 1808 sine

1248 1826 1409 1861 humore.
1464 1825 1618 1871 Ideoque
1636 1826 1851 1859 necessarius
1873 1832 1923 1858 est
1945 1823 2074 1858 humor
2090 1825 2126 1856 in
2144 1836 2230 1869 qua-

1248 1879 1335 1911 libet
1358 1877 1592 1919 generatione.
1647 1875 1874 1909 Generantur
1903 1875 2010 1918 igitur
2035 1874 2169 1918 lapides
2190 1887 2231 1908 ex

1249 1928 1440 1971 vaporibus
1457 1933 1490 1959 et
1505 1924 1804 1965 exhalationibus,
1831 1937 1911 1958 cum
1934 1925 2044 1958 mutto
2062 1925 2137 1958 luto
2162 1922 2232 1958 hu·

1249 1978 1345 2011 mido
1364 1983 1397 2010 et
1414 1977 1544 2009 viscoso
1561 1977 1777 2019 iunguntur,
1802 1982 1882 2009 sunt
1899 1981 2015 2008 autem
2039 1972 2231 2008 exhalatio-

1249 2040 1311 2062 nes
1329 2035 1475 2061 naturae
1496 2028 1616 2060 a'e'reae
1639 2033 1671 2060 et
1691 2026 1830 2069 igneae,
1857 2026 1986 2071 quibus
2008 2025 2176 2059 alteratur
2199 2033 2232 2060 et

1250 2078 1454 2122 coagulatur
1480 2077 1653 2110 viscosum
1681 2077 1813 2115 lutum,
1849 2083 1888 2109 ut
1911 2076 1969 2110 fiat
1995 2075 2094 2119 lapis.
2147 2075 2230 2109 Ideo

1251 2129 1491 2163 definitionem
1506 2127 1687 2160 mixtionis
1701 2128 1792 2171 apud
1811 2126 2034 2160 Aristotelem
2057 2126 2231 2171 interpre-

1251 2186 1371 2214 tantur
1385 2180 1426 2211 de
1445 2178 1669 2221 generatione
1686 2190 1725 2210 ex
1742 2177 1868 2212 mixtis.

1353 2286 1451 2329 Quid
1477 2291 1535 2321 est
1561 2289 1694 2321 mixtio
1720 2289 1977 2331 propriissime
2001 2284 2130 2320 dicta?

1225 2367 1229 2450 Ι
1329 2363 1455 2396 Mixtio
1474 2369 1524 2396 est
1543 2363 1769 2396 mixtibilium
1794 2363 2018 2396 alteratorum
2036 2361 2139 2400 unio,
2167 2359 2233 2396 hoc

1252 2421 1320 2454 est,
1349 2426 1427 2445 cum
1447 2421 1591 2446 cunctae
1609 2421 1723 2457 partes
1739 2413 1820 2446 satis
1841 2414 2004 2446 alteratae
2027 2418 2126 2451 sunt,
2153 2424 2233 2445 cor-

1226 2471 1228 2492 ῐ
1253 2471 1353 2508 rupta
1375 2464 1490 2507 priore
1515 2464 1645 2504 forma,
1672 2464 1708 2496 fit
1731 2464 1835 2504 unio,
1863 2461 1927 2495 hoc
1945 2468 1994 2494 est
2011 2462 2232 2496 continuatio

1253 2516 1417 2548 materiae
1434 2514 1470 2546 in
1488 2514 1618 2554 mixtis,
1643 2516 1738 2558 quod
1756 2526 1834 2547 cum
1850 2514 1900 2553 fit,
1926 2524 2016 2544 nova
2033 2512 2146 2545 forma
2162 2514 2233 2546 ori-

1253 2572 1323 2598 tur.
1376 2564 1470 2597 Haec
1502 2565 1643 2608 propria
1670 2571 1752 2597 sunt
1783 2562 2030 2607 generationis.
2082 2561 2170 2596 Nam
2194 2571 2235 2597 ut

1225 2645 1229 2665 ί
1254 2616 1445 2648 substantia
1467 2614 1529 2648 fiat
1551 2626 1639 2655 una,
1668 2615 1802 2658 priores
1827 2614 1955 2646 formas
1979 2613 2156 2656 corrumpi
2173 2625 2235 2646 ne-
